2414 3924
130 209 188 270 196
422 220 454 266 n.
471 218 501 268 c.
518 218 617 268 cunsr
632 218 829 268 unnucuunn

128 376 262 436 balneum
286 393 397 448 rarum,
427 374 481 433 cibi
503 374 572 433 boni
596 375 693 450 succi,
721 375 817 435 vitatis
840 376 971 435 omnibus
993 375 1126 444 acribus:

127 459 180 520 sed
195 460 255 534 jam
278 459 437 535 pleniores.
471 458 543 518 Nam
558 468 587 518 et
601 459 680 535 avis,
704 468 733 518 et
749 461 881 534 venatio,
904 469 933 519 et
947 458 1030 518 suilla
1047 460 1127 520 elixa

127 545 189 604 dari
214 551 322 621 potest.
356 543 459 602 Vinum
481 543 629 619 omnibus,
647 543 712 610 dum
732 543 839 620 febris,
862 543 925 602 dum
940 543 1124 605 inflammatio

127 636 188 702 est,
217 626 341 686 alienum
364 636 423 686 est:
452 628 577 706 itemque
598 644 691 704 usque
713 627 749 686 ad
772 628 954 703 cicatricem,
986 628 1011 685 si
1031 630 1125 704 nervi,

127 710 285 771 musculive
307 710 449 770 vulnerati
464 721 543 779 suut;
569 712 652 770 etiam
668 711 692 769 si
706 711 764 770 alte
780 727 859 770 caro.
898 710 936 769 Αι
952 713 976 769 εἰ
992 711 1081 789 plaga
1096 713 1149 776 ins

52 858 62 863 ,
127 813 235 856 summa
259 803 324 853 cute
343 796 461 871 generis
483 796 596 854 tutioris
613 803 672 870 εει,
694 804 792 871 potest
807 813 865 856 non
884 804 1039 874 pervetus,
1062 813 1123 855 mo·

127 879 192 939 dice
209 888 303 939 tamen
320 878 433 953 datum,
450 879 486 938 ad
501 877 674 956 implendum
690 895 806 956 quoque
822 880 978 956 prolicere.
1010 880 1125 957 Siquid

127 961 309 1024 molliendum
326 972 381 1039 εει,
399 962 477 1039 quod
489 964 517 1021 in
529 964 661 1021 nervosis
673 963 759 1038 locis,
775 963 1007 1040 musculosisque
1019 981 1123 1022 neces·

127 1049 230 1107 sarium
243 1055 298 1123 est,
314 1055 414 1107 cerato
427 1065 543 1125 quoque
557 1046 896 1125 supervoluusutendum
905 1055 957 1107 est.
973 1046 1046 1105 Atsi
1055 1064 1124 1107 caro

128 1132 319 1209 supercrevit,
332 1129 446 1189 modice
456 1132 586 1209 reprimit
598 1130 910 1199 siccumlinamentum;
925 1129 1125 1190 vehementius
1136 1143 1159 1182 ¹⁰

129 1231 244 1292 squama
258 1216 343 1273 aeria.
368 1216 398 1273 si
410 1214 475 1293 plus
488 1224 543 1291 est,
560 1214 637 1292 quod
650 1214 712 1273 tolli
725 1231 800 1292 opus
812 1222 868 1291 εει,
884 1213 1043 1275 adhibenda
1059 1225 1125 1274 sunt

128 1300 280 1357 etiamnum
302 1298 533 1375 vehementiora,
557 1316 631 1376 quae
655 1315 763 1376 corpus
779 1298 911 1358 exedant.
950 1296 1125 1358 Cicatricem

128 1390 196 1461 post
212 1382 306 1440 omnia
322 1382 394 1441 haec
411 1383 561 1442 commode
580 1382 686 1441 inducit
700 1382 806 1456 lycium
825 1401 862 1442 ex
879 1399 968 1460 passo
984 1391 1032 1441 aut
1046 1381 1124 1442 lacte

129 1464 260 1535 dilutum;
283 1466 331 1524 vel
349 1468 432 1525 etiam
446 1484 499 1545 per
515 1485 547 1526 se
562 1468 727 1544 impositum
742 1467 850 1525 siccum
866 1466 1059 1526 linamentum.

191 1548 241 1610 31.
270 1548 324 1609 llic
346 1549 417 1610 ordo
433 1549 528 1610 felicis
545 1550 701 1609 curationis
717 1559 776 1611 est:
800 1550 853 1610 sed
869 1549 1008 1628 quaedam
1025 1561 1157 1609 tamen1⁵

127 1634 291 1712 periculosa
299 1631 428 1692 incidere
441 1639 628 1690 consuerunt.
646 1634 790 1694 Interdum
807 1635 881 1693 enim
895 1643 1025 1694 vetustas
1040 1633 1124 1693 ulcus

130 1729 272 1796 occupat,
302 1718 499 1796 induciturque
527 1721 553 1778 ei
581 1718 688 1795 callus,
718 1727 747 1777 et
773 1720 882 1778 circum
908 1736 979 1778 orae
1004 1735 1122 1777 crassae

128 1803 233 1863 livent·
259 1812 325 1882 post
341 1821 432 1880 quae,
455 1803 590 1881 quidquid
605 1803 878 1862 medicamentorum
893 1803 1050 1879 ingeritur,
1073 1820 1122 1880 pa-

127 1905 189 1946 rum
204 1889 332 1965 prolicit:
351 1886 428 1965 quod
444 1887 506 1946 fere
521 1887 706 1963 negligenter
721 1896 820 1946 curato
836 1887 929 1946 ulceri
944 1887 1121 1963 supervenit.

126 1970 271 2031 Interdum
292 1971 338 2030 vel
363 1989 400 2030 ex
421 1972 505 2031 nimia
526 1971 762 2046 inflammatione,
785 1970 834 2029 vel
855 1971 893 2030 ob
910 1979 1007 2029 aestus
1022 1972 1155 2028 immo-to

128 2055 227 2132 dicos,
252 2054 301 2114 vel
324 2055 361 2114 oh
382 2056 467 2115 nimia
491 2055 616 2130 frigora,
639 2055 686 2113 vel
710 2055 774 2132 quia
797 2055 879 2112 nimis
902 2053 1005 2112 vulnus
1020 2053 1122 2113 adstri-

129 2148 202 2199 ctum
225 2149 286 2216 est,
309 2140 356 2197 vel
379 2141 444 2216 quia
468 2157 574 2216 corpus
598 2147 646 2198 aut
660 2138 770 2213 senile,
795 2147 844 2197 aut
857 2138 922 2197 mali
938 2137 1051 2196 habitus
1067 2146 1122 2211 est,

129 2241 234 2283 cancer
256 2231 390 2300 occupat.
434 2221 466 2281 ld
487 2240 580 2298 genus
603 2240 619 2279 a
644 2221 764 2281 Graecis
790 2221 933 2281 diductum
953 2223 980 2279 in
1004 2222 1123 2300 species

129 2315 187 2372 est;
216 2308 322 2365 nostris
345 2305 495 2364 vocabulis
516 2321 573 2362 noo
595 2314 648 2363 est.
695 2305 791 2364 Omnis
817 2314 910 2364 autem
934 2323 1039 2364 cancer
1066 2322 1123 2364 non

128 2388 220 2449 solum
244 2389 272 2448 id
301 2390 481 2466 corrumpit,
515 2387 592 2466 quod
619 2392 794 2466 occupavit,
826 2390 878 2448 sed
904 2391 989 2449 etiam
1013 2390 1158 2466 serpit22⁵

128 2471 232 2531 deinde
259 2472 322 2531 aliis
345 2471 468 2548 aliisque
490 2473 580 2547 signis
605 2471 787 2533 discernitur.
832 2473 904 2532 Nam
925 2473 1011 2532 modo
1034 2491 1124 2549 super

127 2555 377 2616 inflammationem
396 2556 484 2615 rubor
506 2555 587 2614 ulcus
612 2556 714 2631 ambit,
740 2559 821 2635 isque
845 2575 907 2616 cum
929 2556 1034 2616 dolore
1053 2573 1122 2633 pro-

129 2639 221 2709 cedit;
250 2635 448 2716 ἐρυσίπελας
468 2640 571 2699 Graeci
600 2642 753 2700 nominant.
790 2641 877 2700 Modo
904 2640 985 2699 ulcus
1009 2641 1123 2715 nigrum

129 2732 190 2799 εει,
213 2725 279 2802 quia
301 2741 369 2784 caro
392 2725 454 2799 ejus
478 2732 614 2802 corrupta
635 2733 694 2783 est:
715 2725 801 2802 idque
823 2725 1020 2783 vehementius
1037 2725 1123 2782 etiam

129 2807 324 2887 putrescendo
341 2809 510 2884 intenditur,
526 2809 573 2866 ubi
589 2808 692 2867 vulnus
707 2808 849 2868 humidum
866 2816 925 2885 est,
942 2817 971 2867 et
987 2826 1024 2867 ex
1039 2808 1123 2884 nigro
1134 2821 1159 2862 eo

128 2892 229 2953 ulcere
250 2892 352 2952 humor
374 2892 499 2972 pallidus
517 2892 623 2968 lentur,
646 2891 770 2970 malique
787 2890 886 2952 odoris
901 2901 960 2961 est;
985 2910 1123 2952 caruncu-

128 2978 233 3057 laeque
262 2986 431 3055 corruptae,
458 2975 598 3035 interdum
621 2979 705 3036 etiam
726 2978 807 3034 nervi
828 2995 863 3037 ac
877 2976 1061 3035 membranae
1079 2993 1123 3033 re·

129 3061 294 3130 solvuntur;
324 3060 535 3140 specillumque
560 3059 714 3119 demissum
735 3059 884 3119 descendit
908 3070 956 3120 aut
984 3062 1012 3119 in
1039 3059 1124 3132 latus,

129 3155 176 3206 aut
197 3147 347 3209 deorsum:
373 3162 468 3223 eoque
491 3146 561 3204 vitio
584 3162 793 3221 nonnumquam
810 3162 844 3203 os
861 3162 976 3224 quoque
991 3143 1124 3203 allicitur.

128 3229 215 3290 Modo
229 3233 318 3299 oritur
333 3249 367 3289 ea
384 3247 467 3308 quam
485 3227 588 3288 Graeci
604 3219 813 3306 γάγγραιναν
828 3228 986 3306 appellant.
1019 3227 1160 3288 Prienaee

129 3316 158 3371 in
175 3314 302 3390 qualibet
320 3323 400 3391 parte
419 3313 552 3390 corporis
568 3311 652 3388 liunt,
675 3311 733 3370 hoc
748 3313 776 3370 in
794 3312 1020 3390 prominentibus
1036 3329 1123 3369 mem-

130 3396 205 3473 bris,
230 3397 257 3455 id
279 3407 322 3455 est
343 3399 416 3455 inter
440 3414 568 3472 ungues,
592 3404 620 3453 et
640 3395 716 3471 alas,
740 3395 788 3454 vel
806 3399 936 3472 inguina;
960 3397 1082 3473 fereque
1097 3397 1125 3452 in

131 3480 264 3554 senibus,
283 3480 330 3538 vel
346 3482 373 3538 in
389 3481 422 3539 iis
438 3497 558 3558 quorum
574 3494 680 3557 corpus
697 3479 763 3538 mali
779 3479 892 3540 habitus
911 3489 965 3539 εει.
1004 3477 1081 3539 Caro
1096 3481 1126 3537 in
