2414 3924
427 248 497 294 nm.
514 247 547 294 v,
564 245 639 295 cur.
662 247 758 295 xxvr.
1035 237 1094 298 193

94 416 171 480 tm,
194 401 247 461 sed
269 401 383 480 paulum
408 403 548 477 utrimque
570 404 655 462 etiam
678 420 745 461 oras
771 402 834 476 ejus
856 403 1094 482 comprehendat.

96 491 127 550 Si
148 487 184 547 ab
205 486 296 546 altera
318 494 400 563 parte
423 503 491 544 caro
512 488 605 563 magis
620 487 760 561 recessit,
787 485 823 545 ab
840 504 875 546 ea
889 488 993 547 melius
1008 496 1094 547 attra-

96 575 190 634 hitur:
215 571 238 628 si
253 586 347 646 aeque
365 568 400 627 ab
417 578 553 648 utraque,
578 580 745 629 transversa
762 572 1011 648 comprehendere
1027 589 1094 631 oras

97 656 202 723 dehet;
225 663 272 713 aut
293 653 318 711 si
341 653 370 711 id
391 653 520 712 valueris
544 656 618 714 ratio
640 672 698 713 non
714 655 834 732 patitur,
860 656 954 716 media
973 656 1093 735 primum

72 737 252 817 sinjicienda
267 745 326 805 est;
344 746 373 795 ιιι
389 745 446 795 tam
462 739 490 795 in
505 747 776 817 utramquepartem
789 738 917 799 ducatur.
939 741 987 799 Sic
1000 748 1094 812 autem

97 821 251 900 deliganda
267 829 327 894 est,
355 830 385 879 ut
402 830 431 880 et
448 823 606 897 contineat,
631 840 725 900 neque
744 822 919 898 adstringat:
944 823 1022 902 quod
1036 841 1094 883 non

98 908 277 982 continetur,
302 903 439 973 elabitur;
463 905 541 982 quod
556 907 637 965 nimis
653 905 820 966 adstrictum
838 915 899 980 est,
922 926 1027 968 cancro
1043 925 1094 986 pe·

96 991 247 1052 riclitatur.
291 987 393 1047 Hieme
418 990 535 1068 saepius
560 990 652 1050 lascia
674 990 825 1050 circumire
847 989 949 1051 debet:
984 1001 1094 1051 aestate

99 1076 214 1155 quoties
230 1091 353 1132 necesse
371 1082 424 1131 est.
449 1072 520 1133 'lum
536 1083 665 1133 extrema
681 1093 748 1152 pars
765 1075 828 1149 ejus
844 1075 1027 1135 inferioribus
1040 1093 1094 1134 acu

63 1174 88 1214 ιιι
100 1157 243 1221 assuenda
265 1166 323 1216 est:
353 1175 417 1216 nam
437 1157 529 1216 nodus
554 1159 656 1217 vulnus
675 1157 779 1232 laedit,
807 1159 861 1216 nisi
883 1167 978 1218 tamen
1002 1159 1094 1235 longe

99 1253 154 1303 est.
189 1240 245 1301 lllo
265 1243 406 1300 neminem
428 1241 524 1320 decipi
548 1241 649 1317 decet,
674 1250 704 1300 ut
719 1244 867 1320 propriam
882 1244 997 1303 viscera
1013 1260 1094 1302 cura·

98 1330 206 1389 tionem
227 1326 389 1403 requirant,
413 1325 449 1384 de
473 1326 577 1403 quihus
598 1343 685 1403 supra
707 1327 800 1404 posui.
835 1324 908 1385 Nam
930 1327 1016 1406 plaga
1031 1328 1094 1406 ipsa

100 1410 225 1472 curanda
247 1410 427 1468 extrinsecus
448 1409 496 1468 vel
517 1419 631 1484 sutura,
655 1409 702 1467 vel
724 1405 783 1469 alio
803 1408 962 1470 medicinae
983 1429 1094 1488 genere

100 1505 154 1556 est.
187 1492 220 1553 ln
241 1492 402 1552 visceribus
425 1493 493 1551 nihil
516 1493 686 1553 movendum
704 1503 766 1570 est;·
787 1494 859 1567 nisi,
881 1503 911 1552 nt
925 1497 948 1553 si
965 1495 1031 1571 quid
1047 1504 1095 1554 aut

64 1597 140 1639 mex
155 1579 305 1653 jecinore,
328 1585 376 1635 arrt
396 1576 489 1651 liene,
511 1586 560 1636 aut
581 1577 716 1656 pulmone
737 1576 882 1637 dumtaxat
898 1587 1028 1637 extremo
1044 1578 1093 1638 de·

101 1662 224 1743 pendet,
242 1659 433 1738 praecidatur.
457 1660 593 1739 Alioquin
611 1662 713 1720 vulnus
728 1663 848 1720 interius
860 1678 895 1719 ea
907 1663 999 1720 victus
1009 1663 1092 1736 ratio,

100 1763 194 1823 eaque
211 1744 418 1804 medicamenta
435 1744 589 1820 sanabant,
607 1762 680 1821 quae
699 1747 801 1823 cuique
815 1746 923 1804 visceri
936 1746 1093 1804 convenire

101 1832 254 1907 superiore
271 1827 347 1887 libro
364 1830 513 1906 proposui.

166 1912 216 1972 25.
239 1911 291 1970 His
305 1913 343 1970 ita
358 1914 451 1990 primo
467 1912 513 1971 die
528 1911 684 1986 ordinatis,
706 1911 791 1970 homo
809 1913 930 1972 inlecto
947 1912 1092 1971 collocan-

63 1998 155 2057 rodus
177 2005 236 2063 est;
264 1996 363 2073 isque,
392 1998 416 2054 si
437 2014 529 2072 grave
552 1995 654 2055 vulnus
676 2005 739 2072 est,
769 1996 933 2070 abstinere,
960 2004 1093 2072 quantum

102 2083 179 2140 vires
197 2082 357 2158 patiuntur,
378 2089 443 2139 ante
468 2080 733 2153 inflammationem,
758 2081 824 2139 cibo
846 2079 953 2145 dehet;
979 2079 1092 2154 bibere,

102 2165 197 2224 donec
219 2163 293 2222 sitim
315 2165 408 2238 liniat,
436 2181 536 2240 aquam
558 2163 695 2238 calidam,
722 2163 786 2237 vel,
812 2183 837 2221 ιιι
859 2172 954 2222 aestas
974 2172 1035 2237 est,
1060 2181 1094 2222 ac

101 2264 197 2323 neque
214 2246 321 2321 febris,
338 2265 433 2324 neque
452 2247 537 2306 dolor
554 2257 612 2323 est,
628 2248 712 2306 etiam
726 2247 875 2323 frigidam·
898 2246 982 2306 Adeo
999 2255 1094 2305 tamen

101 2330 171 2390 nihil
196 2339 366 2409 perpetuum
388 2339 448 2405 est,
475 2330 526 2389 sed
542 2349 660 2409 semper
676 2351 728 2410 pro
745 2333 774 2390 vi
791 2332 924 2408 corporis
943 2332 1093 2389 aestiman-

64 2415 182 2490 ²⁵dum,
206 2423 235 2472 ut
258 2414 442 2473 imbecillitas
464 2415 548 2473 etiam
573 2415 665 2473 cibum
690 2416 821 2491 protinus
842 2415 941 2474 lacere
958 2433 1093 2474 necessa-

101 2500 174 2557 rium
191 2501 299 2575 possit:
324 2507 437 2556 tenuem
454 2499 581 2574 scilicet,
604 2507 633 2557 et
648 2500 799 2575 exiguum,
826 2502 872 2576 qui
888 2507 995 2558 tantum
1011 2499 1093 2557 susti-

102 2590 179 2641 neat.
214 2581 352 2658 hlultique
375 2583 459 2640 etiam
480 2600 517 2640 ex
540 2583 682 2660 prolluvio
700 2585 847 2659 sanguinis
862 2583 1094 2642 intermorientes

103 2674 168 2725 ante
194 2663 279 2722 ullam
306 2667 483 2724 curationem
512 2667 579 2724 vino
602 2666 751 2725 reiciendi
774 2677 854 2726 suut:
887 2667 962 2746 quod
987 2666 1094 2743 alioqui

102 2748 324 2807 inimicissimum
341 2749 452 2807 vulneri
468 2758 521 2807 est.

66 2847 93 2886 ao
165 2830 216 2892 26.
240 2830 331 2889 Nimis
350 2850 422 2891 vero
438 2835 629 2891 intumescere
647 2833 765 2910 valnas,
791 2830 1001 2911 periculosum;
1025 2831 1094 2890 nihil

102 2918 311 2989 intumescere,
334 2916 608 2992 periculosissimum
631 2925 675 2974 est
696 2918 750 2995 (cl.
768 2915 847 2994 Apu.
862 2919 905 2991 V,
928 2914 1000 2992 66):
1025 2913 1094 2973 illud

102 2998 235 3057 iudicium
260 3007 304 3058 est
324 3017 446 3076 magnae
468 2999 707 3067 inflammationis;
727 2999 785 3058 hoc
806 3000 925 3058 emortui
948 2998 1092 3074 corporis.

102 3083 310 3159 Protinusque,
331 3085 355 3141 si
371 3103 451 3142 mens
467 3083 572 3142 homini
589 3083 737 3155 consistit,
755 3085 779 3140 si
794 3083 870 3140 nulla
887 3080 977 3139 febris
994 3098 1093 3140 acces·

102 3167 152 3241 sit,
175 3166 251 3224 scire
266 3165 336 3225 licet
350 3178 458 3226 mature
475 3167 576 3224 vulnus
592 3184 689 3225 sanum
705 3166 779 3225 lore.
816 3164 860 3222 Ac
875 3183 911 3222 ne
927 3164 1018 3222 febris
1033 3166 1093 3242 qui-

65 3263 93 3303 ιι
103 3250 168 3308 dem
192 3258 305 3309 terrere
329 3250 428 3319 dehet,
453 3253 476 3308 si
500 3252 527 3307 in
549 3267 654 3325 magno
673 3248 807 3321 vulnere,
831 3248 895 3306 dum
910 3248 1091 3308 inllammatio

103 3342 162 3408 cst,
191 3345 348 3410 permanet.
392 3334 445 3393 llla
468 3334 631 3411 perniciosa
652 3343 710 3408 est,
738 3351 811 3410 quae
835 3331 960 3390 velleri
982 3331 1094 3390 vulneri

103 3420 288 3494 supervenit,
313 3418 360 3476 vel
378 3418 452 3476 ultra
473 3426 587 3495 tempus
603 3418 829 3476 inflammationis
845 3417 939 3492 durat,
960 3416 1008 3474 vel
1023 3416 1093 3474 deli·

102 3501 175 3559 rium
197 3511 309 3561 moret:
333 3501 380 3560 vel
402 3503 426 3559 si
441 3519 594 3560 nervorum
612 3504 707 3578 rigor,
732 3510 778 3560 aut
793 3500 943 3575 distentio,
968 3517 1028 3578 qua¹

145 3604 252 3646 meus.
851 3585 887 3646 13
