2414 3924
132 215 194 279 282
426 228 459 274 s.
477 227 506 275 o.
523 227 620 275 ouum
635 226 829 275 memorum:

133 383 324 458 succurritur,
347 381 449 461 quibus
471 381 571 460 pituita
593 382 733 461 utrimque
755 381 921 442 descendit:
944 381 1010 460 quia
1029 381 1131 443 levata

133 467 225 529 altera
240 474 339 545 parte,
371 464 553 525 nihilominus
577 464 668 525 altera
696 465 821 526 infestat.
859 464 933 540 Quid
955 465 991 524 sit
1020 474 1129 542 autern,

133 552 188 612 lrao
205 550 315 609 ratione
331 551 527 627 cognoscitur.
553 549 632 609 Raso
648 549 743 628 capite
762 565 796 609 ea
818 548 1042 626 medicamenta,
1066 550 1129 628 qui·

134 636 188 695 bus
203 636 231 692 in
245 633 416 712 lippitudine
432 633 531 710 pituita
548 632 745 710 suspenditur,
766 650 782 693 a
800 631 965 711 superciliis
981 650 1077 710 usque
1092 633 1130 693 sd

134 719 274 778 verticem
287 716 359 775 illini
376 715 500 775 debent:
523 717 547 774 si
562 718 633 776 sicci
655 715 732 776 oculi
749 733 816 776 esse
839 723 1014 794 coeperunt,
1037 733 1154 795 appa-s

133 811 180 862 ret
195 817 250 880 per
264 817 315 860 eas
330 817 437 875 venas,
471 817 545 877 quae
567 798 619 859 sub
637 808 702 858 cute
725 808 803 874 sunt,
832 800 959 876 irrigari:
991 799 1015 858 si
1037 799 1129 860 nihilo

134 885 227 945 minus
247 883 374 959 madent,
398 882 576 942 manifestum
592 887 637 942 est
658 882 709 942 sub
732 901 800 943 osse
816 882 1012 943 descendere:
1037 884 1061 941 si
1085 891 1131 942 est

133 970 250 1045 humor,
270 966 322 1027 sed
338 966 453 1043 levior,
470 965 579 1044 duplex
589 967 685 1025 vitium
702 975 756 1025 est.
786 965 902 1025 Plurimi
918 974 1013 1026 tamen
1032 983 1071 1026 ex
1087 967 1129 1027 lu-

135 1050 302 1113 borantibus
325 1053 522 1128 reperiuntur,
550 1068 623 1127 quos
645 1051 813 1128 superiores
833 1068 926 1109 venae
954 1058 1129 1118 exerceant3

133 1138 258 1213 ideoque
276 1133 403 1212 pluribus
424 1135 508 1193 etiam
527 1133 661 1211 opitulari
677 1134 756 1192 licet.
783 1133 873 1213 ldque
889 1150 946 1192 non
961 1134 989 1192 in
1006 1131 1130 1194 Graecia
1140 1151 1169 1195 ro.

134 1217 339 1291 tantummodo,
362 1217 413 1276 sed
430 1218 459 1275 in
475 1216 539 1275 aliis
556 1234 670 1295 quoque
687 1217 823 1293 gentibus
839 1216 958 1276 celebre
973 1226 1033 1275 est:
1054 1217 1131 1278 adeo

135 1310 165 1362 ut
181 1299 259 1360 nulla
274 1300 433 1359 medicinae
450 1317 518 1379 pars
535 1302 626 1376 magis
638 1319 691 1379 per
707 1303 837 1361 nationes
849 1318 978 1379 quasque
993 1302 1132 1378 exposita

134 1387 172 1446 sit
189 1383 236 1461 (P.
251 1383 327 1459 Aeg.
344 1382 395 1459 Vl,
414 1384 461 1462 6).
494 1384 615 1462 Reperti
630 1386 658 1443 in
674 1383 796 1445 Graecia
812 1392 888 1460 sunt,
907 1385 955 1462 qui
975 1399 1080 1443 novem
1097 1385 1130 1444 li·

134 1469 198 1528 neis
213 1476 307 1527 cutem
323 1468 425 1546 cupitis
440 1467 615 1528 inciderent:
634 1467 743 1527 duabus
758 1470 786 1527 in
802 1468 941 1546 occipitio
956 1467 1058 1542 rectis,
1073 1486 1131 1528 una

134 1569 223 1630 super
239 1568 289 1611 eas
309 1559 494 1610 transversa:
525 1551 591 1610 dein
613 1550 720 1611 duabus
743 1569 831 1630 super
852 1569 953 1626 aures,
974 1568 1029 1609 unu
1053 1551 1164 1611 interit

135 1654 186 1696 eas
201 1636 271 1695 item
285 1643 467 1694 transversa:
491 1633 582 1693 tribus
600 1635 674 1694 inter
687 1636 825 1695 verticem
841 1643 870 1695 et
887 1634 1011 1695 frontem
1029 1636 1130 1694 rectis.

135 1719 257 1798 Reperti
265 1726 340 1791 sunt,
353 1716 400 1792 qui
412 1715 547 1776 avertice
556 1723 651 1773 rectas
660 1732 709 1773 eas
717 1714 809 1774 lineas
817 1713 853 1773 ud
862 1723 992 1794 temporo
1004 1716 1130 1778 deduce·

134 1813 213 1869 rent:
239 1803 421 1880 cognitisque
440 1819 479 1862 ex
508 1810 585 1861 motu
610 1802 789 1862 maxillarum
814 1801 1008 1860 musculorum
1030 1801 1130 1877 initiis,

134 1888 241 1948 leuiter
261 1901 350 1962 super
366 1901 418 1945 eos
435 1895 529 1945 cutem
543 1885 716 1962 inciderent,
741 1885 921 1961 diductisque
945 1903 997 1962 per
1013 1894 1130 1944 retusos

134 1968 234 2031 hamos
259 1970 333 2044 oris,
358 1971 521 2029 insererent
542 1969 707 2045 linamenta,
732 1978 762 2028 ut
784 1985 879 2047 neque
901 1969 975 2028 inter
1002 1985 1035 2027 se
1056 1970 1165 2028 cutisno

134 2053 241 2131 antiqui
258 2052 330 2111 fines
347 2054 607 2128 committerentur,
632 2062 660 2112 et
682 2055 709 2112 in
731 2052 826 2112 medio
848 2068 917 2111 caro
938 2052 1130 2129 incresceret,

135 2155 209 2217 quae
221 2154 327 2212 venas,
345 2138 499 2216 exquibus
515 2136 618 2196 humor
631 2136 667 2197 ad
683 2137 785 2196 oculos
800 2135 950 2212 transiret,
967 2137 1131 2214 adstringe·

133 2230 188 2280 ret.
222 2220 341 2295 Quidam
360 2223 443 2281 etiam
460 2229 616 2279 atramento
634 2220 705 2279 duas
719 2220 811 2280 lineas
835 2219 976 2280 duxerunt
998 2239 1014 2280 a
1035 2222 1131 2280 media

135 2322 204 2365 aure
223 2303 258 2362 ad
282 2304 403 2363 mediam
423 2303 542 2362 alteram
563 2320 677 2379 aurem,
697 2303 800 2363 deinde
818 2321 834 2362 a
856 2304 972 2363 naribus
988 2303 1024 2362 ad
1040 2307 1130 2363 verti·

135 2405 214 2447 cern:
238 2395 295 2444 tum
318 2387 364 2445 ubi
386 2386 480 2445 lineae
502 2386 765 2463 committebantur,
787 2386 929 2464 scalpello
952 2388 1166 2455 inciderunt;2c

135 2477 260 2546 etpost,
285 2469 424 2545 sanguine
438 2469 545 2545 elluso,
569 2487 602 2528 os
618 2469 722 2529 ibidem
744 2470 923 2530 adusserunt.
957 2471 1054 2530 Nihilo
1079 2473 1130 2529 mi·

135 2570 187 2611 nus
203 2560 298 2609 autem
315 2561 343 2610 et
356 2553 383 2610 in
400 2552 589 2629 temporibus,
613 2563 642 2612 et
657 2555 731 2614 inter
747 2554 870 2613 irontem
886 2562 972 2630 atque
989 2557 1131 2614 verticem

136 2633 324 2695 eminentibus
346 2636 427 2694 venis
451 2636 525 2695 idem
552 2636 677 2696 candens
701 2637 807 2696 lerrum
830 2638 1027 2697 admoverunt.
1058 2637 1130 2697 Fre-

136 2736 227 2799 quens
247 2721 356 2777 curatio
374 2727 436 2795 est,
459 2738 548 2780 venas
563 2722 590 2778 in
606 2719 786 2798 temporibus
807 2721 944 2780 adurere:
968 2739 1042 2799 quae
1063 2722 1130 2780 lere

135 2803 247 2884 quidem
274 2803 301 2860 in
327 2804 467 2879 ejusmodi
491 2805 566 2864 malo
588 2813 709 2872 tument;
733 2804 784 2862 sed
810 2812 920 2879 tamen,
942 2813 972 2863 ut
995 2804 1166 2864 inllenturao

133 2888 283 2966 magisque
304 2905 336 2945 se
356 2887 523 2963 ostendant,
541 2889 641 2946 cervix
666 2896 731 2945 ante
759 2886 872 2946 modice
895 2887 1047 2964 deliganda
1068 2896 1128 2947 est:

134 2970 327 3049 tenuibusque
343 2971 540 3045 ferramentis,
558 2979 586 3029 et
601 2973 706 3029 retusis
723 2988 816 3030 venae
832 2970 1009 3038 adurendae;
1033 2969 1129 3032 donec

134 3057 163 3114 in
181 3054 273 3114 oculis
296 3056 414 3134 pituitae
437 3072 537 3112 cursus
560 3056 758 3132 conquiescat.
792 3053 823 3113 ld
851 3055 925 3113 enim
950 3057 1062 3132 signum
1083 3064 1129 3114 est

135 3141 216 3216 quasi
241 3147 461 3197 excaecatorum
489 3138 639 3215 itinerum,
673 3156 727 3216 per
754 3156 828 3214 quae
847 3137 947 3198 humor
968 3137 1127 3197 ferebatur,

134 3220 288 3281 Valentior
305 3230 398 3280 tamen
413 3220 552 3280 medicina
566 3229 625 3298 est,
641 3219 689 3280 ubi
705 3229 808 3280 tenues
825 3222 1014 3299 conditaeque
1032 3239 1166 3285 venaees

134 3312 214 3379 sunt,
231 3303 355 3380 ideoque
372 3305 431 3380 legi
454 3321 510 3362 non
532 3313 670 3382 possunt,
696 3304 798 3363 eodem
814 3304 899 3363 modo
924 3306 1040 3364 cervice
1056 3304 1129 3366 deli·

134 3395 213 3464 gata,
228 3396 402 3465 retentoque
419 3386 454 3445 ab
471 3388 536 3464 ipso
553 3389 670 3465 spiritu,
687 3404 744 3465 quo
757 3383 849 3464 magis
866 3407 956 3447 venae
974 3388 1129 3467 prodeant,

134 3478 293 3529 atramento
309 3479 411 3529 notare
433 3487 482 3528 eas
504 3479 603 3530 contra
625 3481 773 3545 tempora,
787 3478 816 3530 et
835 3472 909 3531 inter
929 3473 1068 3531 verticem
1093 3491 1129 3532 ac
