2414 3924
443 248 511 295 ura.
528 249 573 294 vr.
596 247 670 296 oar.
692 249 739 300 vr.
1029 239 1089 301 227

96 402 175 461 lacit.
197 401 328 460 Linteolo
345 401 455 460 aulana
469 404 644 479 excipiatur,
660 402 729 461 nihil
741 405 871 461 interest.
898 404 1092 480 Superinungi

95 502 166 544 vero
189 484 265 543 oculi
288 484 395 543 debent
416 486 474 557 sic,
496 494 526 543 ut
550 487 629 544 croci
645 495 778 562 quantum
796 486 885 545 tribus
901 486 997 562 digitis
1016 505 1091 546 com·

96 568 235 648 prehendi
252 577 366 645 potest,
389 578 530 641 sumatur,
554 568 688 642 myrrhae
705 569 740 628 ad
753 569 854 643 labae,
878 572 1032 648 papaveris
1049 571 1090 630 la·

96 656 202 712 crimae
218 650 253 711 ad
269 652 424 710 lenticulae
439 653 677 728 magnitudinem,
696 670 789 729 eaque
806 671 869 712 com
885 670 972 731 passo
990 663 1090 713 conte·

20 731 23 737 ’
72 746 208 812 ⁵rantor,
226 745 255 794 ει
271 735 395 813 specillo
411 753 500 812 super
516 735 629 795 oculum
645 734 822 795 inducantur.
846 736 931 795 Aliud
950 737 985 796 ad
999 737 1089 797 idem:

94 820 226 895 myrrhae
250 837 278 896 p.
302 818 357 896 )·(.
381 839 405 876 z.
428 819 637 895 mandragorae
660 821 740 878 succi
764 838 792 897 p.
810 820 867 899 )·(.
886 834 908 878 1.
935 822 1091 898 papaveris

94 905 229 963 lacrimae
254 921 280 977 p.
296 904 351 981 )·(.
368 916 402 961 11.
427 902 561 960 loliorum
585 921 687 979 rosae,
711 906 822 962 cicutae
841 904 971 979 seminis,
994 906 1090 980 singu-

95 989 186 1047 lorum
204 986 368 1064 p.)-(.111.
389 988 506 1044 acaciae
524 1004 551 1063 p.
568 986 622 1063 )·(.
638 999 684 1044 Ν.
697 988 817 1060 gummis
830 1005 857 1064 p.
869 987 925 1064 )·(.
942 1001 1015 1046 vffl.
1054 987 1091 1046 Et

95 1072 168 1131 haec
189 1070 302 1147 quidem
325 1069 460 1128 interdiu:
494 1079 579 1129 nocto
604 1087 692 1145 vero,
726 1088 783 1147 quo
808 1070 987 1129 commodior
1007 1072 1090 1148 quies

61 1169 85 1207 ro
96 1157 209 1228 veniat,
231 1171 287 1211 non
308 1152 430 1212 alienum
453 1162 512 1228 est,
534 1155 774 1231 superimponere
794 1154 905 1213 candidi
920 1155 1001 1232 panis
1019 1156 1090 1213 inte·

94 1241 199 1299 riorem
224 1246 333 1313 partem
356 1255 392 1295 ex
410 1239 476 1295 vino
495 1237 658 1296 subactam:
682 1256 744 1296 nam
761 1247 789 1297 et
806 1239 934 1316 pituitam
949 1240 1088 1315 reprimit,

95 1332 139 1395 et,
156 1323 180 1379 si
198 1320 264 1398 quid
279 1321 414 1379 lacrimae
431 1323 592 1397 processit,
610 1319 766 1394 absorbet,
786 1329 813 1379 et
830 1321 942 1380 oculum
954 1322 1089 1397 glutinari

95 1423 150 1464 non
167 1405 279 1483 patitur.
303 1404 474 1480 sigrancio
487 1413 515 1462 et
528 1403 643 1478 durum,
661 1413 782 1482 propter
793 1423 925 1481 magnum
939 1406 1090 1465 oculorum

95 1489 239 1563 dolorem,
266 1488 391 1561 videtur,
415 1489 463 1546 ovi
484 1497 511 1546 et
534 1486 628 1547 album
646 1497 675 1546 ει
690 1487 806 1547 vitellus
821 1490 848 1545 in
863 1505 915 1546 vas
932 1488 1088 1548 defunden-

61 1573 160 1632 1⁵dum
176 1580 232 1639 est;
253 1570 499 1648 adjiciendumque
515 1588 551 1630 eo
567 1570 650 1630 mulsi
665 1571 795 1649 paulum,
814 1571 900 1648 idque
916 1573 1008 1648 digito
1022 1591 1088 1651 per-

93 1656 283 1715 miscendum:
307 1654 354 1712 ubi
375 1654 449 1713 facta
471 1658 563 1713 unitas
585 1663 646 1730 est,
671 1654 778 1713 demitti
799 1654 886 1714 debet
908 1655 972 1714 lana
993 1655 1089 1716 mollis

94 1741 168 1799 bene
187 1748 300 1815 carpta,
318 1756 391 1814 quae
406 1738 434 1797 id
450 1739 592 1815 excipiat,
612 1756 758 1815 superque
775 1739 877 1798 oculos
894 1740 1011 1816 imponi.
1045 1739 1087 1798 Ea

94 1843 142 1883 res
163 1832 192 1880 et
213 1822 286 1881 levis
308 1832 369 1894 est,
395 1832 422 1880 ει
442 1821 642 1897 refrigerando
664 1824 792 1898 pituitam
818 1831 953 1896 coercet,
980 1832 1009 1881 et
1030 1840 1088 1882 uon

95 1908 254 1981 exarescit,
277 1916 305 1965 ει
325 1905 460 1981 glutinari
480 1905 593 1964 oculum
618 1923 673 1963 non
694 1906 809 1982 patitur.
844 1905 948 1965 Farina
972 1924 1088 1983 quoque

59 2008 84 2046 ro
94 1990 256 2050 hordeacea
277 1999 376 2064 cocta,
399 1999 510 2048 etcum
533 1990 608 2047 malo
631 1997 755 2047 cotoneo
778 1999 864 2048 cocto
881 1991 985 2062 mixta,
1010 2006 1087 2047 com·

94 2074 177 2134 mode
193 2074 355 2151 imponitur.
378 2073 481 2150 Neque
498 2073 532 2131 ah
549 2073 660 2131 ratione
676 2071 829 2148 abhorret,
847 2075 930 2131 etiam
948 2073 1086 2151 penicillo

94 2161 271 2236 potissimum
288 2159 327 2215 uti
343 2174 501 2234 expresso,
526 2157 550 2214 si
565 2156 658 2215 levior
673 2158 796 2234 impetus
813 2167 873 2231 est,
894 2175 931 2215 ex
948 2173 1035 2233 aqua;
1062 2156 1086 2214 si

93 2244 199 2317 major,
216 2260 252 2299 ex
269 2257 368 2316 posca.
397 2239 497 2300 Priora
514 2240 605 2298 fascia
621 2239 774 2316 deliganda
790 2250 869 2315 sunt,
885 2258 921 2298 ue
940 2258 992 2317 per
1011 2257 1086 2300 som-

95 2344 157 2383 num
175 2324 288 2384 cadant:
312 2334 340 2383 at
355 2324 411 2382 hoo
427 2325 622 2401 superimponi
642 2325 710 2382 satis
726 2333 785 2397 est,
804 2325 869 2401 quia
887 2332 915 2383 ει
930 2326 1032 2400 reponi
1050 2321 1086 2382 ab

59 2432 84 2469 25
94 2411 158 2486 ipso
180 2407 329 2467 commode
351 2416 462 2486 potest:
486 2416 514 2465 et
535 2425 618 2483 quum
633 2408 752 2481 inaruit,
774 2408 876 2467 iterum
894 2407 1086 2467 madefacien-

94 2493 158 2552 dum
170 2501 223 2550 est.
247 2493 276 2551 Si
290 2500 394 2550 tantum
408 2491 473 2550 mali
485 2501 544 2551 εει,
563 2500 591 2549 ut
604 2509 731 2550 somnum
743 2490 788 2549 diu
802 2490 969 2568 prohibeat,
987 2508 1087 2550 eorum
1152 2533 1156 2542 .

93 2575 200 2653 aliquid
216 2575 336 2635 dandum
353 2584 414 2650 est,
437 2593 510 2652 quae
527 2566 684 2634 desiturae
700 2574 803 2634 Graeci
820 2575 982 2653 appellant:
1005 2575 1086 2633 satis·

94 2678 149 2736 que
170 2669 214 2718 εει
237 2676 345 2737 puero,
368 2658 444 2736 quod
465 2660 540 2726 ervi;
564 2661 643 2733 viro,
668 2658 745 2734 quod
767 2657 851 2716 labae
864 2657 1087 2733 magnitudinem

94 2742 221 2819 impleat.
258 2742 290 2800 lu
313 2745 403 2819 ipsum
424 2761 495 2801 vero
518 2741 629 2800 oculum
651 2741 822 2817 primodie,
848 2743 901 2798 nisi
918 2741 1031 2800 modica
1045 2741 1086 2797 in-

60 2827 246 2886 aollammatio
279 2834 338 2900 εει,
376 2827 441 2884 nihil
477 2835 557 2884 reote
580 2825 744 2900 conjicitur;
782 2841 872 2901 saepe
895 2826 967 2881 enim
991 2823 1086 2900 potius
1183 2896 1187 2901 ,

95 2912 255 2977 concitatur
270 2926 305 2967 eo
322 2911 437 2986 pituita,
456 2927 538 2986 quam
554 2910 695 2965 minuitur.
731 2906 757 2964 Α
776 2906 904 2965 secondo
920 2907 985 2979 die,
1003 2905 1086 2978 gravi

95 3012 210 3071 quoque
228 2993 387 3069 lippitudini
403 3012 456 3071 per
471 2993 557 3050 indita
574 2990 781 3048 medicamenta
798 2998 878 3047 recte
896 2988 1085 3057 succurritur,

95 3078 141 3136 ulti
158 3077 205 3135 vel
219 3079 231 3152 j
295 3079 411 3152 sanguis
428 3077 547 3147 missus,
563 3073 611 3132 vel
627 3073 708 3131 alvus
722 3072 806 3130 ducta
819 3080 880 3147 est,
897 3080 943 3129 aut
955 3077 1085 3128 neutrum

95 3163 290 3220 necessarium
308 3179 375 3219 εεεε
389 3159 568 3218 manifestum
585 3166 638 3214 est.

58 3263 84 3305 aa
156 3245 184 3304 2.
218 3243 306 3303 lllulta
332 3253 426 3302 autem
447 3242 656 3316 multorumque
685 3247 832 3297 auctorum
854 3237 976 3311 collyria
1002 3235 1037 3294 ad
1059 3232 1089 3291 id

94 3337 259 3406 optusum:
285 3330 426 3404 novisque
450 3328 599 3385 etiamnum
621 3324 750 3381 mixturis
773 3322 926 3399 temperari
950 3325 1088 3395 possunt·

95 3431 178 3489 quum
199 3412 275 3470 lenia
294 3412 517 3485 medicamenta,
540 3419 568 3467 et
590 3405 702 3467 modice
725 3406 925 3483 reprimentia,
948 3401 1034 3462 iacile
1059 3414 1080 3459 ο

94 3497 173 3555 varie
189 3498 371 3554 misceantur.
395 3495 460 3570 Ego
477 3493 653 3552 nobilissima
669 3507 881 3632 exsequanb*

814 3576 827 3631 1
