2416 3936
446 251 514 296 nm.
531 224 605 299 vm.
622 249 696 310 oar.
716 253 749 301 x.
1023 236 1084 297 349

99 407 124 467 si
139 423 204 465 orus
220 405 341 464 iraotnm
356 411 417 477 est,
435 401 513 461 eirea
528 401 682 479 popliterm
703 405 726 463 si
745 403 854 476 femur,
871 419 962 479 usque
985 400 1021 460 ad
1036 419 1085 460 oo·

98 507 180 558 xam;
197 490 220 546 si
233 489 316 563 juxta
335 487 467 564 superius
486 493 571 561 eaput
584 485 702 547 lemoris
717 487 775 562 sio,
796 487 903 563 etipsa
924 500 1041 562 quoque
1058 486 1086 542 ei

99 590 174 632 oona
192 572 266 631 insit.
298 569 401 647 Neque
417 578 510 627 tamen
525 569 649 644 ignorari
665 579 799 648 oportet,
822 570 846 628 si
860 569 953 627 lemur
964 568 1085 629 fractum

99 666 154 733 est,
164 657 226 715 lieri
240 654 355 713 breuius
364 653 446 730 ;quia
458 669 608 728 numquam
616 654 644 710 in
653 655 795 731 antiquum
805 661 907 712 statum
916 652 1083 719 revertitur;

75 740 272 816 asummisque
288 737 385 812 digitis
401 744 503 811 postea
519 736 610 795 cruris
624 736 686 811 ejus
700 738 805 796 insisti:
825 735 877 795 sed
890 735 978 796 multo
991 743 1085 795 tamen

98 823 213 882 foedior
224 820 358 881 debilitas
368 829 423 895 est,
436 818 484 877 ubi
493 819 809 897 fortunaenegligentia
823 819 1083 898 quoqueaoeessit.

158 907 187 966 6.
210 905 334 980 Digitum
350 904 419 963 satis
435 912 479 962 est
494 903 527 962 ad
546 921 630 961 unum
647 903 793 962 suroulum
809 912 875 982 post
889 901 1084 963 inflammatio-

97 1009 161 1050 nem
181 989 313 1065 deligari.

161 1075 190 1132 7.
211 1071 261 1131 llis
278 1069 396 1150 proprie
412 1071 447 1130 ad
470 1069 581 1147 singula
602 1070 728 1131 membra
747 1068 970 1149 pertinentibus,
987 1087 1085 1129 rursus

64 1181 87 1219 ro
97 1159 147 1218 illa
162 1156 321 1216 eommunia
337 1164 416 1214 sunt:
433 1154 530 1232 primis
545 1153 647 1215 diebus
662 1155 769 1224 fames;
785 1152 889 1213 deinde
904 1162 978 1229 tum,
998 1171 1084 1232 quum

92 1244 152 1316 iam
171 1242 335 1298 inerescere
351 1239 455 1297 uallum
475 1246 606 1314 oportet,
629 1238 775 1298 liberalius
799 1237 974 1305 alimentum
998 1237 1085 1315 longa

98 1345 113 1385 a
130 1326 196 1383 vino
213 1323 398 1391 abstinentia;
417 1320 572 1381 fomentum
587 1339 681 1399 aquae
697 1322 824 1398 calidae,
844 1321 910 1380 dum
931 1320 1083 1380 inflamma-

97 1411 136 1468 tio
154 1416 214 1482 est,
230 1405 366 1472 liberale;
384 1423 467 1484 quum
486 1422 520 1464 ea
542 1404 636 1479 desiit,
659 1405 815 1465 modiourn:
837 1415 894 1464 tum
916 1406 999 1463 etiam
1023 1404 1083 1465 lon-

97 1494 162 1569 gior
177 1488 363 1549 ulterioribus
380 1509 397 1548 e
418 1489 527 1567 liquido
546 1497 644 1549 aerato
660 1489 811 1564 membris,
836 1497 864 1548 et
879 1486 974 1547 mollis
989 1496 1083 1548 tamen

63 1599 87 1636 re
98 1576 202 1635 unotio.
237 1572 340 1650 Neque
356 1575 485 1648 protinus
501 1571 694 1632 exercendum
711 1572 739 1631 id
754 1572 926 1645 membrum,
948 1570 1000 1629 sed
1015 1589 1083 1650 pau-

98 1659 175 1720 latim
196 1657 231 1717 ad
256 1657 389 1730 antiquos
414 1673 483 1713 usus
501 1655 694 1715 reducendum
715 1664 768 1715 est.
793 1654 913 1715 Gravius
937 1653 1083 1731 aliquanto

97 1752 155 1817 ost,
172 1759 256 1817 quum
275 1739 350 1796 ossis
361 1737 506 1796 tracturae
523 1739 617 1797 earnis
629 1756 745 1817 quoque
759 1738 860 1799 vulnus
872 1739 1011 1808 aeoessit;
1026 1756 1083 1798 ma·

96 1827 229 1900 ximeque
247 1823 271 1879 si
287 1819 316 1879 id
331 1820 451 1879 musouli
469 1820 587 1881 femoris
603 1831 650 1881 aut
665 1822 774 1883 humeri
790 1830 960 1884 senserunt:
976 1839 1040 1880 nam
1055 1831 1084 1882 et

97 1904 335 1965 inflammationes
353 1904 441 1970 multo
456 1905 624 1981 graviores,
646 1915 675 1965 et
692 1908 864 1984 promtiores
889 1923 1012 1966 canoros
1034 1905 1084 1968 ba-

60 1992 173 2055 mbent.
202 1988 247 2048 Ao
271 1987 363 2046 femur
384 1987 513 2065 quidem,
534 1989 559 2047 si
577 2005 644 2048 ossa
659 1990 733 2049 inter
751 2009 784 2050 se
803 1997 1004 2064 recesserunt,
1021 1989 1084 2048 lere

96 2074 225 2153 praeoidi
251 2089 375 2130 neeesse
400 2080 454 2129 est.
490 2071 632 2131 Humerus
652 2091 769 2153 quoque
795 2075 823 2132 in
851 2071 1010 2151 perieulum
1032 2090 1082 2130 ve·
1132 2092 1134 2096 ’

95 2159 150 2226 nit;
169 2157 220 2216 sed
243 2155 355 2216 laoilius
377 2165 575 2216 conservatur.
605 2156 715 2230 Quibus
737 2156 874 2236 perieulis
891 2157 976 2216 etiam
991 2157 1084 2233 magis

95 2242 122 2301 id
136 2243 310 2319 expositum,
334 2238 409 2317 quod
428 2241 512 2315 juxta
532 2241 615 2319 ipsos
631 2239 770 2300 articulos
787 2242 873 2300 ietum
897 2249 951 2300 est.
983 2237 1083 2299 Curio·

96 2327 155 2384 sius
184 2327 267 2402 igitur
288 2323 429 2400 agendum
451 2334 510 2393 est;
539 2332 567 2383 et
589 2325 734 2385 musculus
758 2325 872 2402 quidem
892 2342 946 2402 per
963 2322 1084 2383 mediam

59 2410 209 2486 25plagam
229 2418 411 2467 transversus
432 2407 658 2486 praecidendus:
680 2410 797 2486 sanguis
818 2425 907 2483 vero,
938 2410 962 2467 si
984 2424 1084 2486 parum

95 2493 188 2566 lluxit,
202 2492 372 2553 mittendus:
406 2509 512 2571 corpus
535 2491 629 2551 inedia
651 2493 869 2552 extenuandum.
905 2492 950 2551 Ao
972 2489 1084 2568 reliqua

96 2575 209 2653 quidem
225 2576 351 2635 membra
367 2575 472 2634 lentius
496 2575 684 2650 intendenda,
709 2585 737 2635 et
757 2576 851 2636 lenius
872 2576 900 2639 iu
916 2576 952 2635 iis
973 2593 1040 2635 ossa
1055 2575 1084 2632 in

95 2676 173 2717 suam
188 2658 286 2716 sedem
303 2658 470 2737 reponenda
486 2669 568 2720 sunt:¹
582 2660 610 2718 in
626 2659 669 2719 bis
690 2678 760 2719 vero
778 2679 873 2739 neque
895 2658 1002 2719 intendi
1019 2675 1083 2719 ner·

95 2759 165 2815 vos,
182 2760 277 2818 neque
293 2759 360 2801 ossa
377 2743 509 2818 tracturi,
527 2745 598 2803 satis
613 2744 747 2822 expedit:
763 2744 876 2823 ipsique
890 2742 998 2803 bomini
1017 2759 1083 2818 per·

59 2848 84 2886 oo
94 2824 260 2883 mittendum
288 2834 347 2901 est,
378 2834 406 2884 ut
421 2828 464 2884 sio
480 2845 514 2886 ea
538 2826 683 2890 collocuta
704 2827 824 2903 babeat,
848 2823 1084 2906 quemadmodum

94 2910 206 2967 minime
223 2907 348 2966 laedunt.
381 2907 515 2969 Omnibus
531 2919 624 2970 antem
643 2910 687 2969 bis
703 2910 870 2970 vulneribus
881 2906 1084 2987 imponendum

94 2993 186 3071 primo
202 2990 383 3050 linamentum
397 3002 452 3063 est,
469 2994 537 3054 vino
553 2994 682 3067 madens,
702 2995 747 3053 oui
762 3011 848 3054 rosae
865 2989 1084 3072 paulumadmo·

94 3077 159 3135 dum
173 3075 317 3149 adjectum
332 3075 377 3134 sit.
407 3075 627 3154 Deligandaque
642 3077 741 3136 iaseiis
753 3086 818 3136 sunt
834 3076 978 3153 aliquanto
993 3073 1083 3137 laxio-

93 3159 172 3218 ribus
188 3177 272 3236 quam
292 3160 315 3216 si
337 3177 369 3217 ea
392 3160 477 3237 plaga
498 3178 555 3220 oon
573 3169 652 3219 esset
672 3159 726 3238 (el.
746 3160 783 3237 V,
802 3159 853 3235 26,
874 3158 947 3235 24);
980 3166 1084 3236 quanto

59 3243 207 3312 aalaoilius
228 3252 257 3302 et
274 3243 392 3302 alienari
408 3252 436 3301 et
451 3245 588 3321 occupari
605 3261 710 3303 oanoro
722 3244 824 3303 vulnus
838 3251 948 3321 potest:
965 3258 1084 3301 numero

95 3327 189 3405 potius
201 3327 354 3386 fasciarum
370 3326 396 3385 id
412 3328 553 3404 agendum
566 3337 622 3403 est,
639 3336 667 3387 ut
682 3327 767 3387 laxae
781 3344 897 3406 quoque
910 3343 1003 3403 aeque
1016 3340 1083 3396 oon·

94 3412 211 3468 tineam.
240 3410 324 3485 Quod
345 3412 373 3468 in
395 3411 507 3472 femore
530 3411 708 3489 bumeroqne
729 3412 771 3470 sio
788 3412 857 3489 liet,
878 3411 903 3471 si
928 3427 994 3470 ossa
1008 3409 1084 3468 forte

96 3501 177 3552 reete
194 3494 406 3554 concurrerint:
432 3497 474 3555 sin
491 3494 574 3555 alitor
588 3513 620 3554 se
636 3493 798 3572 habebunt,
823 3506 943 3556 eatenus
965 3495 1084 3555 oirouru
