2414 3924
305 193 308 199 ·
394 202 462 248 ιιι.
478 202 538 250 ιιι.
556 201 632 252 car.
648 203 847 252 xv11.xv111.
1051 192 1112 256 295

123 358 245 433 cetera,
267 373 341 435 quae
357 355 392 415 ad
407 363 532 415 suturam
552 355 748 434 reliquamque
765 357 942 416 curationem
958 358 1111 434 pertinent,

122 459 208 520 supra
224 441 306 520 (cap.
326 439 380 517 16)
397 438 607 517 comprehensa
621 449 695 500 sunt.

180 526 210 587 2.
229 523 350 583 Praeter
363 523 438 583 haec
453 524 566 599 evenit,
583 531 613 582 ut
626 524 656 582 in
671 522 856 601 quorumdam
872 521 1022 583 ventribus
1037 525 1112 585 vari·

121 627 172 669 ces
202 609 274 682 sint,
299 623 417 684 quarum
438 608 504 684 quia
519 605 597 666 nulla
611 606 667 667 alia
683 608 792 667 curatio
807 616 868 684 est,
889 624 973 684 quarn
995 608 1112 687 quaein

97 690 250 754 tcruribus
265 707 333 749 asse
348 690 515 767 consueuit,
530 698 665 750 tumeam
679 698 790 768 partem
806 690 1021 770 explanaturus,
1038 691 1113 752 banc

122 792 238 854 quoque
256 790 293 834 ec
308 772 410 833 didere
426 773 508 851 (cap.
525 774 593 852 31).

423 923 605 986 CAPUT
638 926 807 985 XVIII.

449 1023 486 1072 Ile
494 1025 664 1074 testiculorum
678 1025 781 1075 morbis.

181 1109 274 1168 Venio
290 1117 384 1169 autem
399 1108 434 1168 ad
453 1125 498 1184 ea,
515 1125 588 1186 quae
603 1107 778 1169 naturalibus
790 1108 920 1187 partibus
938 1109 1016 1169 circa
1030 1109 1111 1168 testi·

86 1200 113 1244 ¹⁰
122 1193 203 1253 culus
222 1193 291 1252 eriri
314 1192 423 1252 solent:
448 1208 522 1269 quae
539 1209 596 1270 quc
614 1193 728 1252 facilius
741 1192 902 1270 explicem,
924 1193 1003 1270 prius
1018 1194 1111 1271 ipsius

120 1276 178 1336 lcci
202 1284 301 1335 natura
323 1277 423 1353 paucis
448 1275 638 1353 proponenda
660 1285 714 1335 cst.
752 1275 841 1352 Igitur
870 1275 996 1342 testiculi
1018 1276 1110 1336 simile

121 1357 253 1437 quiddam
273 1359 407 1419 medullis
430 1357 550 1419 babent:
574 1376 638 1420 uam
653 1360 818 1436 sauguinem
836 1375 893 1419 nou
907 1360 1050 1437 emittunt,
1080 1367 1111 1420 et

121 1442 197 1502 omui
218 1458 304 1502 sensu
321 1450 435 1503 carent:
452 1441 551 1502 dolent
566 1445 684 1503 autem
675 1461 704 1503 ιι
724 1442 827 1504 ictibus
841 1451 871 1502 et
886 1442 1109 1504 inflammationi·

120 1526 173 1585 bus
190 1527 320 1602 tunicae,
345 1525 483 1604 quibus“
464 1544 483 1585 ιι
500 1525 689 1587 continentur
702 1523 921 1620 Dependent
917 1545 989 1587 rerc
1011 1527 1077 1586 ab
1068 1544 1109 1586 m·

86 1609 251 1686 inguinibus
269 1627 323 1688 per
345 1609 476 1688 singulos
499 1627 623 1686 nervos,
653 1626 726 1689 quos
754 1605 982 1690 κρεμαστῆριις
1006 1609 1110 1671 Graeci

119 1693 277 1753 nominant:
300 1711 363 1753 cum
379 1709 499 1772 quorum
521 1701 644 1771 utroque
666 1694 751 1754 binae
772 1693 951 1754 descendunt
966 1702 995 1754 et
1017 1711 1110 1755 venae

119 1775 405 1837 etarter1‘ae.Haec
424 1786 517 1837 autem
543 1778 637 1837 tunica
659 1785 850 1854 conteguntur
865 1779 953 1853 tenui,
971 1794 1111 1852 nervosa,

118 1861 181 1920 sine
201 1861 357 1937 sanguiue,
381 1860 462 1938 alba,
487 1877 560 1938 quae
581 1855 791 1941 ἐλυτροειὸής
810 1879 825 1919 ι
842 1860 961 1920 Graecis
983 1863 1110 1920 uomina·

118 1953 171 2003 tur.
204 1944 300 2021 Super
313 1962 376 2004 cam
391 1944 533 2004 valentior
547 1947 642 2004 tunica
656 1952 701 2003 est
701 1961 801 2024 ‚quae
813 1945 943 2004 interiori
956 1945 1109 2005 vehemen-

83 2043 109 2083 aa
118 2037 162 2087 ter
185 2028 240 2088 ima
262 2035 344 2105 parte
365 2028 510 2089 inhaeret:
533 2019 656 2105 daprc'u
674 2026 777 2088 Graeci
793 2037 907 2087 vocant.
936 2026 1044 2088 Multae
1058 2027 1110 2088 de-

117 2110 183 2170 inde
198 2111 411 2170 membranulae
425 2129 515 2172 uenas
532 2121 560 2170 et
575 2114 696 2171 arterias
703 2129 838 2189 eosque
856 2128 963 2171 nervos
979 2128 1109 2189 compre·

117 2192 257 2262 henduut;
274 2202 358 2272 atque
375 2196 450 2255 iuter
464 2196 536 2255 duas
551 2211 667 2273 quaqua
682 2197 793 2255 tunicas
809 2194 1007 2273 superioribus
1022 2197 1109 2273 parti·

118 2275 171 2336 bus
189 2276 271 2336 leres
287 2279 484 2356 parvulaeque
499 2287 572 2338 sunt.
605 2278 751 2338 Hactenus
772 2278 890 2356 propria
906 2279 1018 2356 utrique
1031 2277 1109 2338 testi·

119 2358 185 2420 culc
203 2369 232 2419 et
246 2361 408 2421 uelamenta
424 2371 453 2421 et
470 2360 573 2422 auxilia
589 2370 663 2421 suut.
688 2359 852 2421 Communis
864 2360 974 2421 deinde
984 2363 1110 2440 utrique,
1145 2403 1149 2409 -

82 2455 108 2495 ιι
119 2443 307 2523 omnibusque
321 2445 506 2505 interioribus
521 2447 599 2504 sinus
617 2456 677 2520 est,
701 2446 749 2523 qui
764 2446 824 2520 jam
840 2445 1016 2523 conspicitur
1030 2460 1110 2506 ano-

118 2526 177 2586 bis:
208 2525 327 2606 ὄσχεον
349 2528 469 2603 Graeci,
497 2537 622 2587 scrotum
645 2531 863 2588 nustrivccant.
895 2527 982 2606 Isque
1003 2527 1040 2588 ab
1055 2529 1110 2588 ima

118 2619 200 2689 parte
217 2611 320 2671 mediis
334 2613 438 2671 tunicis
454 2613 559 2672 leviter
576 2613 714 2687 innexus,
730 2631 746 2672 a
763 2613 917 2690 superiore
933 2620 1040 2672 tantum
1056 2612 1109 2672 cir-

117 2694 265 2754 cumdatus
280 2703 334 2754 est.
365 2695 424 2754 Sub
445 2695 502 2754 buc
532 2697 618 2771 igitur
638 2696 719 2773 plura
740 2697 809 2755 vitia
830 2714 897 2755 esse
920 2704 1109 2762 consuerunt:

118 2796 192 2855 quae
207 2777 295 2837 mcdc
312 2781 403 2857 ruptis
421 2781 542 2856 tunicis,
559 2797 629 2857 quas
645 2779 680 2838 ab
704 2778 867 2855 inguinibus
890 2779 1021 2856 incipere
1041 2795 1108 2857 prc-

81 2863 219 2938 reposui,
246 2862 331 2922 modo
354 2862 397 2922 his
418 2864 538 2940 integris
559 2863 636 2922 liunt.
668 2862 814 2940 Siquidem
838 2860 977 2920 interdum
1002 2860 1051 2919 vel
1071 2878 1110 2919 cx
1154 2866 1176 2911 .“

117 2943 219 3004 morbo
237 2946 358 3023 primum
373 2946 577 3021 inflammatur,
599 2945 702 3005 deinde
721 2954 824 3022 postea
844 2942 974 3020 pondere
996 2941 1105 3001 abrum-

118 3029 208 3104 pitur:
230 3029 279 3087 vel
302 3048 339 3088 ex
359 3032 417 3089 ictu
438 3030 535 3108 aliquo
554 3031 683 3106 protinus
697 3030 837 3106 rumpitur
852 3027 962 3099 tunica,
979 3041 1052 3101 quae
1067 3023 1109 3099 di·

117 3110 224 3171 ducere
239 3111 274 3172 ab
290 3113 472 3190 iniericribus
491 3110 619 3190 partibus
634 3111 766 3170 intestina
781 3109 895 3169 debuit:
910 3117 967 3167 tum
978 3094 1110 3184 pondera

117 3211 154 3253 eo
171 3195 336 3255 devolvitur
353 3206 400 3256 aut
417 3205 574 3270 omentum,
594 3203 642 3253 aut
660 3195 744 3253 etiam
759 3193 938 3252 intestinum:
968 3191 1055 3269 idque
1070 3190 1110 3250 ibi

81 3282 107 3322 ³⁵
117 3287 232 3376 reperta
250 3281 295 3338 via
302 3280 460 3357 ,paulatim
476 3280 511 3338 ab
524 3277 709 3353 inguinibus
700 3296 729 3336 ιι
744 3277 898 3336 inferiores
914 3293 1030 3372 quoquc
1044 3292 1109 3352 pa·r

115 3367 161 3418 tes
184 3363 292 3438 nisum,
317 3362 437 3422 subinde
460 3378 600 3421 nervosas
617 3362 745 3436 tunicas,
768 3369 796 3420 et
817 3358 855 3418 ob
873 3358 901 3418 id
919 3360 981 3434 ejus
998 3359 1041 3417 rei
1058 3374 1107 3435 pa·

116 3444 234 3523 tientes,
253 3408 371 3506 diducit.
398 3435 646 3527 'Evcepoarp‘bpm
663 3405 1042 3522 ιιέιιιπλοιιήληνίῖιιιιί
1055 3457 1108 3499 vc·
