2414 3924
433 232 503 279 nrn.
518 231 565 279 ru.
586 230 661 280 one.
677 232 710 280 v.
726 232 772 279 vr.
848 194 851 199 ¹
976 279 979 285 ,
1038 220 1098 282 127

104 384 236 447 facienda
254 395 330 460 sunt,
346 395 548 464 praeterquam
563 387 588 444 si
602 386 706 445 diutius
722 385 847 462 aliquem
859 393 888 444 et
898 386 1100 448 vehementius

81 471 159 529 'ista
185 469 342 528 sollicitare
369 477 560 530 consuerunt:
596 469 663 529 huic
688 468 763 527 enim
790 468 930 545 quaedam
956 469 1100 530 curiosior

105 552 274 612 observatio
300 554 465 612 necessaria
487 562 542 612 est.
580 551 671 630 igitur
692 551 773 628 buic,
799 553 872 610 siin
894 571 980 612 nares
1003 554 1051 612 val
1072 556 1099 613 in

104 636 206 696 fauces
231 635 375 710 destillat,
406 645 524 714 praeter
550 653 600 712 ea,
631 653 705 713 quae
731 652 818 712 supra
839 635 940 711 retuli,
969 639 1099 715 protinus

79 718 205 797 oprimis
226 718 328 778 diebus
350 719 465 779 multum
487 718 686 779 ambulandum
707 726 766 787 est;
793 718 995 797 perfricandae
1010 721 1099 780 vehe-

104 810 217 861 menter
243 802 398 862 inferiores
419 811 534 880 partes;
563 803 655 862 lenior
677 802 776 862 frictio¹
794 801 955 862 adhibenda
976 804 1099 879 thoraci,

104 887 167 960 ori,
193 887 294 962 capiti;
325 886 466 946 demenda
486 895 603 946 assueto
624 886 690 945 cibo
710 902 778 962 pars
802 886 932 956 dimidia;
962 887 1099 948 sumenda

106 986 178 1044 ova,
201 969 340 1044 amplum,
357 969 534 1047 similiaque,
553 988 627 1047 quae
643 970 772 1047 pituitam
787 967 894 1028 faciunt
909 972 1098 1041 crassiorem

105 1054 152 1112 siti
175 1062 293 1128 contra,
322 1062 426 1130 quanta
450 1054 573 1112 maxima
593 1053 728 1112 sustineri
757 1061 872 1129 potest,
905 1055 1097 1132 pugnandum.

71 1146 97 1188 10
105 1135 162 1197 Ubi
178 1154 232 1212 per
246 1136 320 1196 haec
336 1135 457 1196 idoneus
472 1137 577 1214 aliquis
592 1135 698 1196 balneo
714 1135 824 1211 factus,
848 1153 943 1214 eoque
959 1149 1026 1197 usus
1043 1147 1099 1214 est,

106 1219 285 1294 adjiciendus
307 1229 352 1279 est
377 1219 443 1280 cibo
469 1219 644 1299 pisciculus,
675 1227 723 1278 aut
746 1236 831 1295 caro,
860 1221 902 1279 sic
922 1230 1034 1298 tamen,
1063 1241 1099 1281 ne

107 1304 238 1382 protinus
256 1304 352 1378 justus
370 1303 471 1363 modus
495 1303 551 1363 cibi
568 1312 711 1362 sumatur:
734 1304 800 1361 vino
815 1320 933 1363 meraco
950 1307 1099 1383 copiosius

106 1386 242 1447 utendum
266 1396 320 1446 est.
358 1389 400 1447 At
419 1388 443 1446 si
464 1388 492 1445 in
514 1387 679 1465 pulmonem
701 1402 817 1465 quoque
839 1388 981 1462 destillat,
1009 1390 1099 1449 multo

106 1471 198 1547 magis
223 1479 252 1529 et
272 1470 464 1531 ambulatione
479 1480 509 1530 et
523 1470 656 1530 frictione
673 1487 746 1547 opus
762 1479 823 1539 est;
847 1471 1006 1549 eademque
1021 1473 1099 1532 adbi-

71 1570 95 1609 15
109 1553 167 1614 bita
190 1556 301 1614 ratione
323 1556 352 1612 in
374 1554 462 1630 cibis,
485 1555 510 1612 si
531 1570 587 1612 non
608 1555 678 1614 satis
692 1553 734 1612 illi
749 1553 918 1632 proliciunt,
938 1556 1100 1615 acrioribus

105 1637 240 1696 utendum
262 1647 323 1707 est;
346 1640 437 1715 magis
455 1656 555 1697 somno
571 1637 788 1715 indulgendum,
810 1637 1066 1717 abstinendumque
1084 1658 1100 1699 a

105 1721 231 1797 negotiis
245 1721 390 1787 omnibus;
406 1721 572 1798 aliquando,
588 1721 640 1780 sed
656 1722 759 1796 serius,
776 1721 909 1780 balneum
926 1722 1098 1782 tentandum.

106 1804 138 1863 ln
153 1804 308 1880 gravedine
321 1814 432 1879 autern,
450 1807 541 1883 primo
554 1805 600 1863 die
612 1806 782 1882 quiescere,
798 1815 893 1882 neque
906 1823 989 1880 esse,
1005 1823 1100 1883 neque

107 1887 228 1962 bibere,
253 1897 338 1966 caput
353 1888 470 1965 velare,
494 1887 594 1946 fauces
610 1887 673 1946 lana
689 1887 885 1947 circumdare:
913 1887 1101 1967 postero'die

70 1984 248 2046 cosurgere,
264 1971 410 2033 abstinere
425 1990 441 2031 a
456 1973 590 2049 potione,
608 1979 671 2045 aut,
687 1972 712 2029 si
725 1989 774 2029 res
791 1973 937 2048 coegerit,
954 1990 1011 2031 non
1028 1972 1100 2031 ultra

106 2055 248 2114 heminam
270 2072 361 2133 aquae
385 2072 547 2114 assumere:
571 2055 656 2113 tertio
681 2054 727 2113 die
750 2057 833 2132 panis
857 2073 914 2114 non
929 2060 968 2116 ita
984 2055 1100 2117 multum

107 2157 145 2196 ex
167 2148 249 2215 parte
271 2140 408 2198 interiore
431 2157 494 2198 cum
515 2137 672 2214 pisciculo,
701 2138 749 2197 vel
776 2138 946 2198 levicarne
974 2157 1121 2216 sumere,

106 2239 209 2299 aquam
235 2220 351 2282 bibere:
386 2224 410 2282 si
435 2224 497 2300 quis
520 2222 575 2281 sibi
600 2230 764 2299 temperare
790 2239 846 2282 non
870 2225 1015 2300 potuerit,
1034 2236 1106 2298 quo-

105 2306 196 2363 minus
214 2305 347 2382 pleniore
361 2307 438 2365 vietu
455 2315 563 2380 utatur,
578 2321 713 2367 vomere:
735 2306 783 2365 ubi
798 2307 826 2364 in
840 2306 973 2366 balneum
984 2316 1101 2366 ventum

71 2400 97 2438 2⁵
110 2397 169 2463 est,
184 2388 270 2447 multa
286 2388 379 2448 calida
395 2406 469 2466 aqua
483 2397 570 2467 caput
585 2398 614 2447 et
633 2405 667 2446 os
683 2388 786 2448 fovere
798 2408 890 2468 usqne
903 2391 939 2450 ad
950 2391 1099 2450 sudorem:

107 2480 165 2529 tum
180 2471 215 2530 ad
231 2473 325 2530 vinum
343 2473 450 2532 redire.
474 2473 544 2532 Post
560 2491 634 2550 quae
651 2473 701 2530 vix
717 2472 780 2532 fieri
796 2483 907 2551 potest,
922 2484 951 2533 ut
967 2474 1042 2534 idern
1059 2476 1099 2532 in-

109 2555 288 2614 commodum
314 2565 441 2616 maneat:
475 2556 527 2615 aed
553 2557 576 2614 si
604 2557 756 2633 manserit,
787 2558 921 2617 utendum
947 2560 1001 2618 erit
1028 2558 1100 2617 cibis

108 2637 236 2713 frigidis,
267 2639 370 2713 aridis,
402 2639 530 2714 levibus,
560 2639 679 2698 humore
703 2657 786 2717 quam
814 2643 944 2716 minimo,
977 2642 1100 2700 servatis

108 2719 287 2781 frictionibus
315 2722 644 2800 exercitationibusque,
676 2740 750 2799 quae
773 2724 801 2781 in
824 2725 899 2782 omni
920 2726 968 2783 tali
990 2741 1101 2801 genere

73 2810 99 2850 ³0
109 2802 279 2862 valetudinis
294 2809 481 2865 necessariae
497 2814 570 2864 sunt.

430 2972 616 3032 onnon
649 2974 694 3031 vr
713 2972 769 3050 [31.

465 3091 502 3139 De
520 3091 623 3139 cervicis
640 3090 742 3140 morbis.

176 3225 201 3283 Α
234 3227 328 3302 capite
359 3228 493 3285 transitus
525 3226 560 3285 ad
588 3227 734 3285 cervicem
762 3233 820 3292 est;
863 3241 937 3301 quae
964 3221 1102 3299 gravibus

108 3308 258 3367 admodum
287 3310 394 3368 morbis
418 3310 542 3369 obnoxia
562 3318 616 3368 est.
661 3307 765 3385 Neque
786 3317 880 3366 tamen
901 3307 974 3366 alius
996 3307 1100 3382 impor-

72 3393 201 3449 eetunior
225 3395 394 3470 acutiorque
421 3395 537 3453 morbus
564 3402 625 3468 est,
657 3409 739 3470 quam
766 3393 810 3466 is,
841 3392 888 3468 qui
916 3389 1039 3467 quodam
1064 3389 1100 3447 ri·

107 3491 181 3549 gone
203 3493 357 3534 nervorum
382 3480 440 3554 (sc.
466 3477 629 3538 tendinum.
656 3476 693 3535 cf.
718 3474 776 3552 lll,
798 3475 874 3550 27),
905 3474 990 3534 modo
1015 3479 1102 3551 caput
