2414 3924
522 202 763 269 -170-

130 350 252 427 facum,
273 356 343 428 post
364 366 459 410 unum
481 347 528 408 vel
550 348 627 411 duos
649 341 713 410 dies
737 351 763 410 si
789 349 867 410 lorte
891 358 994 411 venter
1017 369 1035 411 a
1057 350 1146 412 solito

130 438 228 499 cilicio
261 437 453 519 abstinuerit,
490 436 616 518 clystere
649 436 899 499 subdeduccndus
937 441 995 500 erit
1026 457 1063 500 er
1095 440 1146 501 de·

129 528 265 588 coctione
292 525 504 606 coloquintidis
531 534 562 588 et
588 525 675 588 betae
702 534 734 588 ct
756 525 890 588 cantabri
913 545 982 589 cum
1005 526 1146 590 melleet

129 614 195 676 oleo
221 616 317 676 veteri
343 621 375 675 et
401 615 554 675 alrouitro.
601 624 690 677 erunt
712 623 876 694 praeterea
908 615 1023 677 duabus
1054 616 1144 677 ebdo-

102 703 223 765 ⁵madls
246 705 278 764 in
300 702 409 765 lectulo
429 703 629 785 custodiendi,
652 713 682 766 et
703 712 794 784 eaput
815 703 955 765 embrooe
978 704 1143 767 curandum

128 811 166 853 ex
188 809 311 853 rosaceo
334 799 365 853 et
393 799 491 874 aceto,
518 791 598 871 qnod
618 791 811 872 ¹oxprodinon
838 799 956 874 vocant,
984 791 1142 871 aliquando

129 888 160 942 et
186 889 322 942 castoreo
348 880 492 962 admixto,
523 882 650 943 maxime
678 883 704 941 si
736 881 813 941 lorte
845 879 942 941 hiemo
974 883 1143 960 contigerit.

129 969 195 1030 sed·
209 976 328 1050 oportet
354 977 422 1030 anta
451 976 541 1048 caput
566 971 701 1049 pressius
728 964 891 1030 detondere
920 978 951 1031 ot
974 971 1018 1030 sio
1040 987 1144 1032 curam

128 1059 186 1138 ipsi
217 1059 307 1138 capiti
338 1056 487 1119 adhibere.
532 1065 563 1118 et
594 1066 752 1138 postquam
784 1056 1017 1139 embrocaveris',
1053 1067 1144 1139 caput

88 1160 114 1199 1⁰
127 1147 205 1227 pileo
232 1148 358 1226 operies.
399 1155 468 1226 post
494 1146 568 1207 haec
597 1148 783 1208 summitates
809 1163 952 1207 manuum
975 1154 1006 1208 et
1032 1147 1143 1227 pedum

127 1235 193 1296 oleo
216 1237 310 1296 veteri
333 1243 384 1296 aut
411 1237 544 1316 sicyonio
571 1253 743 1315 perungues
771 1242 801 1295 ot
828 1235 1012 1296 tenuissimis
1040 1254 1074 1297 ao
1103 1237 1143 1297 le·

127 1322 260 1384 rioribus
283 1322 413 1384 fasciolis
435 1322 548 1403 ligabis.
586 1326 674 1384 etiam
698 1331 728 1384 et
748 1325 876 1384 castorei
898 1323 921 1394 9
943 1322 956 1383 l
980 1326 1088 1385 ieiunis
1111 1327 1143 1385 in

126 1413 247 1492 potione
276 1429 369 1490 aquae
397 1411 510 1473 mulsae
539 1411 634 1494 dabis,
662 1411 854 1492 singulariter
876 1419 928 1472 aut
956 1411 1034 1474 loliis
1057 1421 1142 1475 rutae

128 1501 264 1561 hortinas
288 1499 460 1561 admirtnm.

88 1601 114 1642 15
218 1592 244 1650 si
273 1605 345 1650 voro
368 1588 424 1650 sub
448 1587 661 1653 melancholico
687 1588 814 1650 humore
838 1607 907 1651 oum
934 1591 1142 1653 insomnietate

127 1679 219 1740 luerit
237 1679 349 1758 passio,
373 1677 516 1758 epithymi
537 1677 742 1739 decoctionem
765 1678 882 1740 diurnis
905 1678 1010 1739 diebus
1032 1680 1143 1740 ieiunis

127 1766 210 1828 dabis
229 1776 280 1829 ant
298 1765 346 1827 die
364 1768 445 1827 inter
463 1766 551 1827 diem.
587 1766 747 1846 posthaec
766 1768 969 1847 vespertinum
992 1767 1141 1828 lavacrum

47 1872 49 1876 ·
127 1855 288 1917 adhibebis.
330 1857 377 1917 sin
405 1873 476 1916 vero
503 1853 559 1917 sub
588 1872 688 1917 crasso
715 1855 762 1916 val
793 1858 984 1917 tenacissimo
1015 1854 1142 1917 humore

127 1945 217 2006 luerit
239 1945 353 2026 passio,
376 1943 492 2024 oxymel
514 1944 623 2004 ieiunis
647 1943 730 2004 dabis
749 1962 785 2005 er
804 1962 896 2024 ysopo
915 1952 947 2006 et
968 1943 1143 2024 peucedano

86 2045 113 2085 20
127 2043 157 2096 et
179 2032 278 2113 puleio
298 2039 328 2094 et
347 2034 469 2113 origano
488 2032 667 2094 conlectum.
705 2049 762 2093 nec
785 2050 845 2093 non
869 2035 958 2094 etiam
982 2041 1012 2094 et
1035 2051 1142 2094 cucur-

126 2121 203 2183 bitas
236 2123 319 2183 culos
351 2121 381 2181 id
414 2129 460 2183 est
491 2118 593 2201 <levi>
625 2138 696 2182 cum
731 2123 915 2201 appositione
949 2120 1079 2182 deduces
1111 2125 1143 2182 in

126 2211 231 2290 primis
250 2208 386 2291 spondyli
408 2208 475 2270 loco
493 2217 524 2271 et
543 2211 645 2289 spinae
670 2217 700 2271 et
722 2208 845 2292 lumbis,
868 2211 1028 2271 novissimo
1053 2212 1143 2271 etiam

199 2385 213 2433 1
233 2380 254 2436 I.
272 2379 319 2434 vel
338 2378 380 2435 .Il.
395 2395 426 2448 p.
499 2379 619 2436 acolito
639 2379 733 2436 officio
746 2396 781 2448 p:
801 2378 896 2434 solutu
914 2380 1010 2435 officiii
1027 2396 1049 2436 o.
1123 2386 1140 2434 2

126 2450 232 2505 elisteri
250 2467 272 2505 c.
364 2450 592 2519 teoloqnintide
615 2468 656 2520 cp.
751 2450 844 2505 tolei
861 2451 965 2506 vetoris
979 2467 1014 2520 p,
1040 2451 1099 2505 -ri
1117 2469 1142 2508 c.

126 2540 156 2594 et
173 2539 318 2594 affronitro
332 2541 414 2594 erunt
430 2521 533 2595 donica
551 2540 578 2596 d.
597 2555 621 2595 e.
635 2555 673 2608 p,
692 2541 721 2595 et
734 2537 803 2595 affei
820 2541 918 2610 pterea
936 2539 962 2593 d.
982 2556 1005 2594 e.
1028 2556 1050 2595 e.
1124 2546 1140 2593 t

125 2610 255 2664 embroce
268 2625 304 2678 p,
323 2609 444 2666 embrica
464 2627 487 2666 e.
573 2611 671 2680 (caput
685 2652 691 2665 .
707 2653 713 2666 .
730 2615 747 2678 .)
766 2610 883 2666 curandi
900 2625 942 2678 op.
1032 2616 1047 2664 7
1066 2609 1141 2664 forts

125 2697 176 2734 om.
193 2697 221 2750 p.
294 2681 434 2752 contingit
446 2698 488 2751 op.
572 2684 640 2735 8a1i
655 2683 743 2751 (ante)
759 2699 785 2737 e:
804 2683 856 2736 aut
868 2696 900 2750 p.
972 2680 1001 2734 et
1019 2679 1141 2735 siccnra-

126 2750 176 2876 dipp
196 2755 252 2821 qno
271 2751 370 2821 expica
388 2752 521 2809 adbibere
540 2769 564 2808 c.
636 2758 652 2806 9
671 2753 846 2808 embrocabis
860 2768 883 2808 o.
957 2756 991 2804 10
1008 2751 1095 2820 pilleo
1110 2768 1141 2821 p,

125 2837 209 2946 pec
223 2838 245 2877 c.
318 2823 409 2892 operis
418 2841 459 2894 ep.
522 2823 550 2896 ¹i.
564 2821 698 2878 articulos
713 2824 777 2879 add.
787 2840 811 2893 p
825 2824 901 2892 (post
914 2821 1038 2892 pedum).
1108 2828 1141 2877 12

137 2892 249 2948 asciolis
272 2891 376 2964 ligabis
394 2912 430 2964 p:
454 2894 586 2951 fasciabis
610 2910 632 2950 c.
759 2896 845 2949 etiam
869 2895 910 2950 et:
936 2893 974 2949 llt
1000 2893 1087 2950 etiam
1109 2911 1140 2963 p,

126 2963 212 3019 etiam
231 2980 253 3019 c.
341 2971 374 3020 13
393 2967 455 3022 rute
476 2965 566 3021 ortine
585 2982 625 3035 cp.
714 2970 747 3019 16
766 2963 1074 3036 epithimi(epith‘1p)
1094 2965 1142 3020 de-

126 3035 254 3091 coctione
271 3051 312 3106 ep.
404 3037 510 3092 diurnis
528 3053 555 3092 c:
574 3035 712 3091 diuturnis
725 3037 756 3104 p.
847 3042 880 3090 1⁷
899 3035 1090 3106 vespertinum
1104 3054 1141 3106 p:

124 3105 291 3161 intestinum
310 3109 371 3176 (om.
391 3108 458 3177 lav.)
477 3124 499 3163 c.
574 3114 608 3164 18
626 3106 789 3162 tenuissimo
808 3122 830 3162 c.
905 3113 938 3161 19
962 3122 996 3160 ex
1013 3106 1095 3177 isopo
1113 3124 1141 3163 c:

125 3179 154 3232 et
170 3193 257 3247 ysopo
271 3194 302 3247 p.
388 3179 545 3248 peucidauo
563 3195 605 3248 ep.
691 3182 726 3232 20
744 3196 771 3232 n.
790 3196 818 3232 n.
837 3194 861 3233 e.
881 3180 911 3233 et
928 3177 1103 3233 cucurbitam
1120 3178 1140 3233 i.

125 3247 202 3303 cuias
225 3249 272 3316 (of.
293 3248 365 3304 Cael.
388 3250 460 3306 Aer.
486 3266 518 3319 p.
538 3254 600 3305 575.
620 3253 686 3305 297.
706 3252 740 3303 31
760 3253 812 3318 oq.)
835 3253 869 3303 cri
892 3249 1071 3318 appositione
1094 3249 1142 3304 de-

125 3317 203 3372 ducis
230 3325 244 3373 i
267 3318 353 3388 p⁹m1s
380 3337 407 3391 o,
440 3340 467 3376 n
491 3340 519 3375 n.
543 3337 566 3375 e.
595 3322 624 3376 et
652 3319 730 3375 colas
759 3319 879 3403 apponis
904 3319 1015 3390 iprimis
1039 3337 1062 3390 p
1093 3321 1141 3387 (of.

124 3404 147 3444 c.
167 3391 224 3455 77).
256 3460 267 3529 (
289 3396 348 3530 ⁸)22
368 3392 505 3462 spondilis
524 3392 602 3447 locus
621 3407 649 3459 e,
669 3390 872 3460 spondihornm
890 3389 959 3447 loeis
974 3408 1005 3460 p.
1091 3408 1141 3445 no·

197 3473 238 3512 no
268 3475 309 3516 occ
338 3477 379 3530 op.
