2414 3924
424 249 492 299 nro.
507 250 540 299 v.
564 249 639 301 cae.
657 252 752 300 xxvr.
1018 243 1080 309 309

93 423 144 466 nus
159 405 233 464 ultra
248 403 384 466 translata
400 403 591 483 subsequitur.
620 404 716 484 Atque
728 404 786 491 ¹nbi
807 414 941 484 repertus
962 415 1008 466 est
1024 407 1081 469 cal-

93 488 188 556 culus:
204 488 252 565 qui
266 506 390 548 necesse
406 497 450 548 εει
463 491 492 547 in
506 505 605 548 manus
620 489 740 557 incidat;
759 503 795 548 eo
812 490 952 548 curiosius
965 489 1080 550 deduci·

92 581 151 646 tur,
169 587 226 649 quo
241 573 332 630 minor
347 572 515 649 laeviorque
532 579 592 638 est;
609 589 645 630 ne
662 572 797 649 effugiat,
812 571 840 631 id
854 580 899 631 est
913 591 950 631 ue
964 577 1082 651 saepius

92 653 226 732 agitanda
242 657 341 715 vesica
357 658 401 714 sit.
432 655 512 731 Ergo
530 654 604 714 ultra
618 654 759 714 calculum
774 654 875 715 dextra
892 673 1009 734 semper
1024 673 1082 716 mu·

69 753 145 798 unus
159 739 329 816 opponitur,
343 739 477 797 sinistrae
494 737 575 814 digiti
590 738 725 797 deorsum
741 755 804 797 eum
820 738 1014 815 compellunt,
1031 738 1082 798 dn·

91 839 146 880 uec
162 820 197 880 ad
220 823 365 880 cervicem
376 822 552 899 pervenitur.
584 819 616 880 ln
631 839 730 899 quam,
752 823 775 880 si
791 821 935 898 oblongus
951 830 1012 898 est,
1039 823 1083 880 sic

91 903 309 981 compellendus
326 912 387 981 εει,
403 914 433 963 ιιι
448 920 556 981 pronus
572 913 671 974 exeat;
695 907 719 963 si
735 905 852 983 planus,
870 905 929 980 sic,
944 914 975 963 ut
989 914 1081 965 traus-

91 1005 192 1046 versus
208 988 259 1056 sit:
283 989 306 1045 si
321 987 485 1065 quadratus,
500 996 531 1046 ut
545 986 656 1047 duobus
670 988 783 1065 angulis
808 987 921 1056 sedeut;
943 990 968 1047 si
990 987 1082 1048 altera

92 1079 174 1148 parte
189 1069 313 1148 plenior,
329 1072 389 1146 sic,
413 1079 443 1129 ut
464 1071 543 1148 prius
563 1089 614 1147 ea,
639 1088 694 1149 qua
708 1072 820 1130 tenuior
831 1072 884 1146 sit,
902 1071 1015 1131 evadat.
1049 1070 1082 1130 lu

57 1152 211 1213 ¹0rctuudc
228 1152 296 1213 uihil
307 1155 470 1229 interesse,
488 1172 525 1213 ex
541 1155 604 1231 ipsa
621 1155 712 1231 ligura
728 1163 820 1233 patet;
837 1156 901 1230 uisi,
924 1156 949 1213 si
970 1154 1082 1214 laevior

90 1236 182 1296 altera
196 1243 278 1313 parte
295 1244 355 1312 est,
370 1246 400 1295 ut
417 1254 450 1295 ea
466 1236 628 1297 antecedat.
651 1237 742 1312 Quum
753 1238 812 1312 jam
828 1255 864 1296 eo
879 1239 972 1313 venit,
994 1236 1080 1297 incidi

86 1321 168 1394 juxta
182 1337 264 1377 anum
282 1322 355 1379 cutis
369 1320 453 1398 plaga
470 1320 564 1380 lunata
580 1321 720 1398 usquead
734 1321 882 1380 cervicem
898 1321 1016 1380 vesicae
1032 1319 1081 1380 de·

90 1403 154 1478 bet,
170 1401 304 1462 cornibus
319 1403 354 1463 ad
367 1420 457 1463 coxas
469 1403 665 1480 spectantibus
678 1404 810 1481 paulum:
826 1402 929 1462 deiude
941 1421 975 1463 ea
987 1412 1080 1482 parto,

91 1504 147 1564 qua
169 1487 275 1546 resima
297 1486 383 1565 plaga
406 1495 465 1562 est,
481 1488 631 1546 etiamnum
653 1486 706 1546 sub
729 1497 794 1546 cute
812 1486 1080 1546 alterutrausuersa

58 1582 80 1621 15
91 1569 178 1648 plaga
200 1569 332 1630 iacienda
354 1577 416 1645 est,
432 1587 486 1647 qua
511 1571 610 1629 cervix
623 1572 783 1649 aperiatur;
803 1569 896 1629 donec
911 1569 1010 1629 urinae
1026 1571 1082 1628 iter

90 1660 189 1732 pateat
211 1653 269 1728 sic,
295 1661 326 1712 ut
349 1653 437 1731 plaga
459 1653 544 1730 paulo
561 1655 669 1730 major,
691 1671 774 1731 quum
791 1652 917 1713 calculus
933 1654 978 1712 sit.
1009 1651 1079 1715 Nam

90 1737 137 1814 qui
154 1743 230 1794 metu
247 1735 370 1810 fistulae,
389 1753 474 1814 quam
489 1736 539 1795 illo
554 1736 621 1796 lucc
638 1731 747 1816 ῥυάδα
762 1736 865 1796 Graeci
884 1745 1006 1810 uocant,
1031 1753 1080 1814 pa-

90 1836 150 1877 rum
175 1819 353 1897 patefaciunt
374 1836 437 1877 cum
461 1821 570 1895 majore
595 1820 727 1898 periculo
750 1819 852 1879 eodem
876 1819 1080 1879 revolvuntur:

92 1901 158 1979 quia
176 1901 305 1961 calculus
320 1902 385 1977 iter,
402 1920 486 1980 quum
500 1904 529 1961 ui
551 1904 706 1980 promitur,
725 1903 812 1978 lacit,
830 1903 884 1962 nisi
900 1903 1023 1981 accipit:
1039 1901 1080 1960 id·

55 1999 81 2040 ac
92 2002 148 2063 que
164 1986 247 2044 etiam
261 1986 453 2062 perniciosius
470 1993 529 2062 est,
546 1987 569 2044 si
587 1987 679 2063 ligura
698 2002 814 2063 quoque
830 1985 951 2063 calculi,
973 1984 1022 2044 uel
1037 2002 1081 2044 us·

91 2067 206 2145 pritudo
231 2068 340 2145 aliquid
361 2085 396 2127 ec
416 2068 543 2127 contulit.
576 2069 622 2128 Ex
643 2086 700 2146 quc
724 2078 753 2127 et
771 2070 917 2146 sanguinis
938 2069 1080 2147 profusio,

91 2159 119 2209 et
136 2150 270 2210 distentio
286 2169 440 2210 nervorum
451 2151 513 2210 lieri
528 2160 640 2230 potest:
664 2170 738 2229 quae
754 2155 777 2210 si
793 2155 856 2230 quis
872 2153 975 2226 evasit,
992 2150 1080 2211 multo

90 2243 183 2293 tamen
201 2236 391 2312 patentiorem
402 2234 523 2294 iistulam
535 2233 682 2295 habiturus
698 2242 835 2313 estrnptu
851 2235 978 2311 cervice,
996 2252 1081 2314 quam

90 2315 237 2376 habuisset
252 2318 352 2376 incisa.
380 2318 471 2393 Quum
486 2336 557 2378 vero
571 2338 605 2378 ea
619 2317 764 2396 patefacta
781 2327 835 2394 εει,
850 2320 1080 2396 inconspectum

53 2400 218 2460 uscalculus
235 2403 328 2460 venit:
351 2403 378 2459 in
400 2401 480 2474 cujus
502 2402 602 2461 colore
624 2401 729 2460 nullum
745 2401 899 2461 discrimen
918 2409 972 2460 est.
1001 2400 1080 2479 Ipse,

92 2485 115 2542 si
131 2485 252 2560 exiguus
268 2484 440 2561 est,'digltis
452 2483 488 2543 ub
504 2484 594 2544 altera
606 2494 688 2563 parte
705 2485 841 2563 propelli,
856 2485 891 2544 ab
907 2484 998 2545 ultera
1015 2500 1080 2563 pro·

92 2565 165 2626 trabi
188 2575 303 2644 potest:
326 2569 350 2625 si
371 2570 477 2645 major,
503 2568 674 2641 injiciendus
690 2570 872 2646 asupericre
886 2576 968 2647 parte
991 2584 1082 2627 uncus

91 2658 149 2725 est,
168 2651 231 2724 ejus
247 2652 289 2708 rei
302 2669 387 2710 causa
400 2651 502 2710 lactus.
533 2649 562 2710 Ιε
581 2660 626 2710 εει
640 2651 676 2710 ad
691 2661 848 2711 extremum
864 2653 974 2727 te'nuis,
991 2653 1019 2709 in
1034 2667 1080 2708 se·

89 2732 230 2792 micirculi
245 2734 374 2811 speciem
392 2743 506 2793 retusae
526 2734 694 2803 latitudinis;
712 2735 747 2794 ab
764 2737 910 2794 exteriore
927 2743 1009 2813 purte
1022 2733 1081 2792 lae-

53 2818 149 2893 suris,
170 2834 224 2894 qua
241 2818 361 2894 corpori
371 2818 514 2893 jungitur;
534 2816 569 2875 ub
588 2818 728 2877 interiore·
740 2835 842 2896 asper,
865 2835 920 2895 qua
937 2815 1080 2875 calculum

89 2899 211 2975 attingit.
238 2897 326 2976 Isque
344 2900 461 2975 longior
475 2902 570 2978 potius
586 2918 653 2958 esse
668 2899 771 2959 debet:
793 2918 857 2960 nam
872 2899 969 2958 brevis
986 2905 1080 2957 extra·

89 2980 175 3040 luendi
191 2984 245 3040 vim
262 2981 429 3041 nonhabet.
461 2982 518 3043 Ubi
534 2984 656 3057 injectus
672 2992 726 3058 est,
742 2985 771 3041 in
787 2993 936 3060 utrumque
951 2981 1025 3040 latus
1040 2979 1080 3038 in·

89 3065 237 3124 elinandus
254 3074 313 3141 εει,
333 3074 362 3124 ut
377 3074 530 3144 appareat,
545 3084 581 3125 an
594 3065 721 3125 calculus
736 3075 880 3135 teneatur;
897 3066 972 3142 qnia,
992 3064 1015 3122 si
1031 3081 1080 3142 ap·

89 3147 251 3225 prehensus
266 3156 326 3224 est,
339 3148 388 3207 ille
405 3149 487 3208 simul
509 3149 668 3208 inclinatur.
700 3148 790 3226 quue
811 3167 847 3210 εο
868 3148 981 3207 nomine
1006 3164 1081 3225 opus

52 3249 79 3290 as
90 3239 146 3308 est,
162 3250 198 3290 ue
215 3249 301 3310 quum
317 3231 417 3290 adduci
436 3251 525 3291 uncus
542 3230 832 3311 coeperit,³calculus
854 3234 928 3291 intus
950 3231 1081 3308 effugiat,

89 3311 136 3374 bic
151 3317 180 3374 in
195 3332 275 3374 oram
290 3314 418 3374 uulneris
432 3315 554 3391 incidat,
571 3334 690 3393 eamque
707 3316 905 3375 convulneret.
928 3313 952 3352 Ρ

88 3398 166 3476 quod
181 3395 338 3477 periculum
356 3407 444 3475 esset,
455 3399 515 3472 jnm
531 3417 618 3478 supra
640 3403 788 3478 proposui.
819 3398 877 3461 Ubi
897 3422 900 3439 ⁴

90 3480 232 3540 calculum
246 3488 334 3560 patet,
348 3481 450 3541 ecdem
464 3499 556 3559 pueue
568 3491 712 3542 momento
726 3483 833 3561 triplex
843 3488 896 3543 mot
