2414 3924
526 209 745 274 -68-

127 362 222 440 ipsam
235 357 361 419 buccam
374 355 518 435 perforet,
533 351 612 433 quod
628 352 733 414 Graeci
747 351 890 416 teredona
906 361 1020 415 vocant.
1052 363 1084 414 et
1098 363 1146 416 est

128 449 247 510 omnino
271 446 435 507 curationis
458 442 596 504 difficilis.
634 442 687 503 sed
710 449 829 522 oportet
847 460 881 503 ea
904 442 1044 503 adhibere
1068 461 1144 523 quae

27 525 36 542 ’
127 537 299 616 saepissime
328 532 476 594 curandae
504 531 658 611 putredini
687 533 871 611 gingivarum
899 533 1039 611 superius
1072 534 1145 592 scri·

127 626 255 706 psimus,
280 621 310 684 id
334 630 381 683 est
404 621 451 682 dia
474 620 580 682 chartu
603 620 852 682 medicamentum
875 619 1003 681 admixto
1027 620 1145 681 modico

101 715 240 794 opipare.
284 711 332 772 vel
365 710 437 771 illud
466 708 715 770 medicamentum
743 727 874 789 appones
902 727 939 770 ex
967 709 1035 769 fimo
1064 711 1146 769 canis

129 800 285 862 combusto
309 800 437 860 interius
455 797 491 858 ad
511 811 626 858 omnes·
637 798 814 878 putredines
832 806 863 859 et
881 816 981 858 scaras
1002 815 1057 858 suo
1081 797 1146 858 loco

129 892 346 969 conscriptum,
384 897 414 949 et
446 888 633 948 extrinsecus
666 887 843 967 cataplasma
866 906 902 948 ex
944 886 1085 947 lenticula
1117 896 1147 947 et

127 996 204 1059 pane
236 978 351 1039 adiecto
384 974 501 1037 modico
542 975 627 1037 melle
660 976 844 1056 coniectum,
881 975 961 1054 quod
993 976 1147 1055 artolagon

128 1074 248 1148 vocant,
271 1074 302 1128 et
325 1074 425 1128 cetera
448 1063 537 1125 simili
560 1066 670 1126 virtute
693 1063 864 1142 medentia]

31 1185 110 1289 91ᾖῖ
353 1223 485 1285 XXXlll.
520 1223 569 1284 dd
592 1225 722 1286 tussim
745 1224 932 1286 humidam.

218 1349 345 1411 Humida
377 1348 561 1428 intellegitur
588 1349 694 1428 tussis,
726 1366 816 1427 quam
843 1348 948 1409 Graeci
980 1348 1148 1429 ygrohecha

129 1447 249 1519 vocant,
273 1439 412 1518 quotiens
436 1456 505 1498 cum
527 1435 657 1516 plurimo
680 1437 817 1516 flegmate
841 1440 1025 1518 apparuerit,
1047 1438 1077 1497 id
1102 1447 1150 1498 est

130 1547 199 1589 curn
227 1526 390 1587 abundanti
419 1526 607 1586 excreatione
637 1533 689 1586 aut
720 1525 941 1587 humectatione
969 1535 1000 1587 et
1031 1528 1149 1587 narium

129 1618 248 1696 pruritu
273 1624 303 1677 et
326 1616 553 1677 sternutatione.
595 1621 626 1674 et
648 1613 806 1694 aliquando
829 1613 995 1676 iacentibus
1019 1615 1147 1694 quodm

89 1717 116 1758 1⁵
131 1704 217 1765 modo
246 1722 388 1766 resonum
418 1701 566 1764 sibilatum
596 1700 734 1765 ostendit.
775 1702 848 1766 haec
876 1705 974 1782 passio
999 1710 1045 1764 est
1068 1722 1149 1764 com·

129 1795 229 1854 munis
257 1795 469 1855 reumatismus
498 1792 624 1852 arteriae
653 1799 683 1852 et
710 1790 850 1852 thoracis.
895 1810 970 1872 quae
998 1793 1024 1853 si
1054 1792 1148 1853 multo

129 1890 265 1962 tempore
285 1882 485 1962 permanserit
503 1887 538 1942 ut
561 1879 624 1940 dies
643 1898 769 1941 numero
788 1879 840 1940 XL
859 1880 996 1960 excedat,
1019 1881 1149 1941 efficitur

129 1979 160 2032 et
183 1972 332 2051 pulmonis
357 1979 387 2032 et
410 1973 441 2030 in
465 1968 623 2049 pthisicam
645 1971 741 2048 vergit
765 1972 943 2050 passionem.

219 2062 382 2121 curationis
401 2076 472 2119 vero
492 2065 626 2137 tempore
646 2065 765 2137 oportet
787 2060 819 2119 in
842 2061 906 2139 ipso
926 2060 1011 2118 initio
1031 2057 1149 2119 duobus

129 2147 175 2208 vel
199 2147 296 2209 tribus
320 2146 427 2208 diebus
450 2148 476 2206 si
499 2147 578 2206 vires
600 2148 793 2225 permiserint
821 2149 966 2208 ieiunium
989 2145 1148 2207 laboranti-

203 2289 217 2336 1
236 2283 326 2353 ipsam
344 2283 464 2336 buccam
483 2279 607 2350 perforet
624 2281 700 2349 quod
712 2297 749 2350 p:
777 2282 839 2353 ipa3
857 2281 946 2337 bucca
963 2282 1014 2353 ipa
1032 2282 1150 2349 buccalt

128 2353 208 2426 piore
229 2353 233 2426 l
253 2358 303 2421 rep
323 2354 375 2422 (cel
400 2357 454 2421 rup
473 2381 506 2390 -
532 2351 598 2406 hacc
619 2353 692 2406 euim
714 2354 745 2407 in
771 2355 867 2408 charta
884 2354 941 2421 fere
958 2355 1030 2410 elota
1047 2354 1150 2422 dispici

128 2441 186 2479 nou
206 2429 359 2493 potueruut
390 2453 424 2464 -
454 2422 589 2492 rumpitt)
613 2422 703 2478 fortit'
737 2425 813 2492 quod
838 2441 860 2480 c.
987 2424 1101 2480 tudone
1126 2440 1150 2490 c,

128 2505 242 2568 cnidos
255 2529 287 2581 p.
360 2518 376 2565 2
397 2511 542 2566 curatione
560 2509 670 2566 difficili
688 2513 781 2581 (-crl’
800 2515 824 2583 c)
844 2529 884 2582 cp.
967 2520 982 2568 3
1003 2512 1149 2583 sepissime

131 2600 158 2639 ⁶²
183 2581 309 2707 naggae
333 2582 811 2709 <itinerationis
879 2584 1103 2711 criniti&
1122 2603 1148 2710 t·

128 2670 240 2794 puppup„
259 2670 309 2779 irio
328 2723 428 2794 (inmo)
444 2741 467 2780 c.
540 2731 555 2779 6
571 2670 619 2805 ariJ
621 2695 718 2780 iamnes
736 2698 830 2796 (omis)
844 2743 871 2782 c:
890 2743 941 2783 om.
951 2743 982 2797 p.
998 2673 1034 2726 P·
1055 2694 1149 2797 puirel

129 2795 224 2849 dinem
242 2797 272 2850 et
291 2811 384 2850 scaras
403 2812 427 2861 c,
444 2796 601 2866 putredinis
619 2795 720 2864 (-dis)
740 2799 770 2852 et
787 2814 897 2853 ascaras
911 2816 942 2868 p.
1016 2814 1067 2853 suo
1085 2797 1150 2853 loco

128 2868 147 2921 i.
167 2882 189 2921 c.
209 2871 254 2922 36.
330 2875 345 2922 9
364 2867 513 2922 medencia
531 2883 557 2920 c:
576 2865 783 2922 medicamenta
798 2885 826 2937 p.
905 2875 938 2923 10
957 2869 1100 2924 Heroides
1118 2870 1151 2922 io

127 2953 145 3008 9
173 2939 257 2992 tussia
286 2939 370 2994 anda
396 2938 582 3008 praeponitur
605 2938 727 3005 capitulo
754 2940 827 3008 quod
849 2955 959 2994 numero
988 2944 1063 2994 caret
1084 2944 1151 3008 poet

128 3009 198 3078 (—)
217 3009 270 3063 XII
288 3010 333 3064 Ad
352 3008 496 3079 stigmata.
581 3012 615 3060 10
633 3009 732 3062 tussim
752 3026 797 3078 cp:
820 3011 925 3064 tussam
942 3027 960 3081 ρ
979 3011 1014 3079 (et
1032 3010 1092 3066 ind.
1107 3011 1150 3078 p).

127 3079 262 3150 igrobeca
279 3097 309 3152 9:
330 3080 489 3135 drobecade
509 3094 535 3147 c,
553 3078 691 3147 ydropica
704 3096 734 3150 p.
810 3086 844 3134 14
861 3080 1001 3150 pruritum
1021 3083 1151 3136 externu-

127 3151 236 3207 tatione
253 3169 279 3223 9.
355 3157 389 3206 15
410 3149 587 3218 communip
605 3150 695 3218 (-nis
713 3153 765 3222 pc).
840 3157 872 3206 16
887 3151 1068 3207 reumatismo
1086 3169 1147 3223 nep.

127 3225 163 3288 cf.
175 3223 252 3278 Oret.
268 3222 300 3288 V,
311 3227 374 3277 550.
439 3220 715 3328 toruum-{pisoni
780 3222 1149 3293 quepzquodupleomp.

128 3332 161 3380 l'l
180 3329 212 3381 ut
228 3346 258 3400 9:
280 3331 330 3383 aut
348 3344 370 3395 c,
390 3328 408 3382 i.
430 3328 497 3397 sip.
583 3328 631 3382 XL
652 3328 712 3396 (sic)
725 3346 751 3400 9.
825 3328 942 3383 excedat
960 3344 984 3382 c:
1007 3327 1086 3383 -dit
1103 3346 1150 3400 pp.

127 3397 247 3453 efficitur
271 3402 304 3454 ut
327 3400 388 3469 (sic)
414 3398 555 3468 pulmonis
577 3415 608 3469 9:
632 3397 721 3452 inficit
743 3399 907 3469 pulmonem
925 3416 953 3465 c,
976 3398 1098 3454 efficitur
1120 3402 1151 3455 in

127 3469 260 3536 pulmone
278 3487 305 3538 p.
390 3474 423 3525 18
442 3468 572 3538 ptisicam
590 3486 616 3540 9,
635 3467 766 3539 tipsicam
785 3486 806 3526 c.
881 3476 914 3524 19
934 3472 962 3524 et
980 3469 1010 3524 in
1028 3469 1047 3526 i.
1066 3486 1089 3525 c.
