2414 3924
394 246 463 293 urs.
480 245 545 292 v11.·
560 245 636 293 cna.
652 244 748 293 xxva.
1021 233 1080 296 tlt

91 405 124 466 ld
139 410 291 481 receptum
311 401 385 458 inter
407 399 479 459 duos
498 398 620 476 digitos,
642 398 765 458 indicem
784 415 819 458 ac
840 398 978 476 medium,
995 417 1085 478 super

93 488 207 568 pollice·
226 485 363 562 imposito
382 483 424 541 sic
449 481 645 560 deprimebat,
673 490 704 540 ut
728 482 811 541 simul
836 499 899 542 cum
922 499 1026 560 carne,
1058 485 1084 544 si

93 571 166 650 quid
182 587 220 628 ex
246 566 359 627 calculo
387 564 583 643 prominebat,
613 565 769 625 incideret:
803 583 860 643 quo
884 562 1083 646 consequeba-

92 664 154 729 tur,
186 661 216 712 ut
242 650 344 725 semel,
379 657 512 726 quantum
540 650 609 709 satis
637 656 732 726 esset,
760 650 898 727 aperitet.
939 650 1083 725 Quocum·

71 755 149 815 sque
165 744 258 796 antem
274 732 360 793 modo
379 733 478 791 cervix
494 733 638 811 patefacta
654 741 715 808 est,
737 732 842 792 leniter
858 733 988 809 extrahi,
1005 733 1085 818 quod

93 837 227 899 asperam
241 827 295 893 est,
311 814 411 885 debet;
430 815 517 891 nulla,
533 825 656 895 propter
671 815 898 894 festinationem,
914 818 944 877 vi
958 816 1081 879 εᾱηιοιε.

153 903 182 964 3.
203 901 241 960 At
258 899 386 960 calculus
400 914 555 976 arenosus,
571 908 600 959 et
611 908 676 959 ante
690 900 859 960 manifestus
873 909 932 970 est;
950 902 1083 979 quoniam

93 989 171 1046 urina
198 1001 312 1064 quoque
334 982 462 1042 redditur
480 999 616 1042 arenosa:
641 991 671 1041 et
696 983 723 1041 in
744 984 808 1062 ipsa
829 985 991 1054 curatione;
1012 1001 1082 1064 quo

92 1073 168 1130 niam
182 1070 256 1127 inter
271 1065 419 1140 subiectos
440 1066 547 1142 digitos
561 1082 656 1144 neque
675 1082 767 1144 aeque
787 1068 935 1145 renititur,
963 1076 992 1127 et
1006 1069 1081 1128 insu-

58 1170 147 1230 iopen
163 1148 305 1210 dilabitur.
335 1148 406 1208 ltern
422 1148 526 1208 molles
544 1149 689 1224 calculos,
707 1158 736 1208 et
755 1167 792 1209 ex
808 1150 938 1228 pluribus
957 1152 1083 1215 nninutia·¹

93 1254 160 1314 que,
180 1234 232 1294 sed
248 1236 322 1292 inter
335 1250 367 1291 se
383 1249 481 1311 parum
496 1231 649 1307 adstrictis,
671 1235 851 1310 compositos
867 1235 973 1295 indicat
990 1230 1081 1313 urina,

92 1318 209 1378 trahens
225 1315 361 1395 quasdam
376 1317 458 1393 quasi
473 1315 645 1393 squamulae.
673 1314 735 1376 llos
752 1334 869 1394 omues,
893 1319 997 1379 leuiter
1016 1336 1081 1397 per-

92 1401 205 1460 mutatis
222 1398 342 1459 subinde
357 1398 511 1474 digitorum
529 1398 657 1474 vicibus,
675 1401 718 1459 sio
731 1409 848 1479 oportet
863 1401 1026 1480 adducere,
1044 1420 1082 1462 ne

92 1487 220 1545 vesicam
236 1483 366 1555 laedant,
381 1499 456 1541 neve
470 1484 545 1541 intus
560 1482 673 1560 aliquae
689 1483 848 1563 dissipatae
862 1484 1003 1563 reliquiae
1022 1503 1080 1546 ma-

59 1584 83 1625 m
93 1576 194 1642 neant,
210 1583 284 1645 quae
300 1564 481 1644 postmodum
496 1567 634 1627 curationi
649 1566 846 1627 difficultatem
861 1568 975 1627 iaciant.
994 1568 1080 1643 Quid·-

94 1649 160 1729 quid
188 1657 282 1709 autem
301 1667 339 1707 ex
362 1649 406 1708 bis
427 1649 457 1706 in
481 1658 667 1728 conspectum
692 1651 784 1725 venit,
813 1650 861 1710 vel
887 1650 1000 1728 digitis,
1032 1652 1080 1711 vel

94 1749 167 1792 unco
181 1731 361 1793 eximendum
382 1741 437 1790 est.
466 1731 505 1790 At
521 1733 544 1791 si
559 1732 658 1809 plures
674 1732 778 1792 calculi
796 1742 875 1810 sunt,
893 1734 997 1811 singuli
1012 1753 1081 1814 pro-

93 1815 300 1883 trabidebent;
324 1815 366 1874 sic
386 1824 496 1888 tamen,
520 1825 549 1874 ut
573 1817 596 1873 si
621 1816 684 1893 quis
700 1818 823 1893 exiguus
838 1819 997 1897 supererit,
1027 1819 1080 1897 poss

93 1901 148 1958 tius
178 1899 369 1976 relinquatur:
402 1899 542 1977 siquidem
569 1899 597 1956 in
631 1899 729 1958 vesica
753 1899 908 1960 difficulter
927 1901 1079 1980 invenitur,

57 1984 282 2059 aoinventusque
315 1981 451 2040 celeriter
473 1981 581 2057 effugit.
626 1981 669 2041 Ita
696 1983 785 2059 longa
818 1984 1002 2062 inquisitione
1029 2003 1079 2044 ve·

93 2067 152 2125 sica
180 2065 319 2140 laeditur,
350 2066 514 2142 excitatque
544 2065 781 2125 inflammationes
809 2067 987 2135 mortiferam
1030 2067 1078 2127 ad·

94 2165 129 2207 eo
150 2157 178 2208 ut
202 2147 315 2226 quidam
333 2151 421 2224 secti,
440 2166 523 2226 quum
536 2147 581 2206 diu
603 2148 767 2227 frustraque
784 2167 838 2228 per
856 2150 964 2226 digitos
981 2152 1079 2211 vesica

93 2241 171 2291 esset
185 2232 302 2308 agitata,
320 2230 510 2290 decesserint.
541 2231 648 2306 Quibus
670 2232 783 2292 accedit
804 2236 902 2309 etiam,
927 2235 1004 2312 quod
1019 2234 1078 2292 eai-

93 2331 167 2391 guus
182 2314 309 2374 calculus
325 2313 360 2373 ad
381 2314 496 2392 plagam
517 2315 597 2373 urina
616 2324 718 2393 postea
745 2327 945 2394 promovetur,
975 2325 1003 2376 et
1029 2317 1078 2376 cx·

57 2411 84 2450 tt
95 2396 173 2456 cidit.
202 2396 360 2474 Siquando
377 2405 470 2456 autem
486 2399 510 2456 is
532 2400 623 2472 maj0r
638 2416 695 2457 non
714 2400 827 2459 videtur
840 2401 894 2458 nisi
909 2409 993 2478 rupta
1015 2417 1079 2459 cer-

93 2482 159 2538 vice
176 2480 287 2540 extrahi
304 2497 408 2558 posse,
424 2481 572 2541 findendus
587 2491 645 2540 est:
664 2483 744 2556 cujus
753 2491 886 2561 repertor
901 2483 1079 2560 Ammonius,

94 2563 131 2623 ob
147 2562 175 2622 id
190 2560 368 2642 λιθοτόμος
384 2567 603 2640 cognominatus
618 2575 672 2623 est.
702 2564 735 2627 ld
749 2565 806 2626 boc
819 2567 905 2627 modo
919 2567 964 2626 lit:
981 2568 1080 2628 Uncus

92 2647 215 2720 injicitur
233 2647 344 2707 calculo
362 2649 422 2725 sic,
437 2656 467 2706 ut
480 2647 566 2707 facile
578 2665 640 2706 eum
657 2665 827 2708 concussum
840 2667 955 2729 quoque
971 2659 1079 2724 teneat,

92 2749 128 2789 ne
146 2733 171 2789 is
189 2738 268 2791 retro
286 2731 465 2791 revolvatur:
481 2740 538 2790 tum
554 2731 755 2790 ferramentum
778 2732 929 2792 adhibetur
945 2734 1078 2792 crassitu-

57 2827 83 2869 co
93 2814 165 2873 dinis
182 2813 329 2890 modicae,
345 2816 436 2892 prima
451 2823 532 2890 parte
548 2816 634 2889 tenui,
650 2814 701 2872 sed
717 2824 829 2889 retusa,
847 2815 923 2892 quod
937 2815 1079 2874 admotam

93 2897 224 2973 calculo,
240 2906 268 2955 et
283 2915 321 2956 ex
332 2897 421 2956 altera
438 2906 519 2974 parte
533 2898 626 2973 ictum,
645 2915 709 2956 eum
721 2898 813 2967 findit;
829 2915 932 2974 magna
948 2910 1015 2956 cura
1029 2895 1078 2955 ba-

92 2979 166 3054 bita,
189 2998 225 3039 ne
245 2990 293 3039 aut
316 2980 352 3040 ad
372 2982 463 3058 ipsam
487 2981 611 3039 vesicam
634 2980 835 3039 ferramentum
850 2980 1015 3057 perveniat,
1031 2987 1081 3039 aot

92 3064 196 3122 calculi
212 3064 337 3123 fractura
350 3082 387 3122 ne
403 3063 470 3142 quid
487 3062 601 3122 incidat.

152 3149 182 3206 4.
204 3146 266 3206 Hae
290 3165 361 3207 veno
375 3148 536 3206 curationes
558 3149 585 3205 in
608 3146 719 3205 feminis
736 3162 850 3223 quoque
872 3144 978 3203 similes
993 3153 1076 3213 aunt3

56 3250 82 3292 aa
93 3228 128 3287 de
145 3230 247 3308 quibus
265 3239 360 3290 tamen
375 3232 494 3308 proprie
509 3228 648 3308 quaedam
662 3228 782 3287 dicenda
798 3237 871 3287 sunt.
887 3227 1034 3304 Siquidem
1050 3230 1079 3287 in

92 3311 149 3388 luis,
166 3313 214 3372 ubi
227 3314 363 3392 parvulus
379 3313 507 3372 calculus
522 3321 583 3389 est,
613 3312 771 3390 scalpellus
796 3327 994 3389 supervacuus
1018 3321 1077 3379 est;

93 3399 158 3472 quia
175 3397 200 3454 is
217 3399 295 3456 urina
311 3400 340 3456 in
356 3396 500 3456 cervicem
516 3395 713 3473 compellitur;
730 3412 802 3473 quae
819 3405 848 3454 et
862 3393 982 3455 brevior
996 3411 1081 3464 quarn

91 3477 120 3539 in
135 3476 271 3558 maribus,
293 3490 322 3540 et
339 3480 434 3540 laxior
449 3489 503 3538 est.
533 3479 614 3556 Ergo
631 3487 659 3537 et
670 3496 723 3556 per
739 3497 771 3539 se
791 3496 881 3558 saepe
905 3492 960 3537 exc
