2416 3936
460 214 678 278 ..17-

54 360 125 422 solis
161 378 237 439 quas
264 358 372 418 Graeci
400 357 554 437 ephelidas
579 368 694 421 vocant.
740 363 829 422 etiam
861 371 891 424 et
923 366 1078 427 cicatrices

55 452 157 529 nigras
185 448 369 526 ubicumque
398 448 552 508 evenerint
578 446 652 508 haec
685 449 834 522 confectio
866 450 903 510 ad
932 455 1078 514 unitatem

55 537 167 598 coloris
186 540 275 618 cogit,
299 543 329 597 ct
348 535 506 597 coniicitur
524 537 577 598 sic.
612 538 725 598 cumini
744 537 913 598 drachmam
931 539 953 621 1,
976 550 1077 620 guttae

56 629 234 687 ammoniaci
257 632 288 686 ct
306 623 525 704 amygdalarum
547 643 715 686 amararum
735 625 954 688 decoriatarum
971 624 1076 690 drach-

57 733 118 775 mas
143 733 241 795 scnas‚
269 713 393 774 ellebori
419 714 498 791 nigri
521 712 691 774 drachmam
714 713 741 794 1,
768 715 841 775 nitri
863 715 1019 777 drachmas
1042 717 1078 798 11,
1105 730 1118 770 5

58 806 230 865 cucumeris
249 803 375 882 agrestis
394 803 460 861 suci
483 820 519 861 cx
542 802 692 863 radicibus
716 805 850 881 expressi
868 817 903 866 ÷
923 802 959 885 11,
982 804 1078 865 mellis

60 907 90 957 ÷
113 892 182 952 VIII
206 891 347 953 conficies
371 899 401 951 ct
427 889 558 950 maculas
585 909 676 970 supra
699 890 794 951 dictas
817 891 946 962 srIcabis.
988 896 1078 954 etiam

60 991 87 1042 et
103 985 136 1042 in
155 981 273 1041 lavaero
288 985 484 1059 sympasmate
499 980 594 1040 uteris
613 978 692 1057 quod
713 979 853 1040 conficies
868 982 920 1040 sic.
952 980 1077 1060 sulphur

60 1072 156 1131 vivum
186 1077 217 1130 et
243 1070 358 1129 nitrum
388 1074 418 1128 ct
444 1067 555 1128 herbae
583 1067 761 1128 draconteae
787 1067 904 1128 radices
933 1075 963 1129 et
989 1068 1077 1130 ibisci

61 1159 174 1219 radices
202 1159 312 1238 simas,
340 1158 473 1216 omnium
501 1162 642 1235 quattuor
666 1169 701 1217 ÷
724 1155 868 1236 singulas,
896 1164 1009 1236 myrtae
1033 1159 1076 1218 ni·
1092 1173 1117 1212 ro

59 1247 148 1326 gellac
178 1248 276 1307 siccae
305 1260 340 1308 ÷
361 1243 402 1326 11,
430 1243 555 1305 ellebori
581 1247 660 1323 nigri
683 1252 713 1304 et
743 1243 971 1306 chamaeleontis
999 1247 1078 1324 nigri

59 1337 166 1397 radicis
193 1334 225 1394 id
248 1341 295 1395 est
318 1334 396 1394 seira
421 1331 547 1414 [nigra]‚
575 1332 728 1394 ambarum
756 1335 925 1412 specierum
947 1346 982 1396 ÷
1006 1351 1076 1414 qua·

58 1432 168 1485 ternas.
210 1440 286 1502 quae
315 1420 466 1483 tundenda
494 1428 564 1482 sunt
591 1422 760 1482 tunduntur
791 1429 821 1482 et
849 1439 925 1500 quac
953 1422 1077 1482 terenda

58 1522 126 1574 sunt
155 1518 311 1593 teruntur,
339 1517 369 1571 ct
397 1509 486 1571 simul
513 1512 672 1571 commixta
698 1511 810 1571 iterum
835 1512 868 1571 iu
890 1528 950 1570 uno
980 1528 1076 1591 usquc

57 1602 90 1662 ad
113 1601 252 1662 ultimam
275 1601 451 1660 tenuitatem
474 1598 648 1674 teruntur!
1091 1613 1117 1653 15

128 1832 144 1880 1
165 1822 313 1894 ephelidas
331 1839 361 1892 9²
381 1821 500 1877 effilidas
513 1829 546 1892 p,
565 1821 684 1877 ofelidas
703 1838 726 1878 c.
818 1829 835 1876 2
854 1821 1012 1878 evenerint:
1031 1837 1077 1876 ve·

57 1897 129 1952 nerii
147 1913 175 1967 9,
194 1895 289 1949 —rint
301 1911 334 1964 p,
351 1893 458 1949 fuerint
475 1910 497 1948 c.
587 1893 642 1966 hpc
660 1892 799 1948 confectio
818 1910 848 1963 p:
867 1909 917 1948 om.
932 1907 979 1962 pc.
1060 1898 1076 1946 3

58 1966 164 2022 cumini
181 1983 213 2037 9:
233 1965 330 2020 cimini
343 1980 390 2034 pc.
472 1964 553 2034 gutte
567 1981 603 2033 p:
623 1965 706 2032 gnita
723 1981 742 2034 p
761 1965 841 2032 (guia
859 1965 893 2031 c).
984 1968 1078 2016 Iam·

56 2037 180 2093 moniaci
197 2053 248 2108 pp:
268 2052 335 2090 -ce
351 2052 374 2091 c.
447 2037 475 2089 et
488 2052 533 2106 pc:
553 2051 602 2089 orn.
614 2052 644 2104 p.
718 2033 877 2103 amigdulas
892 2034 952 2101 (εἰσ)
968 2049 1077 2087 amaras

56 2110 216 2164 decoriatus
234 2125 260 2178 9,
279 2106 485 2176 amigdalerum
504 2122 664 2160 amararum
684 2105 864 2160 decoctarum
879 2122 902 2171 c,
921 2105 1079 2174 amigdala?

55 2197 126 2236 ame.
152 2182 183 2234 ei
204 2178 362 2233 decoriata?
379 2194 409 2246 p.
503 2178 635 2246 dragmas
658 2194 739 2232 senas
762 2193 808 2247 gc:
831 2183 858 2240 3.
877 2175 924 2230 VI.
939 2193 969 2245 p.
1061 2181 1076 2230 5

55 2250 223 2305 Elleborum
245 2248 365 2318 nigrum.
398 2247 503 2302 nitrum
528 2248 683 2317 dragmam.
706 2248 727 2301 1.
751 2265 776 2318 9.
824 2247 941 2302 ellebori
958 2247 1032 2318 nigri
1050 2254 1075 2310 5.

54 2322 75 2379 L
93 2323 166 2376 nitri
185 2320 263 2388 (miri
281 2322 305 2389 c)
324 2326 350 2382 5.
369 2319 403 2374 ΙΙ.
423 2336 456 2388 cp
470 2319 573 2387 (Petu).
647 2326 663 2373 6
682 2318 804 2387 expressi
817 2335 862 2390 gc:
882 2320 912 2372 eb
929 2317 1031 2387 prassii
1046 2334 1077 2386 p.

55 2399 70 2447 7
90 2392 207 2447 conficis
222 2408 283 2462 pop,
301 2391 417 2445 herendo
436 2390 540 2444 confice
562 2389 636 2444 Petr.
710 2407 794 2458 supra
811 2389 902 2443 dicias
920 2405 965 2460 gc:
985 2405 1035 2444 om.
1046 2405 1076 2457 p.

55 2471 71 2519 8
90 2464 289 2533 syti)mpasma
302 2478 348 2533 pc:
368 2461 549 2530 sinapismaie
558 2477 589 2529 p.
662 2460 737 2528 quod
747 2476 797 2528 pc:
817 2477 901 2529 quam
915 2477 953 2531 gs
1014 2477 1077 2514 con·

55 2536 115 2589 ficis
134 2551 163 2606 p,
183 2531 293 2587 —ciinr
306 2549 352 2602 pc.
439 2531 742 2599 sulphur...nii1um
760 2549 791 2601 p:
811 2530 952 2600 sulphuris
970 2530 1030 2584 vivi
1049 2533 1078 2585 el

55 2607 123 2660 nitri
143 2622 159 2660 c
177 2603 331 2673 (sulphuris
350 2602 409 2658 vivi
426 2603 496 2657 habri
514 2603 582 2656 rad'.
602 2602 770 2672 dragondee.
797 2602 856 2657 rad'
876 2599 979 2656 hibisci
997 2601 1077 2657 sicce.

56 2677 175 2742 †Ioic
188 2676 232 2745 p).
323 2676 393 2728 aet
414 2672 543 2744 i[n]visci
565 2690 584 2743 g
607 2675 640 2741 (ic
662 2673 743 2727 misci
766 2674 799 2741 c).
896 2678 929 2726 10
953 2672 1078 2726 omnium

56 2752 179 2816 quotuor
196 2762 229 2816 g:
248 2762 299 2800 ora.
313 2763 344 2815 p.
418 2744 543 2799 omnium
561 2775 595 2784 -
615 2744 706 2798 siccae
724 2759 815 2799 oruc.
888 2745 963 2812 myie
983 2745 1079 2812 (simp

58 2819 151 2886 (mirte
166 2819 211 2888 p).
304 2822 336 2870 11
357 2817 386 2870 el
403 2833 434 2886 p:
453 2833 504 2869 om.
515 2832 561 2885 pc.
652 2816 841 2869 cameleoniae
860 2830 877 2884 9
896 2816 973 2882 (-ie
987 2815 1035 2881 pc)
1054 2818 1079 2866 ct

57 2906 144 2958 cupra
162 2895 206 2959 9⁰:
236 2887 285 2957 „ra
306 2888 411 2942 hedera
432 2887 515 2956 nigre
539 2887 665 2957 (glossam
687 2888 811 2955 sequitur
829 2886 913 2952 Peto.)
939 2884 1015 2939 idem
1037 2885 1080 2937 aab

57 2964 86 3014 et
104 2960 235 3014 cameles
251 2960 336 3028 abque
355 2958 469 3013 scissa“.
540 2957 638 3027 nigrae
657 2975 682 3027 p,
701 2958 780 3028 nigre
799 2974 840 3026 cp.
919 2961 952 3009 12
970 2955 1079 3009 radices

59 3031 163 3102 plrad'
178 3032 222 3100 p),
241 3046 292 3084 om.
311 3045 332 3084 c.
405 3027 443 3084 id.
464 3046 493 3083 se
512 3029 555 3082 fra
570 3028 653 3100 nigra
670 3045 696 3098 g,
714 3028 732 3083 i.
752 3028 811 3082 seia,
829 3027 910 3096 nigra
928 3043 950 3092 c,
969 3025 987 3078 i.
1007 3024 1079 3078 seire

61 3102 137 3172 nigre
164 3119 184 3169 p
213 3102 255 3169 (io
282 3105 358 3154 lectu
381 3102 489 3168 omues).
597 3105 634 3154 air
653 3106 678 3163 3.
701 3100 755 3153 IIII
774 3101 834 3167 (orn.
858 3097 1023 3166 specierum)
1047 3109 1077 3162 p.

63 3178 93 3226 13
111 3189 187 3241 quae
207 3203 241 3210 -
259 3173 389 3225 teruntur
401 3187 448 3242 pc:
467 3187 521 3239 que
541 3173 607 3225 sunt
623 3171 741 3225 terenda
759 3171 886 3224 terantur
900 3169 929 3220 ei
943 3182 997 3233 que
1016 3167 1079 3218 iun·

63 3243 146 3297 tenda
159 3242 313 3296 tundantur
321 3260 353 3311 p.
429 3248 462 3296 14
477 3245 542 3296 suni
555 3243 663 3297 bloom.
677 3259 691 3296 c
704 3244 746 3309 (ut
756 3243 797 3309 p).
869 3238 972 3291 iberum
987 3251 1037 3291 om.
1047 3251 1079 3304 p.

66 3312 167 3437 punc
189 3330 225 3384 p:
247 3313 278 3368 in
302 3315 405 3384 vinop
429 3313 521 3381 (Nunc
547 3331 574 3380 c,
599 3314 649 3368 nbi
671 3313 740 3367 male
763 3309 964 3378 distrugcc'tur).
1046 3311 1080 3360 15

92 3387 186 3439 rantur
200 3401 231 3454 p.

118 3572 233 3613 cassius
247 3572 341 3623 Felix,
358 3572 393 3613 ed.
408 3573 435 3612 V.
450 3572 515 3612 Rosa.
903 3563 918 3609 2
