2414 3924
134 197 177 262 32
371 208 420 256 ns
441 208 505 255 nrn
526 207 657 254 utram
680 206 754 254 cnr.
771 206 856 254 xvir.

136 350 301 410 diutissime
315 350 436 408 vixisset
450 347 498 408 die
513 347 617 406 mortis
632 364 702 406 suae
717 346 805 424 primi
824 345 934 406 saeculi
951 346 1108 409 modulum

135 435 236 502 linire,
256 450 350 510 coque
365 432 413 493 die
429 434 478 510 qui
494 439 593 492 essent
605 430 712 510 reliqui
725 432 757 490 in
773 432 900 504 civitate,
923 431 960 492 de
976 431 1024 492 his
1039 451 1109 493 rur·

135 536 201 579 sum
217 520 281 577 eius
296 524 433 586 mortem,
450 517 500 594 qui
516 515 717 594 longissimam
734 517 843 592 egisset
857 522 997 586 aetatem,
1015 517 1109 578 finem

137 619 202 663 csse
228 600 337 662 saeculi
363 601 496 661 secundi.
542 602 585 660 sic
610 600 752 678 deinceps
775 607 894 680 tempus
919 600 1108 680 reliquorum

136 687 300 747 terminari.
325 685 376 745 sed
394 702 427 745 ea
439 684 518 763 quod
534 686 706 761 ignorarent
717 684 862 753 homiues,
878 693 1017 763 portenta
1030 688 1108 747 mitti
1126 698 1140 746 5

136 771 291 839 divinitus,
320 769 428 849 quibus
444 769 673 829 admouerentur
688 786 781 828 unum
798 769 937 847 quodque
952 770 1108 832 saeculum

103 865 204 917 cesse
226 855 350 914 linitum.
395 853 470 914 haec
497 861 634 932 portenta
656 854 773 914 Etrusci
795 871 849 930 pro
872 853 1035 932 haruspicii
1063 856 1108 916 di·

136 938 338 1018 sciplinaeque
364 954 435 999 suae
461 939 565 1014 peritia
591 937 747 1016 diligenter
773 937 928 1000 observata
954 940 986 998 in
1012 938 1109 1000 libros

135 1022 324 1084 rettulerunt.
357 1040 450 1101 quare
465 1024 496 1082 in
512 1022 617 1082 Tuscis
632 1023 771 1092 historiis,
788 1041 864 1101 quac
879 1031 983 1084 octavo
1000 1042 1107 1085 eorum

136 1107 255 1168 saeculo
270 1109 399 1186 scriptae
415 1115 498 1175 suut,
522 1114 555 1166 ut
570 1108 663 1166 Varro
678 1114 817 1176 testatur,
840 1114 870 1167 et
884 1114 957 1187 quot
976 1124 1107 1170 numero
1125 1119 1154 1168 tc

136 1191 254 1252 saecula
275 1193 302 1250 ei
318 1192 480 1268 gentidata
501 1192 560 1250 sint
582 1199 610 1251 et
625 1197 842 1254 transactorum
863 1190 979 1269 singula
994 1202 1106 1270 quanta

136 1276 246 1335 inerint
266 1275 411 1354 quibusve
426 1277 548 1336 ostentis
563 1293 666 1336 eorum
683 1277 779 1336 exitus
794 1276 938 1354 designati
953 1277 1013 1336 sint
1034 1296 1108 1338 con·

135 1360 255 1419 tinetur.
292 1362 390 1438 itaque
410 1362 555 1438 scriptum
577 1369 623 1420 cst
642 1369 781 1440 quattuor
802 1361 896 1438 prima
918 1360 1037 1422 saccula
1053 1380 1106 1423 an·

136 1461 243 1504 norum
265 1444 355 1505 luisse
377 1452 550 1515 centenum,
580 1446 715 1523 quintum
737 1453 856 1506 centum
877 1445 979 1523 viginti
1000 1449 1105 1518 trium,

136 1536 252 1590 sextum
274 1529 455 1607 undeviginti
471 1534 500 1591 et
515 1536 649 1597 centum,
679 1531 837 1608 septimum
853 1530 991 1602 totidem,
1023 1540 1106 1593 octa·
1124 1542 1151 1591 15

136 1631 204 1673 vum
220 1620 283 1674 tum
299 1614 417 1675 demum
434 1615 496 1693 agi,
513 1631 623 1675 nonum
641 1621 670 1674 et
684 1613 832 1675 decimum
847 1631 1023 1694 superesse,
1041 1618 1107 1696 qui·

136 1696 193 1760 bus
207 1700 365 1766 transactis
380 1699 469 1758 linem
485 1699 551 1759 lore
567 1699 693 1759 nominis
707 1699 835 1760 Etrusci.

101 1789 117 1838 ἰ
199 1782 401 1844 Romanorum
423 1790 522 1843 autem
538 1783 652 1844 saecula
669 1783 787 1862 quidam
803 1783 881 1844 ludis
902 1782 1106 1847 saecularibus

134 1874 239 1946 putant
267 1868 422 1946 distingui:
453 1869 500 1928 cui
522 1869 565 1928 rei
585 1868 658 1928 fides
684 1868 709 1926 si
728 1874 808 1929 certa
828 1874 887 1938 est,
918 1867 1026 1928 modus
1046 1868 1105 1930 lio·

135 1953 215 2012 mani
240 1951 351 2012 saeculi
381 1958 425 2012 est
450 1953 588 2013 incertus.
634 1960 802 2030 temporum
830 1952 908 2012 enim
937 1952 1147 2023 intervallato
1191 1934 1196 2035 Ι

136 2035 243 2115 quibus
262 2035 323 2095 ludi
339 2036 385 2096 isti
401 2035 528 2096 debeant
542 2036 664 2103 reler'ri,
687 2053 747 2096 non
764 2037 852 2096 modo
868 2045 976 2114 quanta
992 2037 1105 2099 luerint

135 2127 216 2181 retro
237 2121 404 2198 ignoratur,
428 2121 480 2181 sed
496 2140 533 2181 ue
556 2129 664 2200 quanta
681 2121 798 2200 quidem
820 2139 885 2182 esse
901 2120 1032 2181 debeant
1046 2124 1104 2183 sci·
1190 2148 1194 2167 ·

98 2213 117 2261 8
136 2212 193 2264 tur.
228 2223 296 2264 nam
313 2207 351 2265 ita
373 2207 537 2266 institutum
560 2223 639 2276 esse,
662 2214 694 2265 ut
709 2207 871 2274 centesimo
888 2214 1009 2282 quoque
1025 2224 1103 2268 anno

134 2290 253 2358 fierent,
270 2288 297 2347 id
315 2307 382 2349 cum
397 2290 497 2350 Antias
513 2289 622 2368 aliique
638 2291 770 2350 historici
786 2297 922 2350 auctores
937 2299 1022 2362 sunt,
1039 2299 1103 2356 tum

135 2373 228 2433 Varro
257 2374 293 2433 de
315 2375 457 2433 scaenicis
484 2373 648 2450 originibus
674 2373 750 2434 libro
773 2376 871 2453 primo
893 2375 931 2435 ita
956 2378 1102 2454 scriptum
1119 2383 1146 2433 25

134 2456 267 2532 reliquit:
298 2475 375 2516 cum
399 2456 511 2518 multa
534 2465 709 2536 portenta
732 2459 887 2530 fierent,
917 2465 953 2519 et
975 2477 1104 2521 murus

133 2556 174 2599 ac
202 2541 336 2605 turris,
372 2560 468 2620 quae
495 2550 579 2603 sunt
611 2544 710 2604 inter
738 2553 882 2622 portam
914 2542 1101 2606 Collinam

132 2630 171 2684 et
192 2622 440 2701 Esquilinam,
471 2626 638 2689 decaelo
660 2636 763 2689 tacta
791 2635 929 2698 esseut,
958 2637 993 2689 et
1016 2629 1101 2691 ideo

202 2947 227 2994 7.
247 2947 430 3010 aruspiciiV
477 2945 769 3011 oreoipmnaequaeu
837 2951 861 3000 9
880 2963 1100 3000 nerrrrunenuur
1193 2996 1195 3003 .

132 3014 166 3074 D,
186 3013 341 3063 retulerunt
356 3014 383 3062 V
450 3013 498 3063 10:
509 3015 673 3066 ntdioros.
726 3015 880 3078 erquooll
949 3018 990 3065 11.
1009 3021 1099 3066 truns-
1193 3026 1195 3037 ¹

132 3082 258 3130 ceterum
285 3081 321 3140 V,
345 3097 412 3132 corr.
431 3097 463 3130 m.
483 3085 499 3130 2
570 3083 608 3132 12.
632 3096 817 3133 ιιοιιιιιιοιιιιι
834 3084 872 3144 D,
899 3084 1098 3142 coutinetnrd,

132 3148 267 3206 itemV,¹
258 3149 543 3213 coquentinettmss
532 3166 622 3200 rores.
694 3151 735 3200 14.
748 3151 1021 3214 courenusuitinll,
1035 3168 1100 3202 nunc

129 3220 191 3278 post
214 3229 285 3264 cenr
309 3221 348 3265 eet
365 3232 459 3266 rasura
477 3219 552 3266 trium
569 3219 711 3268 litterarum
735 3225 761 3268 et
777 3234 822 3268 ιιιιι
844 3234 990 3302 superam,
1022 3221 1100 3271 tertio

132 3288 215 3331 autem
238 3285 293 3331 loco
311 3290 443 3347 comparet
464 3287 539 3334 etiam
556 3301 621 3335 nunc
639 3287 728 3336 ductus
749 3292 911 3337 transversus
928 3289 972 3354 qui
988 3287 1042 3351 Μ
1058 3302 1101 3338 ιιι-

128 3363 181 3411 per
198 3364 229 3410 ιι;
255 3352 338 3401 centii
360 3352 387 3400 V
454 3354 577 3417 quinrum
598 3350 682 3416 (inin
699 3353 763 3417 rac.)
782 3356 807 3403 D
877 3356 917 3406 15
936 3356 1100 3407 unumderi·

132 3415 202 3478 giuti
221 3417 270 3466 dV
335 3419 377 3471 22,
397 3419 499 3469 debeat
521 3418 572 3482 V¹‚
591 3437 660 3474 corr.
679 3437 709 3470 m.
727 3424 744 3471 2
813 3424 854 3473 25
874 3423 996 3473 scenicis
1019 3424 1046 3472 V

125 3481 173 3530 26.
190 3498 280 3534 muros
303 3486 327 3533 V
395 3488 436 3537 28.
453 3491 543 3538 tractu
565 3488 594 3536 V
