2414 3924
151 231 214 294 130
421 239 465 286 u.
484 237 513 284 c.
532 237 631 286 cnnsr
653 236 846 285 unnrcruuu

152 398 235 475 §7).
273 393 343 454 Tum
366 394 545 453 commodum
568 401 628 467 est,
653 392 823 469 hyssopum,
850 391 899 450 vel
920 400 1071 470 nepetam,
1101 393 1152 453 vel

152 481 294 555 thymum,
316 477 365 536 vel
381 477 568 551 absinthium,
583 476 632 535 vel
647 476 731 536 etiam
744 474 887 550 furfures,
904 484 952 536 ant
966 476 1037 536 licus
1052 477 1150 537 aridas

154 583 217 625 cum
239 562 332 622 mulsa
352 579 425 639 aqua
447 561 632 639 decoquere,
657 577 750 638 eaque
765 559 966 636 gargarizare:
989 560 1151 640 posthaec

153 642 278 728 palatum
294 662 404 721 ungere
420 645 468 704 vel
484 644 556 704 felle
570 645 699 719 taurino,
716 643 764 703 vel
777 661 813 702 eo
824 644 1050 721 medicamento,
1070 644 1151 724 quod

154 750 190 791 ex
205 731 293 791 moris
314 737 367 788 cst.
398 728 510 788 Polline
526 729 611 787 etiarn
625 729 735 805 piperis
752 728 778 787 id
793 736 875 787 recte
892 729 1086 805 respergitur.
1118 728 1174 788 Sic

154 835 207 895 per
229 815 304 874 haec
323 829 422 890 parurn
443 812 609 890 proficitur,
632 811 755 870 ultimum
778 820 823 871 est
843 812 973 871 incidere
994 813 1064 871 satis
1082 812 1149 872 altis

154 900 251 978 plagis
274 897 326 956 sub
348 897 418 975 ipsis
440 896 564 956 maxillis
589 912 676 971 supra
697 895 819 969 collum,
848 898 924 954 etin
949 896 1047 971 palato
1077 898 1150 956 citra

155 1001 253 1056 uvam,
276 980 325 1040 vel
344 999 396 1040 ecs
417 998 522 1057 venas,
547 997 621 1057 quae
637 978 690 1038 sub
709 979 805 1056 lingua
819 987 898 1047 sunt;
922 988 951 1038 ut
966 997 1070 1056 perca
1087 979 1149 1039 vul·

152 1085 223 1126 nera
245 1064 361 1124 morbus
382 1072 521 1142 erumpat.
557 1062 667 1138 Quibus
689 1064 712 1121 si
732 1080 788 1122 non
808 1064 895 1123 fuerit
916 1081 1007 1141 aeger
1022 1064 1148 1140 adjutus,

155 1152 232 1210 scire
248 1149 318 1208 licet
334 1149 409 1208 melo
424 1150 530 1208 victum
546 1165 623 1206 csse.
645 1148 675 1206 si
690 1163 761 1205 uero
776 1147 819 1205 his
834 1147 952 1206 morbus
965 1148 1077 1207 levatus
1091 1157 1147 1223 est,
1160 1162 1184 1202 ro

149 1237 267 1310 Jamque
282 1233 383 1291 fauces
398 1241 427 1291 et
443 1231 537 1291 cibum
554 1239 584 1289 et
598 1230 726 1307 spiritum
742 1231 872 1308 capiunt,
889 1231 983 1290 facilis
996 1232 1031 1290 ad
1043 1230 1149 1291 bonam

153 1315 347 1376 valetudinem
367 1333 502 1375 recursus
526 1324 579 1374 est.
624 1313 720 1393 Atque
741 1315 879 1374 interdum
903 1324 1004 1375 natura
1030 1332 1148 1393 quoque

154 1401 285 1477 adjuvat,
315 1401 340 1459 si
366 1418 403 1458 ex
425 1401 590 1477 angustiore
612 1397 682 1456 sede
708 1400 805 1458 vitium
826 1401 927 1458 transit
949 1401 976 1457 in
997 1399 1147 1458 latiorem:

153 1486 250 1562 itaque
267 1483 375 1543 rubore
394 1493 423 1542 et
442 1493 554 1543 tumore
569 1483 597 1540 in
612 1483 792 1560 praecordiis
808 1492 889 1557 orto,
909 1483 985 1542 scire
1000 1483 1070 1542 licet
1085 1483 1147 1542 iau·

155 1587 205 1629 ces
228 1567 345 1628 liberari
367 1564 463 1647 (Apb.
480 1565 534 1640 Vl,
553 1566 608 1633 37;
631 1564 700 1639 Vll,
717 1567 784 1642 47).
820 1564 966 1645 Quidquid
988 1575 1082 1626 autem
1098 1585 1148 1626 ecs
1159 1581 1183 1621 ιι

153 1653 272 1728 levarit,
294 1650 487 1728 incipiendum
502 1660 546 1709 est
562 1649 598 1709 ab
613 1650 750 1725 humidis,
774 1652 955 1730 maximeque
972 1669 1045 1728 aqua
1056 1650 1149 1710 mulsa

154 1736 295 1797 decocta:
318 1735 423 1795 deinde
443 1735 605 1795 assumendi
625 1734 731 1793 molles
751 1744 781 1793 et
801 1751 858 1793 non
881 1753 965 1794 acres
991 1734 1048 1793 cibi
1071 1743 1147 1809 sunt,

154 1822 249 1881 donee
265 1821 365 1879 fauces
381 1820 415 1879 ad
430 1820 578 1898 pristinum
592 1817 716 1878 habitum
730 1828 921 1878 revertantur.
941 1817 1037 1894 Vulgo
1051 1819 1157 1894 audio,

153 1906 177 1964 si
201 1906 264 1984 quis
289 1903 398 1982 pullum
423 1903 579 1962 hirundinis
604 1902 697 1962 ederit
724 1903 777 1981 (cf.
801 1903 872 1961 Plin.
897 1900 992 1978 XXX,
1017 1903 1054 1977 4,
1080 1903 1147 1982 12),

153 1991 257 2066 angina
281 1997 342 2046 toto
360 2003 434 2046 enno
451 2004 508 2046 non
524 1986 696 2065 periclitari;
720 1996 924 2064 servatumque
940 2004 1005 2045 cum
1020 2004 1058 2044 ex
1073 1986 1181 2060 saleco

154 2091 238 2152 quum
260 2074 283 2130 is
306 2071 422 2130 morbus
438 2080 539 2147 urget,
565 2069 711 2146 comburi,
735 2070 947 2148 carbonemque
964 2071 1026 2145 ejus
1043 2071 1148 2128 contri·

152 2167 210 2216 tum
231 2157 258 2214 in
280 2173 381 2233 aquam
402 2155 539 2229 mulsam,
559 2172 632 2231 quae
653 2156 732 2230 potui
754 2155 852 2229 detur,
879 2154 1003 2227 infriari,
1030 2163 1059 2213 et
1082 2172 1148 2231 pro-

154 2241 240 2300 desse
266 2239 320 2318 (ci.
338 2239 408 2297 Ptin.
426 2238 445 2298 l.
463 2238 510 2315 1.).
550 2236 581 2295 ld
597 2255 682 2314 quum
696 2237 819 2298 idoneos
834 2247 969 2298 auctores
985 2255 1022 2296 ex
1037 2238 1148 2315 populo

153 2323 274 2396 habeat,
300 2340 396 2400 neque
414 2321 522 2381 habere
538 2321 690 2398 quidquam
707 2323 827 2398 periculi
845 2324 954 2401 possit,
974 2325 1104 2398 quamvis
1121 2324 1149 2381 in

154 2408 343 2466 monumentis
359 2406 535 2464 medicorum
554 2422 611 2463 non
627 2404 764 2480 legerim,
781 2415 875 2465 tamen
886 2407 1068 2466 inserendum
1081 2407 1181 2465 huicce

154 2491 236 2568 operi
251 2507 316 2548 meo
336 2488 454 2548 credidi.

411 2726 594 2786 oAPuu
627 2727 738 2786 vuur
763 2724 824 2803 ιιι,
842 2727 884 2803 21.

478 2841 514 2889 De
533 2840 682 2890 difficultate
701 2841 822 2905 spirandi.

214 2991 267 3052 Est
289 2994 374 3052 etiarn
391 2994 467 3053 circe
484 2993 584 3052 fauces
599 2993 718 3066 malum,
739 2993 817 3072 quod
834 2993 907 3070 apud
925 2991 1054 3053 Graecos
1070 2992 1147 3052 aliud

152 3078 287 3156 aliudque
302 3096 406 3138 nomeu
422 3077 523 3152 habet,
539 3086 624 3154 prout
638 3097 670 3136 se
683 3077 810 3136 intendit
835 3075 923 3136 Omne
937 3079 964 3152 iu
976 3075 1145 3135 difficultate
1158 3095 1183 3134 ao

153 3163 443 3239 spirandiccnsistit:
468 3162 690 3222 sedhcecdum
705 3162 896 3233 modioaest,
919 3168 1146 3238 nequeextoto

153 3246 328 3322 strangulat,
351 3240 517 3306 δύσπνοια
532 3245 709 3323 appellatur:
721 3243 1036 3339 quumvehementior
1032 3252 1093 3317 est,
1117 3252 1148 3301 ut

153 3330 265 3405 spirare
282 3348 373 3406 aeger
391 3332 454 3389 sine
473 3347 546 3389 sono
566 3339 594 3388 et
610 3329 794 3389 anhelatione
813 3345 869 3387 uon
886 3329 996 3406 possit,
1015 3288 1146 3405 decipe:

150 3431 234 3491 quum
245 3418 369 3475 accessit
385 3416 411 3474 id
434 3431 565 3490 quoque,
592 3431 627 3471 ne
648 3414 702 3470 nisi
724 3421 804 3470 recta
827 3413 942 3470 cervice
958 3413 1073 3489 spiritns
1090 3420 1146 3471 tra·

154 3500 234 3554 hetrur
241 3485 462 3575 ,ὀρθόπνοια
495 3495 539 3553 Ex
555 3494 656 3573 quibus
674 3496 718 3570 id,
741 3495 816 3573 quod
832 3496 951 3573 primurn
967 3503 1027 3571 est,
1047 3503 1183 3573 potestat
