2414 3924
148 208 205 270 116
439 220 472 268 s.
488 218 518 268 o.
535 219 637 268 oausr
651 199 846 267 mammisea

143 393 222 450 sum,
239 385 270 434 ut
282 374 423 434 resolutio
435 375 543 433 ventris
555 383 682 434 maneat:
700 382 757 432 tum
767 372 861 432 altero
873 372 967 432 triduo
981 370 1139 432 validiores

143 459 243 534 oibos,
265 467 294 518 et
315 457 409 517 earnis
431 474 547 536 quoque
570 457 778 535 aliquidem,
801 458 873 515 intra
889 472 990 533 aquam
1006 473 1138 515 manere:

144 541 248 603 deinde
268 541 304 601 ad
325 542 457 618 superins
475 559 567 617 genus
587 542 680 601 vietus
696 540 907 614 reverti‚·oum
925 557 980 614 eo,
1006 547 1035 599 ut
1048 541 1140 615 magis

145 626 278 693 satiatum
294 626 402 683 omisso
414 642 524 702 graeco
535 626 602 684 vino
616 623 670 702 (ol.
685 642 713 702 p.
723 624 734 682 1
744 623 794 699 15,
807 623 827 681 l.
840 624 894 692 35;
912 623 1055 700 ρ.118,1.
1071 623 1139 700 17),

144 708 245 768 bibare
256 708 409 784 integrum,
423 717 568 768 austerum
581 707 709 785 (uidet.
720 705 757 782 Χ,
772 704 842 784 18);
856 715 942 785 atque
954 709 992 766 ita
1004 724 1058 785 per
1066 707 1140 765 baeo
1152 735 1164 773 n

140 793 268 868 variare,
284 800 313 850 ut
328 790 468 850 interdum
481 810 566 850 aores
581 807 697 871 quoque
713 790 796 860 oibos
808 793 982 868 interponat,
998 790 1150 849 interdum-

145 875 180 936 ad
196 875 303 935 salsam
317 876 411 934 vinum
427 873 537 934 redeat.
558 875 614 934 Per
627 883 799 933 omne'vero
816 884 929 953 tempus
944 874 1079 933 utendum
1095 883 1140 932 est

145 960 372 1035 exercitatione,
397 958 548 1026 iriotione;
577 959 601 1016 si
622 958 714 1017 biems
740 967 799 1032 est,
827 958 949 1018 balneo:
981 959 1005 1017 si
1030 967 1139 1033 aestas,

145 1042 257 1119 frigidis
272 1042 479 1107 natationibus;
503 1041 581 1101 leoto
596 1043 696 1116 etiam,
714 1049 743 1099 et
759 1043 891 1101 oonolari
908 1040 1046 1117 cultiore,
1064 1041 1139 1116 lusu,

141 1127 230 1202 joco,
252 1125 345 1200 ludis,
368 1126 504 1200 laseivia‚
528 1143 582 1203 per
603 1143 676 1202 qaae
693 1142 773 1184 mens
788 1125 978 1185 exhilaretur:
1008 1124 1045 1184 ob
1065 1142 1139 1202 quae
1153 1140 1176 1180 m

103 1223 105 1227 ·
145 1211 243 1285 regius
258 1208 374 1268 morbus
390 1208 482 1268 dietus
499 1208 620 1268 videtur.
652 1207 793 1285 Malagma
809 1226 944 1288 quoque,
966 1207 1043 1288 quod
1059 1208 1140 1284 dige-

145 1301 205 1366 rat,
229 1309 317 1369 super
333 1290 504 1370 praeoordia
522 1291 616 1352 datum
633 1289 768 1370 p'rodest3
789 1293 837 1351 vel
853 1293 932 1352 arida
947 1292 985 1351 ibi
1003 1291 1073 1351 dous
1094 1311 1141 1351 su-

144 1382 351 1459 perimposita,
369 1384 393 1440 si
407 1385 492 1458 jeour
508 1392 556 1442 aut
573 1383 659 1442 lienis
671 1380 793 1440 alieotus
809 1385 863 1438 est.

474 1611 498 1672 O
511 1612 540 1670 A
550 1613 576 1671 P
588 1613 618 1673 U
629 1613 657 1670 Τ
693 1614 726 1672 X
736 1613 768 1671 X
779 1612 817 1672 V.

538 1728 574 1778 De
590 1727 747 1794 Elephantis.
1155 1727 1177 1766 15

206 1879 324 1956 Ignotus
340 1887 434 1938 autem
450 1896 543 1956 paene
558 1879 695 1955 initalia,
713 1879 963 1958 frequentissimus
979 1880 1006 1938 in
1025 1878 1141 1956 quibus·

144 1962 209 2022 dam
230 1962 399 2039 regionibus
419 1963 444 2020 is
460 1963 576 2023 morbus
599 1973 661 2038 est,
686 1980 769 2041 qaam
786 1951 1020 2041 ἐλεφαντίασιν
1036 1960 1142 2021 Graeci

146 2054 267 2106 vooant:
293 2047 375 2125 isque
399 2046 494 2123 longis
515 2056 725 2106 annumeratur.
765 2045 868 2105 Totum
890 2063 996 2123 eorpus
1019 2045 1143 2104 allicitur

146 2130 201 2204 ita,
225 2137 256 2188 ut
278 2147 345 2189 ossa
370 2147 486 2208 quoque
510 2131 603 2189 vitiari
620 2130 758 2189 dieantur.
796 2131 909 2189 Summa
924 2147 991 2207 pars
1008 2129 1143 2207 corporis

146 2211 265 2272 crebras
291 2213 418 2272 maonlas
446 2212 625 2290 crebrosque
647 2222 776 2272 tumores
798 2213 900 2280 habet;
935 2213 1024 2272 rubor
1044 2229 1177 2274 earumao

146 2295 281 2374 paulatim
305 2298 332 2353 in
352 2305 443 2355 atrum
466 2296 594 2354 oolorem
619 2298 809 2363 convertitur;
843 2315 951 2357 summa
971 2298 1042 2356 ontis
1063 2296 1141 2355 inae-

147 2377 270 2456 qualiter
286 2396 400 2453 orassa,
422 2380 531 2454 tenuis,
554 2379 639 2454 dura,
656 2380 826 2459 mollisque,
843 2382 924 2458 quasi
940 2380 1065 2458 squamis
1080 2381 1142 2458 qui·

146 2459 265 2518 busdam
288 2472 494 2543 exasperatum
515 2480 621 2541 eorpus
641 2466 827 2532 emaoresoit;
850 2481 899 2541 os,
922 2482 1024 2538 surae,
1049 2463 1142 2540 pedes

147 2546 353 2604 intumescunt:
376 2545 423 2603 ubi
444 2554 527 2604 vetus
546 2547 663 2606 morbus
682 2557 744 2623 est,
764 2547 845 2625 digiti
867 2550 895 2606 in
912 2547 1040 2606 manibus
1061 2546 1142 2624 pedi·

146 2627 258 2704 busque
281 2628 334 2687 sub
350 2637 461 2688 tumore
477 2629 651 2707 conduntur,
675 2630 818 2690 lebrioula
836 2632 941 2706 oritur,
964 2648 1037 2708 quae
1053 2630 1141 2689 iaoile
1153 2653 1178 2690 ιι

146 2718 189 2771 tot
211 2711 292 2769 malis
315 2712 445 2772 obrutum
468 2713 611 2773 bominem
634 2717 783 2774 consumit.
821 2715 954 2774 Protinus
976 2731 1047 2790 ergo
1069 2715 1144 2773 inter

146 2795 224 2852 batia
251 2798 368 2871 sangnis
391 2815 444 2873 per
473 2797 587 2857 biduum
613 2799 685 2857 mitti
707 2797 811 2874 debet,
842 2808 890 2859 aut
916 2800 999 2875 nigro
1025 2807 1142 2858 veratro

145 2887 249 2936 venter
264 2879 354 2938 solvi:
379 2881 539 2941 adhibenda
558 2892 630 2956 tum,
649 2892 753 2960 quanta
771 2883 905 2942 sustineri
918 2891 1031 2960 potest,
1048 2881 1143 2941 inedia

146 2969 217 3021 esta
239 2963 353 3039 paulum
377 2963 481 3024 deinde
506 2967 584 3024 vires
609 2965 803 3041 reficiendae,
835 2976 865 3025 et
890 2965 1020 3025 duoenda
1045 2965 1142 3024 alvus:

146 3055 213 3124 post
235 3045 325 3122 baec,
349 3048 397 3107 ubi
423 3065 528 3126 corpus
550 3049 676 3108 levatum
699 3058 762 3123 est,
784 3049 920 3108 utendum
939 3058 983 3108 est
999 3050 1141 3107 exercita·
1154 3066 1178 3105 oo

96 3143 98 3146 ·
146 3131 241 3204 tione,
258 3133 474 3211 praecipueque
491 3127 591 3192 cursu:
614 3133 702 3192 sudor
717 3134 837 3210 primum
853 3132 954 3193 labore
972 3133 1062 3210 ipsius
1078 3149 1142 3190 oor·

147 3216 242 3291 poris,
270 3215 373 3274 deinde
400 3217 484 3275 etiam
506 3218 592 3275 siccis
614 3216 809 3276 sudationibus
833 3216 1013 3276 evocandus:
1046 3214 1142 3273 lrietio

146 3297 320 3357 adhibenda:
355 3299 619 3378 moderandumque
645 3302 718 3359 inter
744 3299 834 3375 haee,
866 3309 896 3358 ut
918 3300 996 3358 vires
1024 3316 1142 3358 oonser-

146 3391 258 3441 ventur.
296 3381 432 3441 Balneum
456 3401 547 3442 rarum
569 3401 636 3442 esse
657 3383 760 3450 debet;
791 3383 872 3442 cibus
894 3384 956 3442 sine
977 3380 1141 3460 pinguibus,

146 3463 208 3522 sirie
228 3464 397 3541 glutinosis,
417 3468 479 3524 sine
494 3465 670 3526 inflantibus:
690 3467 801 3541 vinum,
825 3474 1029 3544 praeterquam
1045 3464 1178 3542 primisss
