2414 3924
541 175 757 239 -16·-

139 325 247 385 iactam
278 320 369 382 biduo
401 320 447 380 vel
474 319 575 381 triduo
603 319 678 380 lacte
712 321 832 398 caprino
864 321 994 400 nutries,
1027 328 1057 382 et
1088 328 1158 399 post

139 411 212 472 haec
236 409 388 470 adhibebis
412 409 558 469 adiutoria
580 409 821 488 metasyncritica
847 408 877 468 id
901 416 948 469 est
970 426 1046 487 qnae
1070 427 1158 470 reno-

139 514 208 560 vare
236 498 350 560 valeant
378 499 554 577 temperiem
583 499 717 577 corporis
745 496 925 578 naturalem,
953 504 987 557 ut
1013 506 1084 558 sunt
1107 498 1158 559 de·

140 589 295 649 siccatoria
323 593 518 666 sympasmata
546 584 591 645 vel
620 593 720 646 cetera
747 602 822 663 quae
851 584 888 645 de
912 584 994 665 cyclo
1018 588 1158 665 superius

113 679 171 737 oin
193 678 331 756 passione
356 677 460 754 capitis
484 676 668 753 scripsimus,

394 833 481 895 Vllll.
519 834 568 894 Ad
591 833 748 895 maculas
771 835 903 912 nigras.

229 957 358 1018 Maculas
371 959 472 1036 nigras
486 955 592 1017 Graeci
606 956 711 1036 alphus
726 957 874 1018 melaenas
889 965 1002 1019 vocant.
1030 976 1157 1020 nascun-

140 1058 190 1109 tur
213 1047 370 1126 aliquando
393 1047 423 1106 in
447 1045 531 1106 vultu
554 1045 710 1123 aliquando
734 1048 764 1106 in
793 1045 923 1106 brachiis
946 1046 1104 1126 aliquando
1126 1050 1158 1108 in

140 1144 203 1197 toto
227 1153 367 1214 corpore,
390 1133 546 1213 aliquando
570 1134 671 1194 fuscae
695 1134 851 1213 aliquando
875 1137 976 1213 nigrae
1000 1135 1158 1215 aliquando

103 1239 129 1278 ιο
144 1241 265 1304 asperae
288 1222 380 1283 veluti
402 1240 557 1303 actuosae,
581 1239 654 1301 quas
678 1222 783 1284 Gracci
805 1222 978 1284 lichenodes
1001 1223 1159 1303 appellant.

142 1332 179 1373 ex
202 1310 413 1372 melancholico
440 1310 566 1371 humore
593 1310 765 1372 alliciuntur
792 1311 822 1372 id
846 1319 892 1372 est
915 1330 951 1372 ex
974 1313 1052 1392 nigri
1081 1311 1159 1374 lellis

142 1400 346 1462 redundantia.

230 1495 389 1568 propterea
422 1489 454 1548 in
483 1489 630 1568 principio
659 1489 821 1549 curationis
854 1488 1015 1550 cathartico
1048 1488 1159 1550 melan·

143 1576 290 1637 cholicum
309 1594 369 1636 non
388 1576 484 1637 solum
507 1575 600 1637 semel
618 1576 671 1637 sed
694 1577 869 1656 frequenter
891 1570 1041 1657 purgabis.
1079 1577 1159 1657 quod

103 1676 129 1718 15
144 1664 339 1726 catharticum
357 1665 497 1726 conficies
515 1667 567 1726 sic.
604 1665 788 1745 epithymum
810 1667 956 1745 optimum
979 1665 1010 1726 id
1033 1673 1160 1727 estnon

144 1755 378 1815 vetustissimum
407 1760 437 1813 et
465 1772 501 1814 ex
528 1753 602 1814 locis
630 1755 785 1814 maritimis
813 1762 966 1834 sumptum
993 1756 1158 1834 quantitate

144 1843 313 1902 semunciae
331 1841 344 1901 1
368 1842 517 1921 decoques
540 1844 572 1902 in
591 1859 684 1921 aquae
706 1842 812 1903 calices
830 1841 951 1903 latiores
974 1860 1100 1904 numero
1119 1843 1159 1903 Ill

53 1989 55 1992 Α
144 1949 239 2010 usque
268 1930 304 1990 ad
332 1933 450 1992 tertiam
477 1937 606 2013 partem,
634 1938 706 1992 tunc
734 1930 891 2010 diligenter
919 1930 1046 2010 liquabis
1070 1939 1100 1992 ct
1128 1933 1159 1992 in

43 2017 45 2021 ⁴
144 2021 208 2098 ipsa
231 2018 403 2080 decoctione
427 2019 566 2080 miscebis
590 2018 743 2099 oxymellis
767 2018 911 2080 coclearia
933 2018 975 2079 lll
998 2026 1029 2080 et
1050 2021 1159 2081 ieiunis

105 2119 131 2158 20
145 2105 237 2166 dabis.
278 2114 399 2187 etpost
422 2107 485 2168 dies
511 2109 695 2187 purgationis
718 2107 775 2168 alio
802 2107 1019 2168 medicamento
1048 2106 1158 2186 uteris]

53 2187 130 2283 diff
144 2194 180 2254 ad
208 2194 337 2255 maculas
365 2197 465 2273 nigras
493 2204 524 2256 et
551 2214 689 2256 zernosas
718 2203 748 2256 et
775 2196 811 2256 ad
841 2196 970 2257 maculas
998 2196 1099 2275 nigras
1127 2198 1159 2257 ln

145 2283 227 2344 vultu
246 2283 365 2344 feminis
383 2302 419 2343 ex
438 2283 592 2344 abortione
610 2284 803 2364 praecedenti
825 2284 917 2345 lactas
935 2283 981 2345 vel
1002 2283 1158 2347 adustione

214 2434 338 2490 luntris
352 2453 399 2506 pe.
489 2436 674 2491 aadhibebis
693 2452 708 2490 c
726 2435 834 2505 (Patr.):
854 2434 982 2491 adhibita
997 2452 1027 2506 p.
1100 2453 1158 2494 1116·

140 2508 185 2561 tas
205 2507 335 2562 incrihica
344 2523 379 2575 p:
398 2508 519 2562 metasin
534 2506 675 2563 creticae.
747 2511 765 2559 4
784 2507 979 2576 simplasmata
992 2523 1039 2576 pe.
1112 2507 1160 2563 de·

141 2578 213 2632 ciclo
228 2595 260 2647 p,
278 2577 370 2632 deciio
391 2580 451 2648 (sic)
470 2596 492 2634 c.
593 2584 608 2632 7
628 2578 702 2632 alins
721 2577 845 2632 melanas
865 2594 887 2646 e,
906 2576 979 2633 allos
996 2579 1159 2650 melanasp

142 2648 253 2717 (alphos
278 2648 395 2703 meletos
416 2649 490 2704 Peto.
510 2665 532 2705 e.
552 2650 610 2718 25).
703 2654 736 2702 10
755 2664 854 2704 zenoso
872 2665 894 2704 a.
984 2649 1110 2706 li'cedo‘oa
1128 2666 1160 2720 p,

141 2717 268 2774 licedone
287 2736 309 2774 1.
401 2726 433 2774 11
453 2719 612 2774 efficiuntur
630 2719 744 2789 (Perrh
763 2718 885 2774 efficitur
903 2736 926 2788 c,
944 2737 996 2777 om.
1013 2737 1043 2790 pr
1127 2726 1158 2777 1³

142 2789 308 2845 catarticum
321 2790 536 2846 melancolicam
544 2808 576 2859 p,
595 2789 732 2845 catartico
746 2791 932 2847 melancolico
948 2808 970 2847 c.
1046 2795 1080 2846 lb
1095 2806 1160 2849 con·

141 2860 202 2915 ficis
221 2877 235 2915 e
260 2860 373 2931 (Pata),
400 2861 546 2918 conficitur
565 2879 595 2930 p.
685 2860 832 2930 Epithimr'r
847 2905 852 2917 .
869 2902 875 2915 .
892 2905 898 2917 .
913 2861 1057 2918 semuncia
1071 2904 1078 2918 .
1092 2864 1115 2919 1.
1131 2878 1159 2919 c.

142 2929 240 3000 Epithi
257 2929 323 2987 novi
339 2947 397 2985 non
414 2931 518 2988 1111111
537 2949 571 2987 ex
584 2933 603 2988 1
618 2951 654 2985 m.
674 2930 828 2998 collecti†
846 2931 906 3002 Sp
922 2934 1045 3003 (breviaro
1064 2932 1160 3004 Peru

144 3008 176 3056 17
195 3001 335 3070 decoquas
348 3019 379 3071 p.
470 3019 545 3071 aqua
564 3003 740 3059 caliceslll.
756 3021 791 3072 p,
815 3020 890 3072 aqua
913 3002 1015 3060 calices
1040 3003 1161 3061 leuiores

142 3074 202 3143 (aie)
222 3073 354 3129 nr'ro.HI.
374 3090 396 3128 e.
488 3079 521 3129 18
540 3076 650 3143 partem
668 3091 695 3129 c:
714 3090 764 3129 om.
779 3091 810 3143 p.
875 3074 1029 3145 .liqnabis
1048 3074 1159 3146 (Patrue
1203 3139 1207 3148 .

140 3143 243 3212 ligabis
258 3160 304 3212 pc.
392 3151 424 3199 19
439 3144 586 3199 decabione
601 3146 753 3215 (utsupra)
767 3162 798 3214 p.
871 3145 1001 3201 miscebis
1014 3163 1052 3216 p:
1076 3160 1160 3204 our-e

143 3214 240 3283 (addes
258 3215 351 3283 Pela).
424 3215 562 3270 oximellis
579 3233 602 3284 c,
621 3216 721 3270 examl’
731 3233 763 3285 p.
836 3222 870 3270 21
891 3233 1019 3272 carnosas
1033 3233 1060 3288 p.
1131 3216 1173 3273 ol'

143 3282 180 3337 ad
198 3303 234 3338 m.
252 3285 347 3354 nigras
366 3302 417 3340 oro.
426 3303 449 3355 p
469 3288 537 3356 (oon
553 3289 606 3356 ge).
679 3286 710 3340 in
723 3286 812 3342 vulin.
826 3286 857 3342 in
870 3286 982 3343 faminis
995 3305 1023 3360 g,
1042 3286 1194 3361 (nigras)-

143 3353 308 3479 {zmpnatrpm
325 3373 346 3421 e,
365 3355 396 3410 in
409 3358 490 3412 vultu
503 3358 559 3412 viri
573 3375 623 3412 seu
636 3355 740 3412 femine
753 3374 772 3427 p
791 3359 831 3427 (in
850 3359 930 3414 vulin
943 3358 1049 3416 lemine
1064 3359 1156 3429 Potui

210 3442 242 3480 ac
290 3442 316 3494 9.
1183 3444 1187 3451 ·
