2414 3924
431 223 500 270 nun.
517 223 577 271 vn.
601 223 676 270 car.
691 221 774 271 xxx.
1023 212 1084 274 319

94 375 155 436 ullo
173 375 315 454 perflatu,
342 374 482 445 babente;
507 384 536 436 et
558 394 646 456 super
668 378 752 435 imum
769 385 896 435 ventrem
917 379 979 452 eins
994 379 1084 456 impo-

94 459 188 518 nenda
203 458 268 518 lana
291 459 408 520 succida
423 461 451 518 in
472 468 556 520 aceto
571 469 601 518 et
618 477 686 519 rosa
701 460 798 518 tincta.
830 458 953 537 Reliqua
974 462 1083 520 curatio

93 542 159 602 talis
175 560 242 601 esse
257 541 358 613 debet,
374 543 467 620 qualis
483 546 510 601 in
526 541 806 618 inflammationibus,
823 552 851 601 et
865 543 893 600 iu
908 543 943 601 iis
959 543 1083 603 vulneri·

93 626 163 702 bus,
181 643 255 703 quae
274 626 302 683 iu
320 629 454 686 nervosis
472 627 546 685 locis
563 635 641 702 sunt,
657 624 816 685 adhibetur.

413 791 437 850 0
449 792 478 849 Α
489 792 513 849 Ρ
527 795 556 853 U
566 794 594 851 T
627 794 660 852 Χ
670 795 702 851 Χ
713 795 755 852 Χ.

500 913 535 961 De
554 914 595 961 aui
614 914 689 962 vitiis.

158 1050 185 1107 1.
208 1047 263 1106 Ani
286 1064 401 1125 quoque
425 1047 509 1122 uitia,
528 1047 575 1107 ubi
597 1048 812 1108 medicamentis
833 1066 890 1108 nou
919 1049 1080 1127 vincuntur,

58 1200 61 1206 q
92 1150 190 1192 manus
215 1130 349 1190 auxilium
367 1129 541 1189 desiderant.
571 1130 668 1207 Ergo,
687 1133 711 1190 si
725 1150 779 1210 qua
795 1133 885 1191 scissa
906 1132 935 1190 in
951 1149 988 1191 eo
1002 1141 1082 1192 vetu-

93 1225 166 1275 state
188 1213 390 1289 induruerunt,
412 1215 530 1291 jamque
554 1214 658 1274 callum
677 1214 799 1291 babent,
824 1215 1082 1275 commodissimum

59 1319 83 1360 tc
94 1309 139 1358 est
153 1298 258 1357 ducere
275 1297 380 1373 alvum,
398 1305 455 1357 tum
473 1300 623 1375 spongiam
640 1297 760 1357 calidam
779 1297 942 1375 admovere,
958 1307 988 1358 ut
1003 1299 1080 1359 rela-

93 1381 268 1455 maturina,
286 1381 406 1441 etforas
423 1380 580 1458 prodeant:
609 1381 657 1440 ubi
680 1383 708 1439 in
732 1391 890 1461 conspectu
905 1391 986 1458 suut,
1008 1383 1081 1442 scal-

94 1465 172 1543 pello
188 1464 299 1541 singula
314 1464 451 1523 excidere
467 1473 495 1523 et
509 1463 608 1525 ulcera
629 1482 788 1533 renovare;
810 1464 913 1524 deiude
934 1466 1081 1544 imponere

92 1549 272 1607 linamentum
294 1546 398 1624 molle,
423 1556 453 1606 et
472 1564 561 1625 super
575 1548 722 1607 linteolum
737 1548 837 1607 illitum
850 1547 949 1615 melle:
974 1550 1080 1608 locum·

92 1650 148 1710 que
164 1648 227 1690 eum
240 1631 319 1690 molli
335 1631 399 1691 lana
415 1631 553 1709 implere,
572 1640 600 1690 et
616 1633 654 1690 ita
670 1633 795 1691 vincire:
813 1631 904 1691 altero
923 1630 986 1706 die,
1003 1630 1080 1691 dein·

59 1727 82 1767 ua
93 1732 223 1793 cepsque
239 1715 356 1791 ceteris,
372 1714 484 1773 lenibus
499 1713 714 1774 medicamentis
734 1715 789 1791 uti,
812 1732 886 1792 quae
901 1714 938 1773 ad
952 1715 1080 1774 recentia

92 1797 192 1857 eadem
211 1796 278 1856 vitia
299 1799 466 1856 necessaria
491 1815 575 1875 esse,
599 1799 668 1857 alias
687 1799 841 1875 proposui:
864 1806 893 1857 ct
914 1799 1011 1875 utique
1027 1814 1080 1876 per

92 1882 200 1958 primos
215 1879 276 1939 dies
288 1880 494 1940 sorbitionibus
511 1899 574 1938 eum
594 1882 750 1947 sustinere;
769 1880 903 1959 paulatim
919 1880 1022 1940 deiude
1040 1882 1078 1940 ci·

91 1964 136 2022 bis
153 1964 281 2038 adjicere
296 1964 421 2042 aliquid,
443 1965 560 2040 generis
580 1973 673 2023 tamen
690 1965 768 2037 ejus,
793 1965 868 2043 quod
890 1964 992 2023 eodem
1009 1964 1077 2024 loco

91 2055 278 2126 praeceptum
303 2055 357 2107 est.
389 2048 418 2106 st
435 2046 547 2126 quando
563 2056 655 2106 autem
679 2065 716 2105 ex
737 2047 954 2106 inflammatione
976 2064 1030 2125 pus
1051 2048 1080 2106 iu

56 2132 133 2191 robis
153 2133 260 2206 oritur,
276 2129 323 2189 ubi
339 2132 457 2208 primum
473 2130 500 2189 id
519 2133 665 2208 apparuit,
681 2129 859 2189 incidendum
875 2138 920 2190 est
927 2154 934 2199 ;
956 2147 993 2188 ue
1008 2148 1078 2190 anus

89 2216 153 2292 ipse
170 2222 318 2292 suppuret.
346 2211 449 2291 Neque
462 2222 555 2271 tamen
571 2223 636 2273 ante
650 2214 860 2291 properandum
881 2222 941 2273 est:
957 2231 1040 2287 uam,
1056 2213 1080 2271 si

91 2297 207 2356 crudum
222 2297 340 2356 incisum
356 2305 418 2371 est,
433 2296 659 2358 inflammationis
667 2297 781 2356 muitum
797 2297 926 2371 accedit,
949 2305 978 2356 et
1001 2297 1079 2374 puris

91 2379 234 2458 aliquanto
258 2380 379 2457 amplius
401 2382 574 2440 concitatum·
600 2380 652 2439 His
679 2396 795 2458 quoque
813 2379 991 2455 vulneribus,
1008 2379 1079 2438 leni·

90 2461 144 2520 bus
159 2462 241 2538 cibis,
259 2463 416 2540 iisdemque
431 2462 645 2523 medicamentis
666 2481 739 2540 opus
757 2472 810 2523 est.

56 2565 81 2607 25
155 2544 183 2603 2.
207 2543 245 2605 m
260 2546 426 2621 tubercula,
452 2565 525 2624 quae
550 2538 790 2625 condominam
813 2546 1010 2624 appellantur,
1032 2545 1080 2604 ubi

89 2629 287 2705 induruerunt,
303 2628 358 2688 bac
377 2630 489 2689 ratione
509 2639 642 2689 curantur
658 2629 705 2708 (P.
721 2629 797 2706 Aeg.
813 2629 863 2707 vl,
882 2630 956 2707 80):
988 2628 1079 2688 Alvus

90 2721 155 2772 ante
177 2713 270 2772 omnia
289 2712 414 2780 ducitur;
439 2722 496 2771 tum
515 2713 639 2772 vulsella
668 2712 846 2772 tuberculum
869 2712 1079 2791 apprehensum

85 2797 168 2870 juxta
188 2795 300 2856 radices
312 2795 495 2875 praeciditur.
529 2795 613 2870 Quod
629 2795 677 2855 ubi
695 2796 800 2856 iactum
823 2805 883 2870 est,
913 2794 1012 2853 eadem
1033 2812 1078 2853 se-

90 2886 226 2955 quuntur,
250 2894 323 2955 quae
342 2895 429 2955 supra
451 2888 518 2956 post
539 2881 714 2939 curationem
742 2877 902 2937 adhibenda
925 2893 992 2934 esse
1011 2892 1078 2953 pro·

55 2981 80 3023 ao
91 2962 191 3039 posui:
225 2961 430 3036 tautummodo,
453 2964 477 3020 si
500 2961 565 3041 quid
590 2963 743 3036 increscit,
764 2977 881 3037 squama
903 2959 978 3018 aeris
994 2973 1077 3015 coer-

89 3044 210 3104 cendum
223 3053 276 3104 est.

151 3129 180 3188 3.
205 3127 262 3188 Ora
276 3127 360 3186 etiam
375 3145 527 3202 venarum,
544 3126 688 3185 fundentia
704 3127 886 3200 sauguinem,
911 3124 954 3182 sic
974 3121 1078 3181 tollun-

88 3219 141 3270 tur.
174 3211 230 3272 Ubi
248 3211 396 3287 sangnini,
413 3212 459 3288 qui
473 3210 578 3283 effluit,
596 3211 692 3268 sanies
707 3208 849 3284 adjicitur,
867 3207 947 3266 alvus
965 3204 1079 3265 acribus

88 3293 215 3363 ducitur;
238 3311 294 3371 quo
320 3295 411 3369 magis
428 3311 478 3352 ora
495 3301 731 3371 promoveantur:
749 3308 843 3368 eoque
862 3290 912 3364 iit,
939 3298 968 3348 ut
987 3289 1080 3346 omnia

54 3395 227 3444 arenarum
254 3378 335 3456 quasi
360 3377 484 3453 capitula
511 3377 667 3454 conspicua
696 3376 761 3434 sint.
790 3374 861 3434 Tum
885 3375 909 3433 si
926 3368 1081 3450 capitutum

91 3461 226 3538 exiguum
249 3469 306 3536 est,
329 3459 476 3537 basimque
503 3468 615 3519 tenuem
637 3458 741 3533 babet,
764 3455 999 3533 adstringendum
