2414 3924
528 205 722 268 -4-

114 352 235 411 minimo
263 348 441 428 impedierit.
483 348 563 428 quod
587 350 781 411 catharticum
805 350 944 410 conficies
968 349 1024 409 sio:
1052 349 1132 409 aloes

115 437 193 518 211,
211 437 343 518 dacrpdii
363 437 444 518 211,
468 437 678 516 coloquintidis
696 439 851 499 interioris
870 439 967 498 oarnis
991 441 1018 494 2.
1038 437 1059 516 1,
1082 438 1132 498 ab·

115 526 218 588 sinthii
236 528 349 605 pontici
372 540 398 596 γ.
416 526 438 587 1.
476 545 544 587 cum
563 526 682 587 coliculi
701 545 773 587 suco
794 525 915 605 colliges
937 533 968 586 et
986 529 1132 605 catapotia

114 618 146 676 in
179 614 299 675 modum
330 617 437 677 ciceris
469 614 652 675 informabis
701 633 738 675 ex
770 615 879 693 quibus
911 614 948 674 ad
979 632 1133 694 vesperam

88 702 268 766 acubaturis
286 705 318 764 iu
337 723 391 764 ova
409 702 530 764 sorbilia
548 710 754 782 competenter
773 702 867 784 dabla,
885 711 936 764 aut
955 712 1036 765 certe
1059 703 1134 764 illud

113 794 319 873 purgatorium
343 792 422 871 quod
446 792 603 853 conficitur
627 810 663 852 ex
689 791 842 871 dacrydio:
874 791 976 852 obolos
1000 791 1041 852 lll
1065 811 1133 853 cum

114 880 195 941 aloes
218 879 308 960 duplo
332 888 471 942 conteres
498 889 529 940 ot
557 898 625 941 oum
651 880 748 941 mulsa
771 879 863 941 calida
894 882 1002 941 ieiunis
1026 899 1133 941 sereno

114 986 183 1029 aere
216 968 307 1029 dabis.
348 975 498 1030 transacto
526 977 625 1037 autem
657 971 843 1048 purgationis
871 973 1005 1048 tempore
1038 971 1064 1029 si
1097 987 1133 1029 ex

115 1075 278 1118 encauseos
306 1058 398 1118 fuerit
426 1058 510 1120 dolor
537 1057 567 1117 id
596 1065 642 1118 est
670 1076 705 1118 ex
735 1059 853 1118 ustione
884 1059 975 1139 aeris,
1007 1060 1133 1118 maxime

75 1154 250 1226 intempore
269 1148 403 1227 aestatis,
427 1145 590 1225 oxyrodino
613 1145 643 1206 id
663 1153 710 1206 est
732 1153 816 1206 aceto
836 1153 866 1206 ot
883 1164 1006 1207 rosaceo
1025 1146 1133 1224 frigido

115 1241 205 1314 caput
232 1232 426 1295 ombrocabis
469 1233 548 1312 quod
577 1237 603 1294 si
627 1234 662 1295 ad
685 1252 828 1313 praesens
851 1252 911 1295 non
939 1235 1030 1295 luerit
1053 1253 1133 1295 rosa·

51 1374 54 1380 .
115 1339 216 1403 ceum,
245 1323 424 1384 omfacinum
453 1322 552 1382 oleum
580 1325 689 1383 mittes.
727 1325 816 1383 ctiam
849 1329 880 1384 et
912 1323 1042 1384 frontem
1066 1342 1135 1384 cum

115 1409 301 1489 temporibus
325 1409 548 1490 cataplasmabis
571 1428 647 1489 pane
672 1429 708 1471 ex
730 1429 821 1490 posca
839 1411 945 1490 frigida
969 1419 1000 1472 et
1018 1412 1135 1473 modico

116 1498 181 1559 oleo
205 1517 336 1582 rosaceo,
360 1499 489 1560 admixto
513 1507 544 1560 et
566 1499 636 1559 solio
659 1499 845 1578 plantaginis.
883 1502 1002 1561 sivero
1025 1519 1061 1561 ex
1084 1501 1135 1561 fri·

76 1612 102 1654 15
116 1605 188 1666 gore
210 1588 301 1650 luerit
319 1588 418 1669 dolor,
441 1590 561 1649 anetino
580 1586 645 1647 oleo
664 1595 715 1648 aut
738 1588 922 1668 amygdaHno
941 1596 992 1649 aut
1010 1596 1133 1650 rutaceo

32 1712 34 1718 ι
116 1675 258 1737 calefacto
286 1679 396 1758 uteris,
423 1678 484 1737 sive
512 1675 563 1736 illo
592 1675 671 1755 quod
699 1679 807 1757 recipit
834 1676 999 1757 herpyllum
1027 1696 1136 1756 peuce·

116 1763 226 1825 danum
249 1774 418 1827 castoreum
446 1782 589 1844 cyperum
617 1781 787 1826 samsucum
818 1765 946 1826 hederae
970 1765 1136 1845 corymbos.

189 1901 304 1970 tquod
327 1901 471 1957 conficitur
494 1888 565 1970 sicit,
584 1917 612 1970 p.
700 1899 811 1955 conficis
829 1917 870 1970 pc.
968 1901 1050 1955 aloen
1068 1896 1136 1971 p(o):

117 1971 192 2026 aloes
205 1988 237 2041 p.
310 1979 326 2027 2
346 1971 516 2043 diagridium
533 1988 567 2054 po
582 1970 669 2042 (-dii
678 1974 719 2040 p).
792 1972 911 2039 coloqua
930 1972 951 2041 (i
964 1975 1043 2043 p⁰po>
1057 1971 1137 2044 ntidp

118 2042 191 2111 (—d'
205 2060 241 2111 p,
265 2044 336 2098 —de
354 2050 378 2111 c)
401 2061 427 2114 9.
535 2043 682 2097 interiores
703 2042 773 2111 (-is
787 2043 820 2112 p)
839 2059 936 2097 carnes
959 2042 1030 2111 (-is
1049 2045 1137 2166 91119

118 2128 215 2167 carnes
224 2113 371 2168 interiores
385 2131 408 2169 c.
480 2113 654 2168 absinthium
668 2112 813 2183 ponticum
826 2129 867 2182 po.
940 2119 956 2168 3
971 2129 1035 2167 eum
1050 2129 1082 2168 ca

119 2217 176 2273 culi
194 2234 245 2286 pc,
270 2188 438 2291 e⁸ul<i0uli>
460 2237 478 2290 9
501 2220 543 2287 (to
565 2235 635 2286 roa,
659 2225 693 2274 od
716 2220 780 2275 odd.
808 2222 857 2289 9⁰).
948 2218 1058 2289 colligis
1077 2235 1137 2288 ppo.

119 2323 276 2406 catapotias
293 2342 320 2395 9,
340 2323 470 2392 -pocios
489 2341 512 2391 c,
533 2324 669 2395 -pudias
681 2341 711 2395 p.
784 2329 800 2377 ὁ
820 2301 962 2380 cubotbris
985 2324 1136 2379 dormitum

119 2395 250 2450 eunhbus
305 2395 457 2461 (cubaturis
475 2412 526 2450 om.
540 2412 591 2465 pc,
614 2397 663 2465 qui
685 2396 802 2466 ploaaom
819 2396 905 2450 oolam
918 2401 1047 2464 pocomi).
1120 2403 1137 2450 6

119 2482 153 2519 ox
172 2464 264 2535 diagri
287 2466 312 2521 'o
332 2466 437 2520 obolos.
457 2466 504 2521 111.
538 2484 601 2522 cum
624 2467 706 2521 aloen
730 2466 756 2519 d.
779 2483 810 2536 9,
834 2483 867 2521 cx
891 2466 1024 2536 diagridii
1044 2467 1137 2521 obuiis

118 2536 208 2590 tribus
222 2553 286 2591 oum
300 2536 378 2592 aloes
392 2536 418 2590 d.
429 2554 461 2606 p,
479 2554 513 2592 ax
528 2537 669 2607 diagridisi
684 2536 775 2591 obolis
794 2537 885 2592 tribus
898 2554 961 2592 cum
976 2538 1058 2592 aloen
1072 2537 1098 2592 d.
1115 2555 1136 2592 o.

119 2613 135 2660 8
151 2607 175 2662 si
189 2624 223 2662 ex
243 2624 393 2663 encauscos
406 2625 424 2677 9
438 2614 463 2663 et
472 2615 507 2677 p0
522 2608 564 2678 (io
579 2625 613 2663 ex
626 2608 722 2662 labore
736 2609 799 2662 add.
810 2610 859 2679 9⁰),
874 2608 898 2662 ai
913 2624 1098 2663 exenoauseus
1108 2625 1137 2663 c:

119 2677 191 2732 sisse
210 2685 306 2733 caseos
326 2685 389 2735 ante
407 2695 476 2735 corr.
491 2697 522 2749 p.
609 2684 625 2732 9
646 2695 679 2732 ex
697 2677 807 2733 ustione
825 2695 870 2748 po:
893 2695 927 2733 ex
945 2677 1091 2733 adustione
1106 2696 1137 2748 p.

121 2754 154 2802 10
183 2748 348 2804 oxirodinon
374 2768 392 2821 9
428 2752 517 2818 (-n1'1
540 2752 587 2820 p),
615 2747 799 2804 oxioodionc
842 2751 876 2815 cf.
904 2749 967 2804 Gal.
990 2754 1038 2816 14,
1073 2754 1136 2805 315.

121 2825 153 2873 11
177 2836 328 2888 appr-asans
350 2837 380 2889 p.
474 2827 505 2875 la
530 2818 702 2875 omfacinum
725 2819 812 2888 (Gai,
837 2819 906 2888 Or.):
936 2819 1088 2875 omfacium
1111 2839 1137 2891 9,

119 2906 236 2945 —ceum
254 2907 281 2960 c,
307 2908 406 2946 -cum
420 2909 451 2960 p.
554 2892 651 2944 mittes
673 2896 716 2959 ps
732 2889 823 2944 mittis
845 2907 887 2961 9ο.
996 2890 1080 2946 etiam
1109 2895 1139 2946 ot

119 2977 165 3031 po:
188 2977 276 3030 omp
299 2962 430 3029 (frontem
453 2963 542 3030 suppl.
567 2977 636 3016 corr.
660 2962 692 3014 a'u
718 2965 824 3031 muru).
917 2967 950 3016 13
968 2960 1137 3030 timporibus

119 3048 178 3102 ppo.
251 3033 319 3101 pani
338 3035 422 3102 (pane
436 3034 478 3103 9⁰)
492 3049 525 3087 ex
539 3048 625 3100 posca
640 3049 666 3102 9,
684 3048 758 3101 pane
773 3049 806 3086 ex
820 3048 906 3101 posca
919 3049 945 3087 a:
964 3033 1033 3100 poni
1050 3049 1156 3101 pusca·

120 3107 181 3170 (om.
201 3105 245 3172 ex)
260 3120 292 3173 p.
366 3110 400 3158 14
417 3103 499 3159 folio:
518 3102 588 3158 folia
604 3119 646 3174 9ο,
664 3102 740 3157 foliis
753 3119 784 3172 p.
868 3104 902 3171 of.
922 3103 984 3158 Gal.
1004 3107 1055 3169 14,
1074 3109 1137 3158 316.

121 3180 153 3228 15
173 3173 289 3229 anetim'r
305 3215 310 3227 .
327 3217 333 3230 .
350 3173 567 3244 .amigdalini1.
586 3175 757 3244 ..rutaceup
777 3172 929 3244 calefactu3
944 3190 965 3229 o.
1041 3179 1073 3228 16
1087 3174 1138 3228 illo

115 3263 151 3313 p:
173 3245 247 3300 illud
268 3262 331 3316 po.¹
400 3244 531 3316 arpillum
560 3262 609 3316 pp:
643 3244 788 3313 serpillum
810 3250 873 3314 919ο
900 3245 945 3312 (cf.
971 3244 1043 3300 Cael.
1067 3246 1138 3299 Aur.

116 3333 145 3383 p.
166 3318 249 3441 289),
273 3317 296 3370 da
318 3316 410 3386 pilum
432 3334 454 3372 c.
546 3322 578 3371 11
608 3315 733 3386 cipetum
750 3331 802 3385 ppo
826 3317 857 3384 (ι’.
876 3331 896 3369 a.
919 3315 1066 3386 cypiron).
1103 3318 1138 3382 cf.

121 3385 186 3441 Cels.
237 3429 245 3457 ,
264 3392 297 3441 11
316 3388 378 3453 (ubi
395 3388 560 3442 molestiam
573 3387 740 3456 Dorooberp
758 3386 941 3456 sampsuchus
956 3385 1075 3456 Cyprius
1084 3403 1139 3456 pro

119 3458 309 3527 sampsuchus,
330 3457 462 3526 cypirus).
504 3459 540 3523 cf.
555 3457 617 3512 Gal.
633 3462 679 3526 12,
694 3462 757 3513 503.
835 3458 918 3530 edarp
938 3457 1075 3513 corimbos
1093 3475 1137 3529 99.
