<?xml version="1.0" encoding="UTF-8"?>
<!DOCTYPE html PUBLIC "-//W3C//DTD XHTML 1.0 Transitional//EN"
    "http://www.w3.org/TR/xhtml1/DTD/xhtml1-transitional.dtd">
<html xmlns="http://www.w3.org/1999/xhtml" xml:lang="en" lang="en">
 <head>
  <title>
</title>
<meta http-equiv="Content-Type" content="text/html;charset=utf-8" />
  <meta name='ocr-system' content='tesseract 3.04.00' />
  <meta name='ocr-capabilities' content='ocr_page ocr_carea ocr_par ocr_line ocrx_word'/>
</head>
<body>
  <div class='ocr_page' id='page_1' title='image "./cassiifelicisde00rosegoog_0577.png"; bbox 0 0 2414 3924; ppageno 0'>
   <div class='ocr_carea' id='block_1_1' title="bbox 126 211 826 274">
    <p class='ocr_par' dir='ltr' id='par_1_1' title="bbox 126 211 826 274">
     <span class='ocr_line' id='line_1_1' title="bbox 126 211 826 274; baseline -0.003 -2"><span class='ocrx_word' id='word_1_1' title='bbox 126 211 189 274; x_wconf 73' lang='lat' dir='ltr'>hot</span> <span class='ocrx_word' id='word_1_2' title='bbox 418 224 451 273; x_wconf 80' lang='lat' dir='ltr'>u.</span> <span class='ocrx_word' id='word_1_3' title='bbox 469 223 499 272; x_wconf 93' lang='lat' dir='ltr'>c.</span> <span class='ocrx_word' id='word_1_4' title='bbox 516 223 615 272; x_wconf 76' lang='lat' dir='ltr'>cussa</span> <span class='ocrx_word' id='word_1_5' title='bbox 631 223 826 272; x_wconf 79' lang='lat' dir='ltr'>uunrcrnsu</span> 
     </span>
    </p>
   </div>
   <div class='ocr_carea' id='block_1_2' title="bbox 126 374 1123 709">
    <p class='ocr_par' dir='ltr' id='par_1_2' title="bbox 126 374 1123 709">
     <span class='ocr_line' id='line_1_2' title="bbox 187 374 1123 459; baseline -0.005 -19"><span class='ocrx_word' id='word_1_6' title='bbox 187 380 216 440; x_wconf 83' lang='lat'>2.</span> <span class='ocrx_word' id='word_1_7' title='bbox 246 379 338 456; x_wconf 77' lang='lat' dir='ltr'>Igitur</span> <span class='ocrx_word' id='word_1_8' title='bbox 359 378 384 437; x_wconf 94' lang='lat' dir='ltr'>si</span> <span class='ocrx_word' id='word_1_9' title='bbox 405 397 442 438; x_wconf 84' lang='lat' dir='ltr'>ex</span> <span class='ocrx_word' id='word_1_10' title='bbox 463 378 682 439; x_wconf 85' lang='lat' dir='ltr'>inflammatione</span> <span class='ocrx_word' id='word_1_11' title='bbox 699 378 782 459; x_wconf 90' lang='lat' dir='ltr'>coles</span> <span class='ocrx_word' id='word_1_12' title='bbox 797 377 942 452; x_wconf 81' lang='lat' dir='ltr'>intumuit,</span> <span class='ocrx_word' id='word_1_13' title='bbox 964 374 1123 453; x_wconf 78' lang='lat' dir='ltr'>reducique</span> 
     </span>
     <span class='ocr_line' id='line_1_3' title="bbox 126 459 1122 539; baseline -0.004 -17"><span class='ocrx_word' id='word_1_14' title='bbox 126 481 235 523; x_wconf 90' lang='lat' dir='ltr'>summa</span> <span class='ocrx_word' id='word_1_15' title='bbox 251 463 340 537; x_wconf 87' lang='lat' dir='ltr'>ontis,</span> <span class='ocrx_word' id='word_1_16' title='bbox 362 470 408 521; x_wconf 91' lang='lat' dir='ltr'>aut</span> <span class='ocrx_word' id='word_1_17' title='bbox 423 479 521 522; x_wconf 90' lang='lat' dir='ltr'>rursus</span> <span class='ocrx_word' id='word_1_18' title='bbox 533 461 627 521; x_wconf 90' lang='lat' dir='ltr'>induci</span> <span class='ocrx_word' id='word_1_19' title='bbox 639 480 697 522; x_wconf 91' lang='lat' dir='ltr'>non</span> <span class='ocrx_word' id='word_1_20' title='bbox 711 469 823 539; x_wconf 88' lang='lat' dir='ltr'>potest,</span> <span class='ocrx_word' id='word_1_21' title='bbox 841 460 927 520; x_wconf 88' lang='lat' dir='ltr'>multa</span> <span class='ocrx_word' id='word_1_22' title='bbox 941 459 1035 519; x_wconf 88' lang='lat' dir='ltr'>calida</span> <span class='ocrx_word' id='word_1_23' title='bbox 1047 477 1122 536; x_wconf 85' lang='lat' dir='ltr'>aqua</span> 
     </span>
     <span class='ocr_line' id='line_1_4' title="bbox 126 542 1121 622; baseline -0.003 -17"><span class='ocrx_word' id='word_1_24' title='bbox 126 545 268 607; x_wconf 83' lang='lat' dir='ltr'>fovendus</span> <span class='ocrx_word' id='word_1_25' title='bbox 283 546 367 605; x_wconf 90' lang='lat' dir='ltr'>loeus</span> <span class='ocrx_word' id='word_1_26' title='bbox 382 554 436 605; x_wconf 93' lang='grc' dir='ltr'><strong>εει.</strong></span> <span class='ocrx_word' id='word_1_27' title='bbox 471 545 527 606; x_wconf 87' lang='lat' dir='ltr'>Ubi</span> <span class='ocrx_word' id='word_1_28' title='bbox 542 563 615 606; x_wconf 87' lang='lat' dir='ltr'>vero</span> <span class='ocrx_word' id='word_1_29' title='bbox 633 545 717 622; x_wconf 82' lang='lat' dir='ltr'>glans</span> <span class='ocrx_word' id='word_1_30' title='bbox 735 553 868 605; x_wconf 89' lang='lat' dir='ltr'>contecta</span> <span class='ocrx_word' id='word_1_31' title='bbox 885 552 947 619; x_wconf 89' lang='lat' dir='ltr'>est,</span> <span class='ocrx_word' id='word_1_32' title='bbox 965 542 1121 602; x_wconf 82' lang='lat' dir='ltr'>oriculario</span> 
     </span>
     <span class='ocr_line' id='line_1_5' title="bbox 127 625 1122 709; baseline -0.004 -19"><span class='ocrx_word' id='word_1_33' title='bbox 127 647 242 709; x_wconf 89' lang='lat' dir='ltr'>quoque</span> <span class='ocrx_word' id='word_1_34' title='bbox 267 629 394 703; x_wconf 74' lang='lat' dir='ltr'>clystere</span> <span class='ocrx_word' id='word_1_35' title='bbox 418 628 494 688; x_wconf 88' lang='lat' dir='ltr'>inter</span> <span class='ocrx_word' id='word_1_36' title='bbox 515 647 578 688; x_wconf 90' lang='lat' dir='ltr'>eam</span> <span class='ocrx_word' id='word_1_37' title='bbox 603 638 753 707; x_wconf 88' lang='lat' dir='ltr'>cutemque</span> <span class='ocrx_word' id='word_1_38' title='bbox 770 645 843 706; x_wconf 85' lang='lat' dir='ltr'>aqua</span> <span class='ocrx_word' id='word_1_39' title='bbox 860 626 954 686; x_wconf 89' lang='lat' dir='ltr'>calida</span> <span class='ocrx_word' id='word_1_40' title='bbox 968 625 1122 686; x_wconf 89' lang='lat' dir='ltr'>inserenda</span> 
     </span>
    </p>
   </div>
   <div class='ocr_carea' id='block_1_3' title="bbox 89 711 1159 3552">
    <p class='ocr_par' dir='ltr' id='par_1_3' title="bbox 89 711 1159 3552">
     <span class='ocr_line' id='line_1_6' title="bbox 127 711 1146 788; baseline -0.002 -15"><span class='ocrx_word' id='word_1_41' title='bbox 127 722 181 773; x_wconf 90' lang='lat' dir='ltr'>est.</span> <span class='ocrx_word' id='word_1_42' title='bbox 217 713 248 773; x_wconf 87' lang='lat' dir='ltr'>Si</span> <span class='ocrx_word' id='word_1_43' title='bbox 269 712 378 772; x_wconf 90' lang='lat' dir='ltr'>mollita</span> <span class='ocrx_word' id='word_1_44' title='bbox 400 713 442 770; x_wconf 89' lang='lat' dir='ltr'>sic</span> <span class='ocrx_word' id='word_1_45' title='bbox 463 721 492 772; x_wconf 88' lang='lat' dir='ltr'>et</span> <span class='ocrx_word' id='word_1_46' title='bbox 510 721 663 772; x_wconf 83' lang='lat' dir='ltr'>extenuata</span> <span class='ocrx_word' id='word_1_47' title='bbox 679 713 751 770; x_wconf 88' lang='lat' dir='ltr'>eutis</span> <span class='ocrx_word' id='word_1_48' title='bbox 766 711 881 771; x_wconf 91' lang='lat' dir='ltr'>ducenti</span> <span class='ocrx_word' id='word_1_49' title='bbox 896 712 1007 788; x_wconf 89' lang='lat' dir='ltr'>paruit,</span> <span class='ocrx_word' id='word_1_50' title='bbox 1032 728 1146 788; x_wconf 78' lang='lat' dir='ltr'>expe-⁵</span> 
     </span>
     <span class='ocr_line' id='line_1_7' title="bbox 126 793 1121 874; baseline -0.004 -18"><span class='ocrx_word' id='word_1_51' title='bbox 126 795 214 856; x_wconf 91' lang='lat' dir='ltr'>ditior</span> <span class='ocrx_word' id='word_1_52' title='bbox 230 796 342 874; x_wconf 85' lang='lat' dir='ltr'>reliqua</span> <span class='ocrx_word' id='word_1_53' title='bbox 359 797 467 855; x_wconf 89' lang='lat' dir='ltr'>curatio</span> <span class='ocrx_word' id='word_1_54' title='bbox 485 806 543 855; x_wconf 87' lang='lat' dir='ltr'>est:</span> <span class='ocrx_word' id='word_1_55' title='bbox 569 797 592 854; x_wconf 91' lang='lat' dir='ltr'>si</span> <span class='ocrx_word' id='word_1_56' title='bbox 610 804 703 855; x_wconf 84' lang='lat' dir='ltr'>tumor</span> <span class='ocrx_word' id='word_1_57' title='bbox 718 797 802 870; x_wconf 89' lang='lat' dir='ltr'>vicit,</span> <span class='ocrx_word' id='word_1_58' title='bbox 824 793 996 872; x_wconf 89' lang='lat' dir='ltr'>imponenda</span> <span class='ocrx_word' id='word_1_59' title='bbox 1014 793 1121 853; x_wconf 83' lang='lat' dir='ltr'>estrei</span> 
     </span>
     <span class='ocr_line' id='line_1_8' title="bbox 126 878 1121 956; baseline -0.003 -16"><span class='ocrx_word' id='word_1_60' title='bbox 126 879 278 955; x_wconf 88' lang='lat' dir='ltr'>lenticula,</span> <span class='ocrx_word' id='word_1_61' title='bbox 298 878 344 937; x_wconf 89' lang='lat' dir='ltr'>vel</span> <span class='ocrx_word' id='word_1_62' title='bbox 360 878 546 956; x_wconf 86' lang='lat' dir='ltr'>marrubium,</span> <span class='ocrx_word' id='word_1_63' title='bbox 563 879 610 939; x_wconf 84' lang='lat' dir='ltr'>rel</span> <span class='ocrx_word' id='word_1_64' title='bbox 626 879 711 939; x_wconf 89' lang='lat' dir='ltr'>oleae</span> <span class='ocrx_word' id='word_1_65' title='bbox 727 878 797 938; x_wconf 88' lang='lat' dir='ltr'>lolia</span> <span class='ocrx_word' id='word_1_66' title='bbox 813 897 850 937; x_wconf 85' lang='lat' dir='ltr'>ex</span> <span class='ocrx_word' id='word_1_67' title='bbox 864 879 931 937; x_wconf 90' lang='lat' dir='ltr'>vino</span> <span class='ocrx_word' id='word_1_68' title='bbox 947 887 1048 952; x_wconf 87' lang='lat' dir='ltr'>cocta,</span> <span class='ocrx_word' id='word_1_69' title='bbox 1068 879 1121 950; x_wconf 89' lang='lat' dir='ltr'>sie,</span> 
     </span>
     <span class='ocr_line' id='line_1_9' title="bbox 126 961 1120 1039; baseline -0.003 -17"><span class='ocrx_word' id='word_1_70' title='bbox 126 973 156 1023; x_wconf 92' lang='lat' dir='ltr'>ut</span> <span class='ocrx_word' id='word_1_71' title='bbox 181 962 299 1023; x_wconf 75' lang='lat' dir='ltr'>cuilibet</span> <span class='ocrx_word' id='word_1_72' title='bbox 323 979 438 1038; x_wconf 92' lang='lat' dir='ltr'>eorum,</span> <span class='ocrx_word' id='word_1_73' title='bbox 467 963 533 1022; x_wconf 90' lang='lat' dir='ltr'>dum</span> <span class='ocrx_word' id='word_1_74' title='bbox 557 964 673 1036; x_wconf 88' lang='lat' dir='ltr'>teritur,</span> <span class='ocrx_word' id='word_1_75' title='bbox 702 962 796 1020; x_wconf 91' lang='lat' dir='ltr'>mellis</span> <span class='ocrx_word' id='word_1_76' title='bbox 819 961 932 1039; x_wconf 89' lang='lat' dir='ltr'>paulum</span> <span class='ocrx_word' id='word_1_77' title='bbox 955 961 1120 1036; x_wconf 87' lang='lat' dir='ltr'>adjiciatur:</span> 
     </span>
     <span class='ocr_line' id='line_1_10' title="bbox 126 1043 1122 1124; baseline -0.004 -18"><span class='ocrx_word' id='word_1_78' title='bbox 126 1063 297 1124; x_wconf 87' lang='lat' dir='ltr'>sursumque</span> <span class='ocrx_word' id='word_1_79' title='bbox 319 1044 399 1105; x_wconf 86' lang='lat' dir='ltr'>coles</span> <span class='ocrx_word' id='word_1_80' title='bbox 422 1045 457 1106; x_wconf 88' lang='lat' dir='ltr'>ad</span> <span class='ocrx_word' id='word_1_81' title='bbox 476 1055 605 1106; x_wconf 90' lang='lat' dir='ltr'>ventrem</span> <span class='ocrx_word' id='word_1_82' title='bbox 626 1045 796 1122; x_wconf 83' lang='lat' dir='ltr'>deligandus</span> <span class='ocrx_word' id='word_1_83' title='bbox 819 1054 878 1123; x_wconf 85' lang='lat' dir='ltr'>est,</span> <span class='ocrx_word' id='word_1_84' title='bbox 903 1043 981 1123; x_wconf 86' lang='lat' dir='ltr'>quod</span> <span class='ocrx_word' id='word_1_85' title='bbox 1002 1045 1122 1103; x_wconf 91' lang='lat' dir='ltr'>inomni</span> 
     </span>
     <span class='ocr_line' id='line_1_11' title="bbox 127 1128 1159 1206; baseline 0.003 -16"><span class='ocrx_word' id='word_1_86' title='bbox 127 1130 275 1190; x_wconf 88' lang='lat' dir='ltr'>curatione</span> <span class='ocrx_word' id='word_1_87' title='bbox 298 1131 360 1205; x_wconf 85' lang='lat' dir='ltr'>ejus</span> <span class='ocrx_word' id='word_1_88' title='bbox 383 1131 580 1189; x_wconf 88' lang='lat' dir='ltr'>necessarium</span> <span class='ocrx_word' id='word_1_89' title='bbox 605 1137 658 1189; x_wconf 91' lang='lat' dir='ltr'>est.</span> <span class='ocrx_word' id='word_1_90' title='bbox 692 1128 779 1206; x_wconf 88' lang='lat' dir='ltr'>lsqne</span> <span class='ocrx_word' id='word_1_91' title='bbox 801 1128 886 1188; x_wconf 90' lang='lat' dir='ltr'>bomo</span> <span class='ocrx_word' id='word_1_92' title='bbox 909 1130 1060 1188; x_wconf 87' lang='lat' dir='ltr'>continere</span> <span class='ocrx_word' id='word_1_93' title='bbox 1076 1146 1120 1202; x_wconf 89' lang='lat' dir='ltr'>se,</span> <span class='ocrx_word' id='word_1_94' title='bbox 1134 1153 1159 1196; x_wconf 85' lang='lat' dir='ltr'>ro</span> 
     </span>
     <span class='ocr_line' id='line_1_12' title="bbox 126 1211 1121 1290; baseline -0.003 -17"><span class='ocrx_word' id='word_1_95' title='bbox 126 1221 155 1273; x_wconf 90' lang='lat' dir='ltr'>et</span> <span class='ocrx_word' id='word_1_96' title='bbox 176 1211 323 1271; x_wconf 89' lang='lat' dir='ltr'>abstinere</span> <span class='ocrx_word' id='word_1_97' title='bbox 345 1230 361 1270; x_wconf 94' lang='lat' dir='ltr'>a</span> <span class='ocrx_word' id='word_1_98' title='bbox 386 1213 451 1272; x_wconf 91' lang='lat' dir='ltr'>cibo</span> <span class='ocrx_word' id='word_1_99' title='bbox 472 1212 576 1289; x_wconf 87' lang='lat' dir='ltr'>debet,</span> <span class='ocrx_word' id='word_1_100' title='bbox 598 1221 627 1271; x_wconf 91' lang='grc' dir='ltr'>ει</span> <span class='ocrx_word' id='word_1_101' title='bbox 649 1214 766 1290; x_wconf 87' lang='lat' dir='ltr'>potione</span> <span class='ocrx_word' id='word_1_102' title='bbox 789 1229 880 1290; x_wconf 87' lang='lat' dir='ltr'>aquae</span> <span class='ocrx_word' id='word_1_103' title='bbox 904 1221 1010 1271; x_wconf 88' lang='lat' dir='ltr'>tantum</span> <span class='ocrx_word' id='word_1_104' title='bbox 1033 1230 1049 1272; x_wconf 90' lang='grc' dir='ltr'>ε</span> <span class='ocrx_word' id='word_1_105' title='bbox 1075 1212 1121 1270; x_wconf 90' lang='lat' dir='ltr'>siti</span> 
     </span>
     <span class='ocr_line' id='line_1_13' title="bbox 125 1294 1121 1356; baseline 0 -2"><span class='ocrx_word' id='word_1_106' title='bbox 125 1296 275 1354; x_wconf 82' lang='lat' dir='ltr'>vindicari.</span> <span class='ocrx_word' id='word_1_107' title='bbox 313 1295 434 1355; x_wconf 90' lang='lat' dir='ltr'>Postero</span> <span class='ocrx_word' id='word_1_108' title='bbox 460 1297 506 1356; x_wconf 91' lang='lat' dir='ltr'>die</span> <span class='ocrx_word' id='word_1_109' title='bbox 522 1315 620 1355; x_wconf 88' lang='lat' dir='ltr'>rursus</span> <span class='ocrx_word' id='word_1_110' title='bbox 637 1296 828 1356; x_wconf 89' lang='lat' dir='ltr'>abhibendum</span> <span class='ocrx_word' id='word_1_111' title='bbox 846 1295 946 1354; x_wconf 88' lang='lat' dir='ltr'>iisdem</span> <span class='ocrx_word' id='word_1_112' title='bbox 962 1294 1121 1356; x_wconf 91' lang='lat' dir='ltr'>rationibus</span> 
     </span>
     <span class='ocr_line' id='line_1_14' title="bbox 126 1378 1121 1457; baseline -0.001 -18"><span class='ocrx_word' id='word_1_113' title='bbox 126 1396 219 1457; x_wconf 89' lang='lat' dir='ltr'>aquae</span> <span class='ocrx_word' id='word_1_114' title='bbox 241 1378 398 1439; x_wconf 89' lang='lat' dir='ltr'>lomentum</span> <span class='ocrx_word' id='word_1_115' title='bbox 422 1389 483 1456; x_wconf 89' lang='lat' dir='ltr'>est,</span> <span class='ocrx_word' id='word_1_116' title='bbox 510 1388 539 1438; x_wconf 89' lang='lat' dir='ltr'>et</span> <span class='ocrx_word' id='word_1_117' title='bbox 561 1397 624 1438; x_wconf 90' lang='lat' dir='ltr'>cum</span> <span class='ocrx_word' id='word_1_118' title='bbox 647 1381 675 1437; x_wconf 89' lang='lat' dir='ltr'>ri</span> <span class='ocrx_word' id='word_1_119' title='bbox 695 1397 810 1457; x_wconf 88' lang='lat' dir='ltr'>quoque</span> <span class='ocrx_word' id='word_1_120' title='bbox 831 1378 1056 1457; x_wconf 84' lang='lat' dir='ltr'>experiendum,</span> <span class='ocrx_word' id='word_1_121' title='bbox 1086 1397 1121 1438; x_wconf 93' lang='lat' dir='ltr'>an</span> 
     </span>
     <span class='ocr_line' id='line_1_15' title="bbox 126 1462 1120 1542; baseline -0.002 -19"><span class='ocrx_word' id='word_1_122' title='bbox 126 1463 200 1523; x_wconf 86' lang='lat' dir='ltr'>cutis</span> <span class='ocrx_word' id='word_1_123' title='bbox 222 1471 372 1541; x_wconf 83' lang='lat' dir='ltr'>sequatur:</span> <span class='ocrx_word' id='word_1_124' title='bbox 395 1482 503 1542; x_wconf 83' lang='lat' dir='ltr'>eaque,</span> <span class='ocrx_word' id='word_1_125' title='bbox 527 1464 551 1522; x_wconf 92' lang='lat' dir='ltr'>si</span> <span class='ocrx_word' id='word_1_126' title='bbox 569 1481 625 1523; x_wconf 93' lang='lat' dir='ltr'>non</span> <span class='ocrx_word' id='word_1_127' title='bbox 642 1463 770 1542; x_wconf 87' lang='lat' dir='ltr'>parebit,</span> <span class='ocrx_word' id='word_1_128' title='bbox 798 1463 901 1523; x_wconf 88' lang='lat' dir='ltr'>leviter</span> <span class='ocrx_word' id='word_1_129' title='bbox 923 1481 1031 1523; x_wconf 93' lang='lat' dir='ltr'>summa</span> <span class='ocrx_word' id='word_1_130' title='bbox 1046 1462 1120 1523; x_wconf 90' lang='lat' dir='ltr'>soal·</span> 
     </span>
     <span class='ocr_line' id='line_1_16' title="bbox 126 1545 1157 1626; baseline 0 -21"><span class='ocrx_word' id='word_1_131' title='bbox 126 1545 206 1626; x_wconf 88' lang='lat' dir='ltr'>pello</span> <span class='ocrx_word' id='word_1_132' title='bbox 232 1546 409 1608; x_wconf 88' lang='lat' dir='ltr'>concidenda</span> <span class='ocrx_word' id='word_1_133' title='bbox 430 1549 500 1606; x_wconf 89' lang='lat' dir='ltr'>erit:</span> <span class='ocrx_word' id='word_1_134' title='bbox 522 1565 586 1606; x_wconf 93' lang='lat' dir='ltr'>nam</span> <span class='ocrx_word' id='word_1_135' title='bbox 601 1564 686 1625; x_wconf 87' lang='lat' dir='ltr'>quum</span> <span class='ocrx_word' id='word_1_136' title='bbox 708 1549 805 1605; x_wconf 87' lang='lat' dir='ltr'>sanies</span> <span class='ocrx_word' id='word_1_137' title='bbox 829 1547 1014 1624; x_wconf 86' lang='lat' dir='ltr'>produxerit,</span> <span class='ocrx_word' id='word_1_138' title='bbox 1039 1556 1157 1606; x_wconf 82' lang='lat' dir='ltr'>exte-15</span> 
     </span>
     <span class='ocr_line' id='line_1_17' title="bbox 126 1629 1120 1707; baseline -0.001 -18"><span class='ocrx_word' id='word_1_139' title='bbox 126 1629 257 1690; x_wconf 91' lang='lat' dir='ltr'>nuabitur</span> <span class='ocrx_word' id='word_1_140' title='bbox 273 1631 297 1689; x_wconf 90' lang='lat' dir='ltr'>is</span> <span class='ocrx_word' id='word_1_141' title='bbox 313 1630 415 1707; x_wconf 90' lang='lat' dir='ltr'>locus,</span> <span class='ocrx_word' id='word_1_142' title='bbox 438 1640 467 1690; x_wconf 89' lang='lat' dir='ltr'>et</span> <span class='ocrx_word' id='word_1_143' title='bbox 482 1631 596 1690; x_wconf 88' lang='lat' dir='ltr'>lucilius</span> <span class='ocrx_word' id='word_1_144' title='bbox 614 1631 687 1690; x_wconf 88' lang='lat' dir='ltr'>eutis</span> <span class='ocrx_word' id='word_1_145' title='bbox 702 1631 832 1690; x_wconf 89' lang='lat' dir='ltr'>ducetur.</span> <span class='ocrx_word' id='word_1_146' title='bbox 870 1632 937 1689; x_wconf 88' lang='lat' dir='ltr'>Sive</span> <span class='ocrx_word' id='word_1_147' title='bbox 953 1640 1047 1690; x_wconf 89' lang='lat' dir='ltr'>autem</span> <span class='ocrx_word' id='word_1_148' title='bbox 1064 1629 1120 1690; x_wconf 91' lang='lat' dir='ltr'>boc</span> 
     </span>
     <span class='ocr_line' id='line_1_18' title="bbox 125 1706 1120 1793; baseline -0.001 -20"><span class='ocrx_word' id='word_1_149' title='bbox 125 1714 211 1774; x_wconf 95' lang='lat' dir='ltr'>modo</span> <span class='ocrx_word' id='word_1_150' title='bbox 231 1716 308 1773; x_wconf 89' lang='lat' dir='ltr'>ricta</span> <span class='ocrx_word' id='word_1_151' title='bbox 325 1715 396 1791; x_wconf 88' lang='lat' dir='ltr'>erit,</span> <span class='ocrx_word' id='word_1_152' title='bbox 418 1716 480 1775; x_wconf 89' lang='lat' dir='ltr'>sive</span> <span class='ocrx_word' id='word_1_153' title='bbox 495 1732 648 1792; x_wconf 82' lang='lat' dir='ltr'>numquam</span> <span class='ocrx_word' id='word_1_154' title='bbox 663 1717 884 1793; x_wconf 83' lang='lat' dir='ltr'>repugnaverit,</span> <span class='ocrx_word' id='word_1_155' title='bbox 912 1714 1012 1774; x_wconf 89' lang='lat' dir='ltr'>ulcera</span> <span class='ocrx_word' id='word_1_156' title='bbox 1027 1706 1077 1773; x_wconf 89' lang='lat' dir='ltr'>vel</span> <span class='ocrx_word' id='word_1_157' title='bbox 1092 1716 1120 1773; x_wconf 92' lang='lat' dir='ltr'>in</span> 
     </span>
     <span class='ocr_line' id='line_1_19' title="bbox 126 1797 1120 1878; baseline 0 -22"><span class='ocrx_word' id='word_1_158' title='bbox 126 1799 198 1857; x_wconf 86' lang='lat' dir='ltr'>cutis</span> <span class='ocrx_word' id='word_1_159' title='bbox 217 1797 357 1857; x_wconf 88' lang='lat' dir='ltr'>ulteriore</span> <span class='ocrx_word' id='word_1_160' title='bbox 379 1808 477 1878; x_wconf 89' lang='lat' dir='ltr'>parte,</span> <span class='ocrx_word' id='word_1_161' title='bbox 507 1798 556 1858; x_wconf 87' lang='lat' dir='ltr'>vel</span> <span class='ocrx_word' id='word_1_162' title='bbox 578 1800 606 1856; x_wconf 92' lang='lat' dir='ltr'>in</span> <span class='ocrx_word' id='word_1_163' title='bbox 631 1798 754 1875; x_wconf 83' lang='lat' dir='ltr'>glande,</span> <span class='ocrx_word' id='word_1_164' title='bbox 783 1798 895 1858; x_wconf 88' lang='lat' dir='ltr'>ultrave</span> <span class='ocrx_word' id='word_1_165' title='bbox 916 1816 979 1857; x_wconf 93' lang='lat' dir='ltr'>eam</span> <span class='ocrx_word' id='word_1_166' title='bbox 999 1800 1028 1857; x_wconf 91' lang='lat' dir='ltr'>in</span> <span class='ocrx_word' id='word_1_167' title='bbox 1054 1798 1120 1858; x_wconf 88' lang='lat' dir='ltr'>cole</span> 
     </span>
     <span class='ocr_line' id='line_1_20' title="bbox 125 1882 1121 1961; baseline -0.001 -21"><span class='ocrx_word' id='word_1_168' title='bbox 125 1882 325 1959; x_wconf 87' lang='lat' dir='ltr'>reperientur:</span> <span class='ocrx_word' id='word_1_169' title='bbox 347 1899 421 1958; x_wconf 89' lang='lat' dir='ltr'>quae</span> <span class='ocrx_word' id='word_1_170' title='bbox 444 1901 569 1942; x_wconf 87' lang='lat' dir='ltr'>necesse</span> <span class='ocrx_word' id='word_1_171' title='bbox 591 1891 636 1941; x_wconf 90' lang='grc' dir='ltr'>εει</span> <span class='ocrx_word' id='word_1_172' title='bbox 657 1891 705 1941; x_wconf 92' lang='grc' dir='ltr'>εει</span> <span class='ocrx_word' id='word_1_173' title='bbox 726 1900 796 1960; x_wconf 90' lang='lat' dir='ltr'>pura</span> <span class='ocrx_word' id='word_1_174' title='bbox 817 1883 955 1961; x_wconf 89' lang='lat' dir='ltr'>siccaque</span> <span class='ocrx_word' id='word_1_175' title='bbox 974 1884 1045 1957; x_wconf 88' lang='lat' dir='ltr'>sint,</span> <span class='ocrx_word' id='word_1_176' title='bbox 1073 1889 1121 1946; x_wconf 87' lang='grc' dir='ltr'>εει</span> 
     </span>
     <span class='ocr_line' id='line_1_21' title="bbox 125 1964 1156 2044; baseline -0.004 -20"><span class='ocrx_word' id='word_1_177' title='bbox 125 1964 237 2024; x_wconf 92' lang='lat' dir='ltr'>humida</span> <span class='ocrx_word' id='word_1_178' title='bbox 263 1975 292 2025; x_wconf 91' lang='grc' dir='ltr'>ει</span> <span class='ocrx_word' id='word_1_179' title='bbox 322 1967 482 2043; x_wconf 88' lang='lat' dir='ltr'>purulenta.</span> <span class='ocrx_word' id='word_1_180' title='bbox 528 1968 557 2025; x_wconf 89' lang='lat' dir='ltr'>Si</span> <span class='ocrx_word' id='word_1_181' title='bbox 582 1968 660 2025; x_wconf 89' lang='lat' dir='ltr'>sicca</span> <span class='ocrx_word' id='word_1_182' title='bbox 682 1975 760 2041; x_wconf 89' lang='lat' dir='ltr'>sunt,</span> <span class='ocrx_word' id='word_1_183' title='bbox 790 1967 909 2044; x_wconf 90' lang='lat' dir='ltr'>primum</span> <span class='ocrx_word' id='word_1_184' title='bbox 931 1984 1004 2043; x_wconf 86' lang='lat' dir='ltr'>aqua</span> <span class='ocrx_word' id='word_1_185' title='bbox 1028 1965 1156 2025; x_wconf 80' lang='lat' dir='ltr'>calidaao</span> 
     </span>
     <span class='ocr_line' id='line_1_22' title="bbox 125 2048 1120 2127; baseline 0.001 -20"><span class='ocrx_word' id='word_1_186' title='bbox 125 2048 250 2108; x_wconf 88' lang='lat' dir='ltr'>lovenda</span> <span class='ocrx_word' id='word_1_187' title='bbox 276 2059 354 2108; x_wconf 86' lang='lat' dir='ltr'>sunt:</span> <span class='ocrx_word' id='word_1_188' title='bbox 381 2050 484 2110; x_wconf 90' lang='lat' dir='ltr'>deinde</span> <span class='ocrx_word' id='word_1_189' title='bbox 507 2049 708 2127; x_wconf 90' lang='lat' dir='ltr'>imponendum</span> <span class='ocrx_word' id='word_1_190' title='bbox 730 2048 835 2123; x_wconf 91' lang='lat' dir='ltr'>lycium</span> <span class='ocrx_word' id='word_1_191' title='bbox 852 2068 889 2108; x_wconf 85' lang='lat' dir='ltr'>ex</span> <span class='ocrx_word' id='word_1_192' title='bbox 905 2052 970 2110; x_wconf 89' lang='lat' dir='ltr'>vino</span> <span class='ocrx_word' id='word_1_193' title='bbox 987 2059 1049 2124; x_wconf 89' lang='lat' dir='ltr'>est,</span> <span class='ocrx_word' id='word_1_194' title='bbox 1073 2059 1120 2109; x_wconf 91' lang='lat' dir='ltr'>aut</span> 
     </span>
     <span class='ocr_line' id='line_1_23' title="bbox 125 2133 1119 2208; baseline 0 -17"><span class='ocrx_word' id='word_1_195' title='bbox 125 2150 239 2192; x_wconf 89' lang='lat' dir='ltr'>amurca</span> <span class='ocrx_word' id='word_1_196' title='bbox 263 2144 345 2193; x_wconf 90' lang='lat' dir='ltr'>cocta</span> <span class='ocrx_word' id='word_1_197' title='bbox 367 2152 431 2193; x_wconf 89' lang='lat' dir='ltr'>oum</span> <span class='ocrx_word' id='word_1_198' title='bbox 452 2133 570 2208; x_wconf 89' lang='lat' dir='ltr'>eodem,</span> <span class='ocrx_word' id='word_1_199' title='bbox 597 2143 644 2193; x_wconf 91' lang='grc' dir='ltr'>εει</span> <span class='ocrx_word' id='word_1_200' title='bbox 660 2152 722 2192; x_wconf 93' lang='lat' dir='ltr'>cum</span> <span class='ocrx_word' id='word_1_201' title='bbox 737 2150 805 2193; x_wconf 90' lang='lat' dir='ltr'>rosa</span> <span class='ocrx_word' id='word_1_202' title='bbox 823 2134 963 2207; x_wconf 88' lang='lat' dir='ltr'>butyrum.</span> <span class='ocrx_word' id='word_1_203' title='bbox 999 2135 1029 2192; x_wconf 90' lang='lat' dir='ltr'>Si</span> <span class='ocrx_word' id='word_1_204' title='bbox 1045 2133 1119 2193; x_wconf 88' lang='lat' dir='ltr'>levis</span> 
     </span>
     <span class='ocr_line' id='line_1_24' title="bbox 124 2216 1119 2294; baseline 0.003 -21"><span class='ocrx_word' id='word_1_205' title='bbox 124 2218 159 2274; x_wconf 90' lang='lat' dir='ltr'>iis</span> <span class='ocrx_word' id='word_1_206' title='bbox 181 2216 283 2278; x_wconf 90' lang='lat' dir='ltr'>humor</span> <span class='ocrx_word' id='word_1_207' title='bbox 307 2218 398 2294; x_wconf 89' lang='lat' dir='ltr'>inest,</span> <span class='ocrx_word' id='word_1_208' title='bbox 429 2219 495 2276; x_wconf 89' lang='lat' dir='ltr'>vino</span> <span class='ocrx_word' id='word_1_209' title='bbox 517 2216 640 2276; x_wconf 90' lang='lat' dir='ltr'>eluenda</span> <span class='ocrx_word' id='word_1_210' title='bbox 662 2227 740 2277; x_wconf 90' lang='lat' dir='ltr'>sunt:</span> <span class='ocrx_word' id='word_1_211' title='bbox 774 2226 831 2276; x_wconf 91' lang='lat' dir='ltr'>tum</span> <span class='ocrx_word' id='word_1_212' title='bbox 853 2217 957 2292; x_wconf 78' lang='lat' dir='ltr'>butyro</span> <span class='ocrx_word' id='word_1_213' title='bbox 982 2226 1011 2276; x_wconf 92' lang='lat' dir='ltr'>et</span> <span class='ocrx_word' id='word_1_214' title='bbox 1033 2235 1119 2277; x_wconf 88' lang='lat' dir='ltr'>rosae</span> 
     </span>
     <span class='ocr_line' id='line_1_25' title="bbox 123 2299 1118 2379; baseline 0.002 -22"><span class='ocrx_word' id='word_1_215' title='bbox 123 2299 217 2358; x_wconf 90' lang='lat' dir='ltr'>mellis</span> <span class='ocrx_word' id='word_1_216' title='bbox 242 2301 373 2378; x_wconf 88' lang='lat' dir='ltr'>paulum,</span> <span class='ocrx_word' id='word_1_217' title='bbox 406 2309 434 2358; x_wconf 91' lang='grc' dir='ltr'>ει</span> <span class='ocrx_word' id='word_1_218' title='bbox 456 2302 569 2358; x_wconf 82' lang='lat' dir='ltr'>resinae</span> <span class='ocrx_word' id='word_1_219' title='bbox 595 2300 803 2359; x_wconf 87' lang='lat' dir='ltr'>terebinthinae</span> <span class='ocrx_word' id='word_1_220' title='bbox 830 2318 897 2379; x_wconf 87' lang='lat' dir='ltr'>pars</span> <span class='ocrx_word' id='word_1_221' title='bbox 923 2310 1023 2378; x_wconf 88' lang='lat' dir='ltr'>quarta</span> <span class='ocrx_word' id='word_1_222' title='bbox 1048 2300 1118 2377; x_wconf 90' lang='lat' dir='ltr'>adji-</span> 
     </span>
     <span class='ocr_line' id='line_1_26' title="bbox 89 2381 1155 2464; baseline 0.006 -28"><span class='ocrx_word' id='word_1_223' title='bbox 89 2433 91 2436; x_wconf 84' lang='grc'><em>,</em></span> <span class='ocrx_word' id='word_1_224' title='bbox 126 2381 226 2442; x_wconf 91' lang='lat' dir='ltr'>cienda</span> <span class='ocrx_word' id='word_1_225' title='bbox 251 2393 311 2458; x_wconf 86' lang='lat' dir='ltr'>est,</span> <span class='ocrx_word' id='word_1_226' title='bbox 336 2401 430 2460; x_wconf 88' lang='lat' dir='ltr'>eoque</span> <span class='ocrx_word' id='word_1_227' title='bbox 452 2384 596 2442; x_wconf 88' lang='lat' dir='ltr'>utendum.</span> <span class='ocrx_word' id='word_1_228' title='bbox 632 2384 670 2445; x_wconf 86' lang='grc' dir='ltr'><strong>Αι</strong></span> <span class='ocrx_word' id='word_1_229' title='bbox 685 2386 708 2443; x_wconf 92' lang='lat' dir='ltr'>si</span> <span class='ocrx_word' id='word_1_230' title='bbox 725 2403 778 2462; x_wconf 91' lang='lat' dir='ltr'>pus</span> <span class='ocrx_word' id='word_1_231' title='bbox 794 2403 832 2443; x_wconf 87' lang='lat' dir='ltr'>err</span> <span class='ocrx_word' id='word_1_232' title='bbox 847 2386 881 2443; x_wconf 93' lang='lat' dir='ltr'>iis</span> <span class='ocrx_word' id='word_1_233' title='bbox 897 2384 1030 2464; x_wconf 86' lang='lat' dir='ltr'>produit,</span> <span class='ocrx_word' id='word_1_234' title='bbox 1053 2394 1155 2444; x_wconf 73' lang='lat' dir='ltr'>antero</span> 
     </span>
     <span class='ocr_line' id='line_1_27' title="bbox 124 2465 1117 2547; baseline 0.004 -26"><span class='ocrx_word' id='word_1_235' title='bbox 124 2465 216 2523; x_wconf 89' lang='lat' dir='ltr'>omnia</span> <span class='ocrx_word' id='word_1_236' title='bbox 234 2465 291 2523; x_wconf 89' lang='lat' dir='ltr'>elui</span> <span class='ocrx_word' id='word_1_237' title='bbox 306 2467 398 2525; x_wconf 90' lang='lat' dir='ltr'>mulso</span> <span class='ocrx_word' id='word_1_238' title='bbox 415 2467 508 2525; x_wconf 90' lang='lat' dir='ltr'>calido</span> <span class='ocrx_word' id='word_1_239' title='bbox 524 2466 646 2526; x_wconf 89' lang='lat' dir='ltr'>debent:</span> <span class='ocrx_word' id='word_1_240' title='bbox 670 2477 726 2527; x_wconf 90' lang='lat' dir='ltr'>tum</span> <span class='ocrx_word' id='word_1_241' title='bbox 740 2470 847 2546; x_wconf 92' lang='lat' dir='ltr'>imponi</span> <span class='ocrx_word' id='word_1_242' title='bbox 860 2469 969 2547; x_wconf 87' lang='lat' dir='ltr'>piperis</span> <span class='ocrx_word' id='word_1_243' title='bbox 986 2486 1013 2546; x_wconf 96' lang='lat' dir='ltr'>p.</span> <span class='ocrx_word' id='word_1_244' title='bbox 1024 2468 1079 2546; x_wconf 88' lang='lat'>)·(.</span> <span class='ocrx_word' id='word_1_245' title='bbox 1096 2482 1117 2527; x_wconf 89' lang='lat'>1.</span> 
     </span>
     <span class='ocr_line' id='line_1_28' title="bbox 124 2547 1117 2630; baseline 0.003 -24"><span class='ocrx_word' id='word_1_246' title='bbox 124 2547 257 2620; x_wconf 85' lang='lat' dir='ltr'>myrrhae</span> <span class='ocrx_word' id='word_1_247' title='bbox 283 2565 310 2624; x_wconf 93' lang='lat' dir='ltr'>p.</span> <span class='ocrx_word' id='word_1_248' title='bbox 328 2548 383 2627; x_wconf 86' lang='lat'>)·(.</span> <span class='ocrx_word' id='word_1_249' title='bbox 401 2563 425 2613; x_wconf 85' lang='grc' dir='ltr'>Ι.</span> <span class='ocrx_word' id='word_1_250' title='bbox 444 2553 540 2626; x_wconf 92' lang='lat' dir='ltr'>croci,</span> <span class='ocrx_word' id='word_1_251' title='bbox 564 2552 638 2625; x_wconf 91' lang='lat' dir='ltr'>misy</span> <span class='ocrx_word' id='word_1_252' title='bbox 654 2554 747 2626; x_wconf 90' lang='lat' dir='ltr'>cocti,</span> <span class='ocrx_word' id='word_1_253' title='bbox 772 2551 948 2628; x_wconf 83' lang='lat' dir='ltr'>singulorum</span> <span class='ocrx_word' id='word_1_254' title='bbox 965 2569 992 2629; x_wconf 88' lang='lat' dir='ltr'>p.</span> <span class='ocrx_word' id='word_1_255' title='bbox 1008 2551 1063 2630; x_wconf 88' lang='lat'>)·(.</span> <span class='ocrx_word' id='word_1_256' title='bbox 1081 2566 1117 2611; x_wconf 89' lang='lat'>11.</span> 
     </span>
     <span class='ocr_line' id='line_1_29' title="bbox 124 2632 1117 2711; baseline 0.005 -23"><span class='ocrx_word' id='word_1_257' title='bbox 124 2647 198 2709; x_wconf 86' lang='lat' dir='ltr'>quae</span> <span class='ocrx_word' id='word_1_258' title='bbox 218 2649 255 2690; x_wconf 85' lang='lat' dir='ltr'>ex</span> <span class='ocrx_word' id='word_1_259' title='bbox 271 2632 337 2692; x_wconf 87' lang='lat' dir='ltr'>vino</span> <span class='ocrx_word' id='word_1_260' title='bbox 355 2643 471 2694; x_wconf 87' lang='lat' dir='ltr'>austero</span> <span class='ocrx_word' id='word_1_261' title='bbox 488 2644 662 2711; x_wconf 89' lang='lat' dir='ltr'>coquuntur,</span> <span class='ocrx_word' id='word_1_262' title='bbox 679 2636 774 2695; x_wconf 91' lang='lat' dir='ltr'>donec</span> <span class='ocrx_word' id='word_1_263' title='bbox 788 2635 881 2694; x_wconf 92' lang='lat' dir='ltr'>mellis</span> <span class='ocrx_word' id='word_1_264' title='bbox 899 2635 1117 2694; x_wconf 89' lang='lat' dir='ltr'>crassitudinem</span> 
     </span>
     <span class='ocr_line' id='line_1_30' title="bbox 123 2712 1117 2796; baseline 0.004 -23"><span class='ocrx_word' id='word_1_265' title='bbox 123 2712 257 2774; x_wconf 90' lang='lat' dir='ltr'>babeant.</span> <span class='ocrx_word' id='word_1_266' title='bbox 295 2714 404 2777; x_wconf 81' lang='lat' dir='ltr'>Eadem</span> <span class='ocrx_word' id='word_1_267' title='bbox 427 2725 519 2778; x_wconf 90' lang='lat' dir='ltr'>autem</span> <span class='ocrx_word' id='word_1_268' title='bbox 537 2721 709 2796; x_wconf 90' lang='lat' dir='ltr'>compositio</span> <span class='ocrx_word' id='word_1_269' title='bbox 726 2719 866 2792; x_wconf 89' lang='lat' dir='ltr'>tonsillis,</span> <span class='ocrx_word' id='word_1_270' title='bbox 893 2736 966 2779; x_wconf 89' lang='lat' dir='ltr'>uvae</span> <span class='ocrx_word' id='word_1_271' title='bbox 983 2718 1117 2796; x_wconf 86' lang='lat' dir='ltr'>madenti,</span> 
     </span>
     <span class='ocr_line' id='line_1_31' title="bbox 123 2800 1153 2878; baseline 0.004 -19"><span class='ocrx_word' id='word_1_272' title='bbox 123 2800 181 2859; x_wconf 93' lang='lat' dir='ltr'>oris</span> <span class='ocrx_word' id='word_1_273' title='bbox 198 2802 364 2878; x_wconf 89' lang='lat' dir='ltr'>nariumque</span> <span class='ocrx_word' id='word_1_274' title='bbox 381 2801 526 2862; x_wconf 89' lang='lat' dir='ltr'>ulceribus</span> <span class='ocrx_word' id='word_1_275' title='bbox 543 2803 759 2862; x_wconf 90' lang='lat' dir='ltr'>accommodata</span> <span class='ocrx_word' id='word_1_276' title='bbox 775 2812 830 2863; x_wconf 88' lang='grc' dir='ltr'><strong>εει.</strong></span> <span class='ocrx_word' id='word_1_277' title='bbox 849 2802 935 2862; x_wconf 81' lang='lat' dir='ltr'>Aliud</span> <span class='ocrx_word' id='word_1_278' title='bbox 951 2803 985 2862; x_wconf 89' lang='lat' dir='ltr'>ad</span> <span class='ocrx_word' id='word_1_279' title='bbox 1000 2802 1116 2862; x_wconf 91' lang='lat' dir='ltr'>eadem:</span> <span class='ocrx_word' id='word_1_280' title='bbox 1127 2822 1153 2863; x_wconf 86' lang='lat' dir='ltr'>ao</span> 
     </span>
     <span class='ocr_line' id='line_1_32' title="bbox 124 2884 1117 2965; baseline 0.002 -23"><span class='ocrx_word' id='word_1_281' title='bbox 124 2884 236 2962; x_wconf 88' lang='lat' dir='ltr'>piperis</span> <span class='ocrx_word' id='word_1_282' title='bbox 253 2885 345 2963; x_wconf 86' lang='lat' dir='ltr'>p.)-(.</span> <span class='ocrx_word' id='word_1_283' title='bbox 356 2904 380 2944; x_wconf 86' lang='lat' dir='ltr'>n.</span> <span class='ocrx_word' id='word_1_284' title='bbox 395 2887 526 2961; x_wconf 88' lang='lat' dir='ltr'>myrrhae</span> <span class='ocrx_word' id='word_1_285' title='bbox 540 2887 666 2964; x_wconf 86' lang='lat' dir='ltr'>p.)·(.z.</span> <span class='ocrx_word' id='word_1_286' title='bbox 679 2888 758 2946; x_wconf 91' lang='lat' dir='ltr'>croci</span> <span class='ocrx_word' id='word_1_287' title='bbox 775 2906 802 2965; x_wconf 92' lang='lat' dir='ltr'>p.</span> <span class='ocrx_word' id='word_1_288' title='bbox 815 2887 871 2965; x_wconf 88' lang='lat'>)·(.</span> <span class='ocrx_word' id='word_1_289' title='bbox 886 2907 900 2945; x_wconf 88' lang='lat' dir='ltr'>z</span> <span class='ocrx_word' id='word_1_290' title='bbox 914 2906 938 2945; x_wconf 86' lang='lat' dir='ltr'>z.</span> <span class='ocrx_word' id='word_1_291' title='bbox 953 2888 1026 2961; x_wconf 91' lang='lat' dir='ltr'>misy</span> <span class='ocrx_word' id='word_1_292' title='bbox 1041 2889 1117 2946; x_wconf 88' lang='lat' dir='ltr'>cocti</span> 
     </span>
     <span class='ocr_line' id='line_1_33' title="bbox 123 2968 1116 3049; baseline -0.001 -20"><span class='ocrx_word' id='word_1_293' title='bbox 123 2986 150 3045; x_wconf 93' lang='lat' dir='ltr'>p.</span> <span class='ocrx_word' id='word_1_294' title='bbox 159 2968 214 3047; x_wconf 87' lang='lat'>)·(.</span> <span class='ocrx_word' id='word_1_295' title='bbox 224 2983 246 3029; x_wconf 85' lang='grc' dir='ltr'>Ι.</span> <span class='ocrx_word' id='word_1_296' title='bbox 258 2972 333 3029; x_wconf 84' lang='lat' dir='ltr'>aeris</span> <span class='ocrx_word' id='word_1_297' title='bbox 345 2972 486 3030; x_wconf 89' lang='lat' dir='ltr'>combusti</span> <span class='ocrx_word' id='word_1_298' title='bbox 500 2989 527 3048; x_wconf 88' lang='lat' dir='ltr'>p.</span> <span class='ocrx_word' id='word_1_299' title='bbox 538 2971 639 3049; x_wconf 86' lang='lat'>)·(.11.</span> <span class='ocrx_word' id='word_1_300' title='bbox 653 2989 726 3049; x_wconf 85' lang='lat' dir='ltr'>quae</span> <span class='ocrx_word' id='word_1_301' title='bbox 739 2973 859 3049; x_wconf 89' lang='lat' dir='ltr'>primum</span> <span class='ocrx_word' id='word_1_302' title='bbox 870 2989 907 3029; x_wconf 86' lang='lat' dir='ltr'>ex</span> <span class='ocrx_word' id='word_1_303' title='bbox 919 2971 986 3028; x_wconf 89' lang='lat' dir='ltr'>vlno</span> <span class='ocrx_word' id='word_1_304' title='bbox 1000 2979 1116 3030; x_wconf 90' lang='lat' dir='ltr'>austero</span> 
     </span>
     <span class='ocr_line' id='line_1_34' title="bbox 123 3054 1116 3132; baseline 0.001 -22"><span class='ocrx_word' id='word_1_305' title='bbox 123 3061 324 3122; x_wconf 90' lang='lat' dir='ltr'>conteruntur;</span> <span class='ocrx_word' id='word_1_306' title='bbox 341 3054 455 3129; x_wconf 89' lang='lat' dir='ltr'>deinde,</span> <span class='ocrx_word' id='word_1_307' title='bbox 474 3054 523 3113; x_wconf 91' lang='lat' dir='ltr'>ubi</span> <span class='ocrx_word' id='word_1_308' title='bbox 538 3057 712 3130; x_wconf 86' lang='lat' dir='ltr'>inaruerunt,</span> <span class='ocrx_word' id='word_1_309' title='bbox 728 3056 830 3113; x_wconf 90' lang='lat' dir='ltr'>iterum</span> <span class='ocrx_word' id='word_1_310' title='bbox 848 3063 977 3113; x_wconf 88' lang='lat' dir='ltr'>teruntur</span> <span class='ocrx_word' id='word_1_311' title='bbox 988 3073 1025 3112; x_wconf 86' lang='lat' dir='ltr'>ex</span> <span class='ocrx_word' id='word_1_312' title='bbox 1038 3055 1116 3132; x_wconf 91' lang='lat' dir='ltr'>passi</span> 
     </span>
     <span class='ocr_line' id='line_1_35' title="bbox 121 3134 1116 3216; baseline 0.006 -25"><span class='ocrx_word' id='word_1_313' title='bbox 121 3134 212 3194; x_wconf 86' lang='lat' dir='ltr'>tribus</span> <span class='ocrx_word' id='word_1_314' title='bbox 226 3138 346 3212; x_wconf 81' lang='lat' dir='ltr'>cyathis,</span> <span class='ocrx_word' id='word_1_315' title='bbox 361 3147 389 3197; x_wconf 91' lang='grc' dir='ltr'>ει</span> <span class='ocrx_word' id='word_1_316' title='bbox 402 3141 604 3216; x_wconf 86' lang='lat' dir='ltr'>incoquuntur,</span> <span class='ocrx_word' id='word_1_317' title='bbox 618 3138 712 3198; x_wconf 90' lang='lat' dir='ltr'>donee</span> <span class='ocrx_word' id='word_1_318' title='bbox 724 3137 1116 3197; x_wconf 88' lang='lat' dir='ltr'>viscicrassitudinembahe·</span> 
     </span>
     <span class='ocr_line' id='line_1_36' title="bbox 122 3219 1152 3307; baseline -0.001 -30"><span class='ocrx_word' id='word_1_319' title='bbox 122 3227 177 3277; x_wconf 90' lang='lat' dir='ltr'>ant.</span> <span class='ocrx_word' id='word_1_320' title='bbox 200 3219 319 3297; x_wconf 81' lang='lat' dir='ltr'>Aerugo</span> <span class='ocrx_word' id='word_1_321' title='bbox 337 3239 453 3300; x_wconf 83' lang='lat' dir='ltr'>quoque</span> <span class='ocrx_word' id='word_1_322' title='bbox 472 3240 534 3281; x_wconf 89' lang='lat' dir='ltr'>cum</span> <span class='ocrx_word' id='word_1_323' title='bbox 557 3231 642 3282; x_wconf 91' lang='lat' dir='ltr'>cocto</span> <span class='ocrx_word' id='word_1_324' title='bbox 665 3222 767 3295; x_wconf 90' lang='lat' dir='ltr'>melle,</span> <span class='ocrx_word' id='word_1_325' title='bbox 790 3231 818 3280; x_wconf 91' lang='grc' dir='ltr'>ει</span> <span class='ocrx_word' id='word_1_326' title='bbox 839 3239 889 3298; x_wconf 86' lang='grc' dir='ltr'>εε,</span> <span class='ocrx_word' id='word_1_327' title='bbox 908 3240 982 3307; x_wconf 82' lang='lat' dir='ltr'>quae</span> <span class='ocrx_word' id='word_1_328' title='bbox 1000 3220 1035 3280; x_wconf 94' lang='lat' dir='ltr'>ad</span> <span class='ocrx_word' id='word_1_329' title='bbox 1057 3223 1152 3281; x_wconf 81' lang='lat' dir='ltr'>crisos</span> 
     </span>
     <span class='ocr_line' id='line_1_37' title="bbox 121 3304 1115 3385; baseline 0.002 -25"><span class='ocrx_word' id='word_1_330' title='bbox 121 3307 219 3362; x_wconf 90' lang='lat' dir='ltr'>ulcera</span> <span class='ocrx_word' id='word_1_331' title='bbox 241 3322 328 3381; x_wconf 92' lang='lat' dir='ltr'>supra</span> <span class='ocrx_word' id='word_1_332' title='bbox 356 3306 566 3385; x_wconf 89' lang='lat' dir='ltr'>comprehensa</span> <span class='ocrx_word' id='word_1_333' title='bbox 589 3313 668 3374; x_wconf 90' lang='lat' dir='ltr'>sunt;</span> <span class='ocrx_word' id='word_1_334' title='bbox 697 3315 744 3366; x_wconf 91' lang='lat' dir='ltr'>aut</span> <span class='ocrx_word' id='word_1_335' title='bbox 773 3304 941 3365; x_wconf 80' lang='lat' dir='ltr'>Erasistrati</span> <span class='ocrx_word' id='word_1_336' title='bbox 971 3307 1115 3382; x_wconf 89' lang='lat' dir='ltr'>composi·</span> 
     </span>
     <span class='ocr_line' id='line_1_38' title="bbox 121 3386 1114 3468; baseline 0.003 -25"><span class='ocrx_word' id='word_1_337' title='bbox 121 3386 175 3460; x_wconf 91' lang='lat' dir='ltr'>tio,</span> <span class='ocrx_word' id='word_1_338' title='bbox 195 3397 242 3446; x_wconf 89' lang='grc' dir='ltr'>εει</span> <span class='ocrx_word' id='word_1_339' title='bbox 260 3386 393 3448; x_wconf 83' lang='lat' dir='ltr'>Cratonis</span> <span class='ocrx_word' id='word_1_340' title='bbox 414 3399 493 3449; x_wconf 90' lang='lat' dir='ltr'>recte</span> <span class='ocrx_word' id='word_1_341' title='bbox 514 3408 602 3467; x_wconf 89' lang='lat' dir='ltr'>super</span> <span class='ocrx_word' id='word_1_342' title='bbox 625 3388 774 3467; x_wconf 83' lang='lat' dir='ltr'>purulenta</span> <span class='ocrx_word' id='word_1_343' title='bbox 791 3390 931 3450; x_wconf 86' lang='lat' dir='ltr'>naturalia</span> <span class='ocrx_word' id='word_1_344' title='bbox 951 3391 1114 3468; x_wconf 91' lang='lat' dir='ltr'>imponitur.</span> 
     </span>
     <span class='ocr_line' id='line_1_39' title="bbox 119 3466 1115 3552; baseline 0.004 -26"><span class='ocrx_word' id='word_1_345' title='bbox 119 3466 203 3527; x_wconf 80' lang='lat' dir='ltr'>Folia</span> <span class='ocrx_word' id='word_1_346' title='bbox 227 3488 342 3549; x_wconf 84' lang='lat' dir='ltr'>qnoque</span> <span class='ocrx_word' id='word_1_347' title='bbox 368 3473 452 3532; x_wconf 88' lang='lat' dir='ltr'>oleae</span> <span class='ocrx_word' id='word_1_348' title='bbox 477 3491 513 3531; x_wconf 90' lang='lat' dir='ltr'>ex</span> <span class='ocrx_word' id='word_1_349' title='bbox 536 3490 640 3533; x_wconf 90' lang='lat' dir='ltr'>novem</span> <span class='ocrx_word' id='word_1_350' title='bbox 663 3473 774 3547; x_wconf 88' lang='lat' dir='ltr'>cyathis</span> <span class='ocrx_word' id='word_1_351' title='bbox 794 3474 851 3532; x_wconf 89' lang='lat' dir='ltr'>vini</span> <span class='ocrx_word' id='word_1_352' title='bbox 868 3482 1046 3552; x_wconf 86' lang='lat' dir='ltr'>coquuntur;</span> <span class='ocrx_word' id='word_1_353' title='bbox 1070 3472 1115 3531; x_wconf 90' lang='lat' dir='ltr'>his</span> 
     </span>
    </p>
   </div>
   <div class='ocr_carea' id='block_1_4' title="bbox 0 0 1212 3924">
    <p class='ocr_par' dir='ltr' id='par_1_4' title="bbox 0 0 1212 3924">
     <span class='ocr_line' id='line_1_40' title="bbox 0 0 1212 3924; baseline 0 1"><span class='ocrx_word' id='word_1_354' title='bbox 0 0 1212 3924; x_wconf 95' lang='lat' dir='ltr'> </span> 
     </span>
    </p>
   </div>
  </div>
 </body>
</html>
