<?xml version="1.0" encoding="UTF-8"?>
<!DOCTYPE html PUBLIC "-//W3C//DTD XHTML 1.0 Transitional//EN"
    "http://www.w3.org/TR/xhtml1/DTD/xhtml1-transitional.dtd">
<html xmlns="http://www.w3.org/1999/xhtml" xml:lang="en" lang="en">
 <head>
  <title>
</title>
<meta http-equiv="Content-Type" content="text/html;charset=utf-8" />
  <meta name='ocr-system' content='tesseract 3.04.00' />
  <meta name='ocr-capabilities' content='ocr_page ocr_carea ocr_par ocr_line ocrx_word'/>
</head>
<body>
  <div class='ocr_page' id='page_1' title='image "./cassiifelicisde00rosegoog_0411.png"; bbox 0 0 2414 3924; ppageno 0'>
   <div class='ocr_carea' id='block_1_1' title="bbox 114 201 825 265">
    <p class='ocr_par' dir='ltr' id='par_1_1' title="bbox 114 201 825 265">
     <span class='ocr_line' id='line_1_1' title="bbox 114 201 825 265; baseline 0.02 -29"><span class='ocrx_word' id='word_1_1' title='bbox 114 201 167 265; x_wconf 67' lang='lat' dir='ltr'><strong>‚gg</strong></span> <span class='ocrx_word' id='word_1_2' title='bbox 346 205 350 212; x_wconf 93' lang='lat'>·</span> <span class='ocrx_word' id='word_1_3' title='bbox 425 204 459 251; x_wconf 77' lang='lat' dir='ltr'><strong>s.</strong></span> <span class='ocrx_word' id='word_1_4' title='bbox 472 204 502 254; x_wconf 92' lang='lat' dir='ltr'><strong>c.</strong></span> <span class='ocrx_word' id='word_1_5' title='bbox 519 204 616 252; x_wconf 83' lang='lat' dir='ltr'><strong>cuusr</strong></span> <span class='ocrx_word' id='word_1_6' title='bbox 630 203 825 252; x_wconf 77' lang='lat' dir='ltr'><strong>uunrcrusu</strong></span> 
     </span>
    </p>
   </div>
   <div class='ocr_carea' id='block_1_2' title="bbox 45 357 1164 2097">
    <p class='ocr_par' dir='ltr' id='par_1_2' title="bbox 128 357 1129 521">
     <span class='ocr_line' id='line_1_2' title="bbox 129 357 1129 444; baseline -0.005 -18"><span class='ocrx_word' id='word_1_7' title='bbox 129 384 212 444; x_wconf 83' lang='lat' dir='ltr'><strong>quam</strong></span> <span class='ocrx_word' id='word_1_8' title='bbox 237 367 299 425; x_wconf 87' lang='lat' dir='ltr'><strong>sitis</strong></span> <span class='ocrx_word' id='word_1_9' title='bbox 323 370 428 439; x_wconf 84' lang='lat' dir='ltr'><strong>coget:</strong></span> <span class='ocrx_word' id='word_1_10' title='bbox 457 359 622 436; x_wconf 87' lang='lat' dir='ltr'><strong>poteritque</strong></span> <span class='ocrx_word' id='word_1_11' title='bbox 644 375 660 416; x_wconf 96' lang='lat' dir='ltr'><strong>a</strong></span> <span class='ocrx_word' id='word_1_12' title='bbox 678 357 783 417; x_wconf 84' lang='lat' dir='ltr'><strong>balneo</strong></span> <span class='ocrx_word' id='word_1_13' title='bbox 802 360 885 418; x_wconf 90' lang='lat' dir='ltr'><strong>etiam</strong></span> <span class='ocrx_word' id='word_1_14' title='bbox 908 361 1058 437; x_wconf 82' lang='lat' dir='ltr'>pinguius,</span> <span class='ocrx_word' id='word_1_15' title='bbox 1080 370 1129 421; x_wconf 90' lang='lat' dir='ltr'><strong>aut</strong></span> 
     </span>
     <span class='ocr_line' id='line_1_3' title="bbox 128 439 1128 521; baseline -0.004 -14"><span class='ocrx_word' id='word_1_16' title='bbox 128 448 240 507; x_wconf 88' lang='lat' dir='ltr'><strong>dulcius</strong></span> <span class='ocrx_word' id='word_1_17' title='bbox 257 447 318 507; x_wconf 89' lang='lat' dir='ltr'><strong>dari</strong></span> <span class='ocrx_word' id='word_1_18' title='bbox 334 446 447 509; x_wconf 77' lang='lat' dir='ltr'><strong>vinum:</strong></span> <span class='ocrx_word' id='word_1_19' title='bbox 466 441 571 518; x_wconf 88' lang='lat' dir='ltr'><strong>poterit</strong></span> <span class='ocrx_word' id='word_1_20' title='bbox 586 439 693 517; x_wconf 88' lang='lat' dir='ltr'><strong>semel,</strong></span> <span class='ocrx_word' id='word_1_21' title='bbox 709 450 756 500; x_wconf 90' lang='lat' dir='ltr'><strong>aut</strong></span> <span class='ocrx_word' id='word_1_22' title='bbox 771 440 816 499; x_wconf 89' lang='lat' dir='ltr'><strong>bis</strong></span> <span class='ocrx_word' id='word_1_23' title='bbox 832 443 975 521; x_wconf 90' lang='lat' dir='ltr'><strong>interponi</strong></span> <span class='ocrx_word' id='word_1_24' title='bbox 989 461 1128 520; x_wconf 87' lang='lat' dir='ltr'><strong>graecum</strong></span> 
     </span>
    </p>

    <p class='ocr_par' dir='ltr' id='par_1_3' title="bbox 45 522 1164 2097">
     <span class='ocr_line' id='line_1_4' title="bbox 45 522 1129 610; baseline -0.006 -18"><span class='ocrx_word' id='word_1_25' title='bbox 45 585 50 593; x_wconf 93' lang='lat'>.</span> <span class='ocrx_word' id='word_1_26' title='bbox 129 531 235 591; x_wconf 88' lang='lat' dir='ltr'><strong>salsum</strong></span> <span class='ocrx_word' id='word_1_27' title='bbox 250 531 305 610; x_wconf 89' lang='lat' dir='ltr'><strong>(ci.</strong></span> <span class='ocrx_word' id='word_1_28' title='bbox 322 527 372 603; x_wconf 81' lang='lat'>111,</span> <span class='ocrx_word' id='word_1_29' title='bbox 391 527 455 604; x_wconf 88' lang='grc'>16).</span> <span class='ocrx_word' id='word_1_30' title='bbox 484 522 590 582; x_wconf 82' lang='lat' dir='ltr'>Contra</span> <span class='ocrx_word' id='word_1_31' title='bbox 605 540 694 600; x_wconf 76' lang='lat' dir='ltr'><strong>vero,</strong></span> <span class='ocrx_word' id='word_1_32' title='bbox 713 525 737 582; x_wconf 89' lang='lat' dir='ltr'><strong>si</strong></span> <span class='ocrx_word' id='word_1_33' title='bbox 756 541 863 602; x_wconf 89' lang='lat' dir='ltr'><strong>corpus</strong></span> <span class='ocrx_word' id='word_1_34' title='bbox 879 526 1018 604; x_wconf 85' lang='lat' dir='ltr'><strong>profluet,</strong></span> <span class='ocrx_word' id='word_1_35' title='bbox 1040 527 1129 587; x_wconf 92' lang='lat' dir='ltr'><strong>sudor</strong></span> 
     </span>
     <span class='ocr_line' id='line_1_5' title="bbox 130 605 1127 688; baseline -0.005 -15"><span class='ocrx_word' id='word_1_36' title='bbox 130 613 328 687; x_wconf 82' lang='lat' dir='ltr'><strong>coercendus,</strong></span> <span class='ocrx_word' id='word_1_37' title='bbox 350 611 431 688; x_wconf 85' lang='lat' dir='ltr'><strong>quies</strong></span> <span class='ocrx_word' id='word_1_38' title='bbox 444 605 603 667; x_wconf 88' lang='lat' dir='ltr'><strong>adhibenda</strong></span> <span class='ocrx_word' id='word_1_39' title='bbox 619 607 685 674; x_wconf 90' lang='lat' dir='ltr'><strong>erit;</strong></span> <span class='ocrx_word' id='word_1_40' title='bbox 704 607 832 666; x_wconf 92' lang='lat' dir='ltr'><strong>tenebris</strong></span> <span class='ocrx_word' id='word_1_41' title='bbox 847 625 1021 687; x_wconf 83' lang='lat' dir='ltr'><strong>somnoque,</strong></span> <span class='ocrx_word' id='word_1_42' title='bbox 1040 627 1127 687; x_wconf 86' lang='lat' dir='ltr'><strong>quan-</strong></span> 
     </span>
     <span class='ocr_line' id='line_1_6' title="bbox 128 688 1154 773; baseline -0.003 -17"><span class='ocrx_word' id='word_1_43' title='bbox 128 697 290 773; x_wconf 87' lang='lat' dir='ltr'><strong>documque</strong></span> <span class='ocrx_word' id='word_1_44' title='bbox 314 694 410 768; x_wconf 87' lang='lat' dir='ltr'><strong>volet,</strong></span> <span class='ocrx_word' id='word_1_45' title='bbox 432 688 579 756; x_wconf 73' lang='lat' dir='ltr'><strong>utendum</strong></span> <span class='ocrx_word' id='word_1_46' title='bbox 605 690 735 747; x_wconf 92' lang='lat' dir='ltr'><strong>nonnisi</strong></span> <span class='ocrx_word' id='word_1_47' title='bbox 758 689 816 748; x_wconf 93' lang='lat' dir='ltr'><strong>leni</strong></span> <span class='ocrx_word' id='word_1_48' title='bbox 837 695 1001 767; x_wconf 75' lang='lat' dir='ltr'><strong>gestatione</strong></span> <span class='ocrx_word' id='word_1_49' title='bbox 1020 710 1154 770; x_wconf 85' lang='lat' dir='ltr'><strong>corpuss</strong></span> 
     </span>
     <span class='ocr_line' id='line_1_7' title="bbox 129 770 1129 855; baseline -0.004 -16"><span class='ocrx_word' id='word_1_50' title='bbox 129 779 311 855; x_wconf 86' lang='lat' dir='ltr'><strong>agitandum,</strong></span> <span class='ocrx_word' id='word_1_51' title='bbox 325 785 353 836; x_wconf 91' lang='lat' dir='ltr'><strong>et</strong></span> <span class='ocrx_word' id='word_1_52' title='bbox 366 793 420 853; x_wconf 91' lang='lat' dir='ltr'><strong>pro</strong></span> <span class='ocrx_word' id='word_1_53' title='bbox 435 790 545 850; x_wconf 79' lang='lat' dir='ltr'><strong>genere</strong></span> <span class='ocrx_word' id='word_1_54' title='bbox 557 772 622 831; x_wconf 90' lang='lat' dir='ltr'><strong>mali</strong></span> <span class='ocrx_word' id='word_1_55' title='bbox 638 770 871 832; x_wconf 89' lang='lat' dir='ltr'><strong>subveniendum.</strong></span> <span class='ocrx_word' id='word_1_56' title='bbox 897 775 969 834; x_wconf 90' lang='lat' dir='ltr'><strong>Nam</strong></span> <span class='ocrx_word' id='word_1_57' title='bbox 984 777 1009 835; x_wconf 90' lang='lat' dir='ltr'><strong>si</strong></span> <span class='ocrx_word' id='word_1_58' title='bbox 1025 786 1129 835; x_wconf 85' lang='lat' dir='ltr'><strong>venter</strong></span> 
     </span>
     <span class='ocr_line' id='line_1_8' title="bbox 130 855 1127 936; baseline -0.003 -15"><span class='ocrx_word' id='word_1_59' title='bbox 130 862 207 936; x_wconf 82' lang='lat' dir='ltr'><strong>iluit,</strong></span> <span class='ocrx_word' id='word_1_60' title='bbox 229 870 276 921; x_wconf 90' lang='lat' dir='ltr'><strong>aut</strong></span> <span class='ocrx_word' id='word_1_61' title='bbox 299 863 322 918; x_wconf 90' lang='lat' dir='ltr'><strong>si</strong></span> <span class='ocrx_word' id='word_1_62' title='bbox 345 855 508 916; x_wconf 89' lang='lat' dir='ltr'><strong>stomachus</strong></span> <span class='ocrx_word' id='word_1_63' title='bbox 524 873 580 914; x_wconf 93' lang='lat' dir='ltr'><strong>non</strong></span> <span class='ocrx_word' id='word_1_64' title='bbox 595 856 737 931; x_wconf 81' lang='lat' dir='ltr'><strong>continet,</strong></span> <span class='ocrx_word' id='word_1_65' title='bbox 760 855 808 914; x_wconf 95' lang='lat' dir='ltr'><strong>ubi</strong></span> <span class='ocrx_word' id='word_1_66' title='bbox 828 857 917 916; x_wconf 81' lang='lat' dir='ltr'><strong>febris</strong></span> <span class='ocrx_word' id='word_1_67' title='bbox 933 858 1076 935; x_wconf 82' lang='lat' dir='ltr'><strong>decrevit,</strong></span> <span class='ocrx_word' id='word_1_68' title='bbox 1095 859 1127 917; x_wconf 95' lang='lat' dir='ltr'><strong>li-</strong></span> 
     </span>
     <span class='ocr_line' id='line_1_9' title="bbox 129 937 1128 1019; baseline -0.004 -15"><span class='ocrx_word' id='word_1_69' title='bbox 129 945 268 1004; x_wconf 90' lang='lat' dir='ltr'><strong>beraliter</strong></span> <span class='ocrx_word' id='word_1_70' title='bbox 279 949 397 1019; x_wconf 77' lang='lat' dir='ltr'><strong>oportet</strong></span> <span class='ocrx_word' id='word_1_71' title='bbox 413 956 514 1016; x_wconf 87' lang='lat' dir='ltr'><strong>aquam</strong></span> <span class='ocrx_word' id='word_1_72' title='bbox 529 937 653 1015; x_wconf 89' lang='lat' dir='ltr'><strong>tepidam</strong></span> <span class='ocrx_word' id='word_1_73' title='bbox 668 940 747 1016; x_wconf 92' lang='lat' dir='ltr'><strong>potui</strong></span> <span class='ocrx_word' id='word_1_74' title='bbox 764 939 848 1016; x_wconf 77' lang='lat' dir='ltr'><strong>dare,</strong></span> <span class='ocrx_word' id='word_1_75' title='bbox 866 949 894 1000; x_wconf 90' lang='lat' dir='ltr'><strong>et</strong></span> <span class='ocrx_word' id='word_1_76' title='bbox 910 959 1026 1001; x_wconf 87' lang='lat' dir='ltr'><strong>vomere</strong></span> <span class='ocrx_word' id='word_1_77' title='bbox 1039 960 1128 1018; x_wconf 90' lang='lat' dir='ltr'><strong>coge·</strong></span> 
     </span>
     <span class='ocr_line' id='line_1_10' title="bbox 127 1021 1127 1100; baseline -0.004 -13"><span class='ocrx_word' id='word_1_78' title='bbox 127 1045 176 1094; x_wconf 87' lang='lat' dir='ltr'><strong>re;</strong></span> <span class='ocrx_word' id='word_1_79' title='bbox 203 1028 257 1085; x_wconf 89' lang='lat' dir='ltr'><strong>nisi</strong></span> <span class='ocrx_word' id='word_1_80' title='bbox 275 1034 322 1085; x_wconf 89' lang='lat' dir='ltr'><strong>aut</strong></span> <span class='ocrx_word' id='word_1_81' title='bbox 336 1024 453 1095; x_wconf 81' lang='lat' dir='ltr'><strong>fauces,</strong></span> <span class='ocrx_word' id='word_1_82' title='bbox 472 1030 519 1080; x_wconf 86' lang='lat' dir='ltr'><strong>aut</strong></span> <span class='ocrx_word' id='word_1_83' title='bbox 535 1021 723 1098; x_wconf 83' lang='lat' dir='ltr'><strong>praecordia,</strong></span> <span class='ocrx_word' id='word_1_84' title='bbox 746 1031 793 1081; x_wconf 91' lang='lat' dir='ltr'><strong>aut</strong></span> <span class='ocrx_word' id='word_1_85' title='bbox 808 1023 883 1081; x_wconf 86' lang='lat' dir='ltr'><strong>latus</strong></span> <span class='ocrx_word' id='word_1_86' title='bbox 900 1024 996 1100; x_wconf 90' lang='lat' dir='ltr'><strong>dolet,</strong></span> <span class='ocrx_word' id='word_1_87' title='bbox 1014 1034 1062 1084; x_wconf 87' lang='lat' dir='ltr'><strong>aut</strong></span> <span class='ocrx_word' id='word_1_88' title='bbox 1079 1043 1127 1083; x_wconf 90' lang='lat' dir='ltr'><strong>ve·</strong></span> 
     </span>
     <span class='ocr_line' id='line_1_11' title="bbox 128 1103 1164 1181; baseline -0.005 -11"><span class='ocrx_word' id='word_1_89' title='bbox 128 1120 174 1170; x_wconf 89' lang='lat' dir='ltr'><strong>tus</strong></span> <span class='ocrx_word' id='word_1_90' title='bbox 198 1108 316 1168; x_wconf 87' lang='lat' dir='ltr'><strong>morbus</strong></span> <span class='ocrx_word' id='word_1_91' title='bbox 338 1115 391 1165; x_wconf 91' lang='lat' dir='ltr'><strong>est.</strong></span> <span class='ocrx_word' id='word_1_92' title='bbox 429 1106 459 1163; x_wconf 89' lang='lat' dir='ltr'><strong>Si</strong></span> <span class='ocrx_word' id='word_1_93' title='bbox 478 1120 549 1163; x_wconf 87' lang='lat' dir='ltr'><strong>vero</strong></span> <span class='ocrx_word' id='word_1_94' title='bbox 573 1103 660 1162; x_wconf 91' lang='lat' dir='ltr'><strong>sudor</strong></span> <span class='ocrx_word' id='word_1_95' title='bbox 684 1113 816 1181; x_wconf 80' lang='lat' dir='ltr'><strong>exercet,</strong></span> <span class='ocrx_word' id='word_1_96' title='bbox 841 1106 965 1167; x_wconf 89' lang='lat' dir='ltr'><strong>duranda</strong></span> <span class='ocrx_word' id='word_1_97' title='bbox 988 1110 1061 1166; x_wconf 91' lang='lat' dir='ltr'><strong>cutis</strong></span> <span class='ocrx_word' id='word_1_98' title='bbox 1083 1117 1164 1166; x_wconf 82' lang='lat' dir='ltr'><strong>estio</strong></span> 
     </span>
     <span class='ocr_line' id='line_1_12' title="bbox 128 1186 1128 1269; baseline -0.003 -17"><span class='ocrx_word' id='word_1_99' title='bbox 128 1195 221 1269; x_wconf 86' lang='lat' dir='ltr'><strong>nitro,</strong></span> <span class='ocrx_word' id='word_1_100' title='bbox 237 1191 286 1250; x_wconf 84' lang='lat' dir='ltr'><strong>vel</strong></span> <span class='ocrx_word' id='word_1_101' title='bbox 303 1191 384 1265; x_wconf 85' lang='lat' dir='ltr'><strong>sale,</strong></span> <span class='ocrx_word' id='word_1_102' title='bbox 401 1205 475 1266; x_wconf 85' lang='lat' dir='ltr'><strong>qnae</strong></span> <span class='ocrx_word' id='word_1_103' title='bbox 491 1205 555 1245; x_wconf 92' lang='lat' dir='ltr'><strong>cum</strong></span> <span class='ocrx_word' id='word_1_104' title='bbox 569 1186 637 1246; x_wconf 89' lang='lat' dir='ltr'><strong>oleo</strong></span> <span class='ocrx_word' id='word_1_105' title='bbox 653 1189 823 1248; x_wconf 83' lang='lat' dir='ltr'><strong>miscentur:</strong></span> <span class='ocrx_word' id='word_1_106' title='bbox 847 1208 881 1248; x_wconf 88' lang='lat' dir='ltr'><strong>ac</strong></span> <span class='ocrx_word' id='word_1_107' title='bbox 897 1193 920 1248; x_wconf 92' lang='lat' dir='ltr'><strong>si</strong></span> <span class='ocrx_word' id='word_1_108' title='bbox 939 1191 1031 1249; x_wconf 90' lang='lat' dir='ltr'><strong>levius</strong></span> <span class='ocrx_word' id='word_1_109' title='bbox 1044 1191 1072 1249; x_wconf 96' lang='lat' dir='ltr'><strong>id</strong></span> <span class='ocrx_word' id='word_1_110' title='bbox 1089 1194 1128 1249; x_wconf 92' lang='lat' dir='ltr'><strong>vi-</strong></span> 
     </span>
     <span class='ocr_line' id='line_1_13' title="bbox 129 1266 1129 1350; baseline -0.002 -16"><span class='ocrx_word' id='word_1_111' title='bbox 129 1276 198 1334; x_wconf 92' lang='lat' dir='ltr'><strong>tium</strong></span> <span class='ocrx_word' id='word_1_112' title='bbox 216 1283 277 1349; x_wconf 87' lang='lat' dir='ltr'><strong>est,</strong></span> <span class='ocrx_word' id='word_1_113' title='bbox 294 1273 362 1332; x_wconf 93' lang='lat' dir='ltr'><strong>oleo</strong></span> <span class='ocrx_word' id='word_1_114' title='bbox 381 1288 488 1349; x_wconf 88' lang='lat' dir='ltr'><strong>corpus</strong></span> <span class='ocrx_word' id='word_1_115' title='bbox 502 1269 677 1346; x_wconf 87' lang='lat' dir='ltr'><strong>ungendum;</strong></span> <span class='ocrx_word' id='word_1_116' title='bbox 704 1271 728 1328; x_wconf 87' lang='lat' dir='ltr'><strong>si</strong></span> <span class='ocrx_word' id='word_1_117' title='bbox 745 1270 956 1349; x_wconf 86' lang='lat' dir='ltr'><strong>vehementius,</strong></span> <span class='ocrx_word' id='word_1_118' title='bbox 977 1291 1058 1350; x_wconf 86' lang='lat' dir='ltr'><strong>rosa,</strong></span> <span class='ocrx_word' id='word_1_119' title='bbox 1080 1266 1129 1333; x_wconf 78' lang='lat' dir='ltr'><strong>iet</strong></span> 
     </span>
     <span class='ocr_line' id='line_1_14' title="bbox 131 1354 1128 1433; baseline 0.001 -18"><span class='ocrx_word' id='word_1_120' title='bbox 131 1358 252 1433; x_wconf 86' lang='lat' dir='ltr'><strong>melino,</strong></span> <span class='ocrx_word' id='word_1_121' title='bbox 268 1356 316 1414; x_wconf 88' lang='lat' dir='ltr'><strong>vel</strong></span> <span class='ocrx_word' id='word_1_122' title='bbox 333 1363 462 1430; x_wconf 72' lang='lat' dir='ltr'><strong>myrteo,</strong></span> <span class='ocrx_word' id='word_1_123' title='bbox 485 1355 529 1412; x_wconf 88' lang='lat' dir='ltr'><strong>cui</strong></span> <span class='ocrx_word' id='word_1_124' title='bbox 544 1354 638 1411; x_wconf 92' lang='lat' dir='ltr'><strong>vinum</strong></span> <span class='ocrx_word' id='word_1_125' title='bbox 653 1362 797 1412; x_wconf 87' lang='lat' dir='ltr'><strong>austerum</strong></span> <span class='ocrx_word' id='word_1_126' title='bbox 812 1357 848 1426; x_wconf 89' lang='lat' dir='ltr'><strong>sit</strong></span> <span class='ocrx_word' id='word_1_127' title='bbox 862 1356 1014 1431; x_wconf 75' lang='lat' dir='ltr'><strong>adJectum.</strong></span> <span class='ocrx_word' id='word_1_128' title='bbox 1045 1357 1128 1431; x_wconf 81' lang='lat' dir='ltr'><strong>Quis-</strong></span> 
     </span>
     <span class='ocr_line' id='line_1_15' title="bbox 131 1439 1129 1518; baseline -0.001 -19"><span class='ocrx_word' id='word_1_129' title='bbox 131 1442 195 1518; x_wconf 89' lang='lat' dir='ltr'><strong>quis</strong></span> <span class='ocrx_word' id='word_1_130' title='bbox 216 1449 309 1499; x_wconf 90' lang='lat' dir='ltr'><strong>autem</strong></span> <span class='ocrx_word' id='word_1_131' title='bbox 330 1440 420 1498; x_wconf 88' lang='lat' dir='ltr'><strong>liuore</strong></span> <span class='ocrx_word' id='word_1_132' title='bbox 443 1454 532 1512; x_wconf 81' lang='lat' dir='ltr'><strong>aeger</strong></span> <span class='ocrx_word' id='word_1_133' title='bbox 548 1445 609 1510; x_wconf 86' lang='lat' dir='ltr'><strong>est,</strong></span> <span class='ocrx_word' id='word_1_134' title='bbox 631 1454 715 1514; x_wconf 89' lang='lat' dir='ltr'><strong>quum</strong></span> <span class='ocrx_word' id='word_1_135' title='bbox 736 1439 859 1497; x_wconf 90' lang='lat' dir='ltr'><strong>venitin</strong></span> <span class='ocrx_word' id='word_1_136' title='bbox 879 1439 1027 1515; x_wconf 86' lang='lat' dir='ltr'><strong>balneum,</strong></span> <span class='ocrx_word' id='word_1_137' title='bbox 1049 1442 1129 1518; x_wconf 92' lang='lat' dir='ltr'><strong>prius</strong></span> 
     </span>
     <span class='ocr_line' id='line_1_16' title="bbox 130 1519 1163 1600; baseline 0 -18"><span class='ocrx_word' id='word_1_138' title='bbox 130 1523 296 1600; x_wconf 84' lang='lat' dir='ltr'><strong>ungendus,</strong></span> <span class='ocrx_word' id='word_1_139' title='bbox 312 1521 415 1581; x_wconf 92' lang='lat' dir='ltr'><strong>deinde</strong></span> <span class='ocrx_word' id='word_1_140' title='bbox 432 1522 460 1578; x_wconf 94' lang='lat' dir='ltr'><strong>in</strong></span> <span class='ocrx_word' id='word_1_141' title='bbox 473 1519 576 1578; x_wconf 89' lang='lat' dir='ltr'><strong>solium</strong></span> <span class='ocrx_word' id='word_1_142' title='bbox 591 1519 778 1579; x_wconf 77' lang='lat' dir='ltr'><strong>demittendus</strong></span> <span class='ocrx_word' id='word_1_143' title='bbox 794 1529 847 1579; x_wconf 88' lang='lat' dir='ltr'><strong>est.</strong></span> <span class='ocrx_word' id='word_1_144' title='bbox 864 1524 894 1580; x_wconf 89' lang='lat' dir='ltr'><strong>Si</strong></span> <span class='ocrx_word' id='word_1_145' title='bbox 907 1524 935 1580; x_wconf 92' lang='lat' dir='ltr'><strong>in</strong></span> <span class='ocrx_word' id='word_1_146' title='bbox 950 1525 1013 1581; x_wconf 86' lang='lat' dir='ltr'><strong>cute</strong></span> <span class='ocrx_word' id='word_1_147' title='bbox 1030 1524 1125 1583; x_wconf 86' lang='lat' dir='ltr'><strong>vitium</strong></span> <span class='ocrx_word' id='word_1_148' title='bbox 1138 1543 1163 1582; x_wconf 79' lang='lat' dir='ltr'><strong>is</strong></span> 
     </span>
     <span class='ocr_line' id='line_1_17' title="bbox 131 1602 1128 1682; baseline -0.003 -15"><span class='ocrx_word' id='word_1_149' title='bbox 131 1615 192 1681; x_wconf 82' lang='lat' dir='ltr'><strong>est,</strong></span> <span class='ocrx_word' id='word_1_150' title='bbox 208 1606 311 1682; x_wconf 83' lang='lat' dir='ltr'><strong>frigida</strong></span> <span class='ocrx_word' id='word_1_151' title='bbox 325 1622 455 1682; x_wconf 85' lang='lat' dir='ltr'><strong>quoque,</strong></span> <span class='ocrx_word' id='word_1_152' title='bbox 475 1619 558 1679; x_wconf 82' lang='lat' dir='ltr'><strong>quam</strong></span> <span class='ocrx_word' id='word_1_153' title='bbox 574 1602 666 1661; x_wconf 89' lang='lat' dir='ltr'><strong>calida</strong></span> <span class='ocrx_word' id='word_1_154' title='bbox 682 1620 755 1680; x_wconf 87' lang='lat' dir='ltr'><strong>aqua</strong></span> <span class='ocrx_word' id='word_1_155' title='bbox 771 1605 873 1663; x_wconf 91' lang='lat' dir='ltr'><strong>melius</strong></span> <span class='ocrx_word' id='word_1_156' title='bbox 890 1614 993 1664; x_wconf 90' lang='lat' dir='ltr'><strong>utetur.</strong></span> <span class='ocrx_word' id='word_1_157' title='bbox 1020 1605 1075 1667; x_wconf 93' lang='lat' dir='ltr'><strong>Ubi</strong></span> <span class='ocrx_word' id='word_1_158' title='bbox 1092 1607 1128 1665; x_wconf 89' lang='lat' dir='ltr'><strong>ad</strong></span> 
     </span>
     <span class='ocr_line' id='line_1_18' title="bbox 130 1684 1127 1765; baseline 0 -17"><span class='ocrx_word' id='word_1_159' title='bbox 130 1689 225 1750; x_wconf 93' lang='lat' dir='ltr'><strong>cibum</strong></span> <span class='ocrx_word' id='word_1_160' title='bbox 255 1698 368 1747; x_wconf 91' lang='lat' dir='ltr'><strong>ventum</strong></span> <span class='ocrx_word' id='word_1_161' title='bbox 396 1695 455 1763; x_wconf 85' lang='grc' dir='ltr'><strong>εει,</strong></span> <span class='ocrx_word' id='word_1_162' title='bbox 483 1685 543 1743; x_wconf 91' lang='lat' dir='ltr'><strong>dari</strong></span> <span class='ocrx_word' id='word_1_163' title='bbox 567 1684 653 1743; x_wconf 88' lang='lat' dir='ltr'><strong>debet</strong></span> <span class='ocrx_word' id='word_1_164' title='bbox 678 1687 702 1743; x_wconf 91' lang='lat' dir='ltr'><strong>is</strong></span> <span class='ocrx_word' id='word_1_165' title='bbox 723 1686 839 1762; x_wconf 82' lang='lat' dir='ltr'><strong>valeus,</strong></span> <span class='ocrx_word' id='word_1_166' title='bbox 862 1688 1001 1764; x_wconf 79' lang='lat' dir='ltr'><strong>frigidus,</strong></span> <span class='ocrx_word' id='word_1_167' title='bbox 1022 1691 1127 1765; x_wconf 88' lang='lat' dir='ltr'><strong>siccus,</strong></span> 
     </span>
     <span class='ocr_line' id='line_1_19' title="bbox 130 1768 1127 1851; baseline -0.002 -19"><span class='ocrx_word' id='word_1_168' title='bbox 130 1772 272 1851; x_wconf 79' lang='lat' dir='ltr'><strong>simplex,</strong></span> <span class='ocrx_word' id='word_1_169' title='bbox 296 1775 343 1849; x_wconf 87' lang='lat' dir='ltr'><strong>qui</strong></span> <span class='ocrx_word' id='word_1_170' title='bbox 369 1787 452 1848; x_wconf 88' lang='lat' dir='ltr'><strong>quam</strong></span> <span class='ocrx_word' id='word_1_171' title='bbox 475 1768 587 1827; x_wconf 91' lang='lat' dir='ltr'><strong>minime</strong></span> <span class='ocrx_word' id='word_1_172' title='bbox 612 1771 755 1847; x_wconf 89' lang='lat' dir='ltr'><strong>corrumpi</strong></span> <span class='ocrx_word' id='word_1_173' title='bbox 776 1773 885 1848; x_wconf 86' lang='lat' dir='ltr'><strong>possit,</strong></span> <span class='ocrx_word' id='word_1_174' title='bbox 913 1774 996 1849; x_wconf 89' lang='lat' dir='ltr'><strong>panis</strong></span> <span class='ocrx_word' id='word_1_175' title='bbox 1024 1781 1127 1848; x_wconf 84' lang='lat' dir='ltr'><strong>tostus,</strong></span> 
     </span>
     <span class='ocr_line' id='line_1_20' title="bbox 130 1850 1127 1929; baseline -0.001 -14"><span class='ocrx_word' id='word_1_176' title='bbox 130 1873 199 1915; x_wconf 87' lang='lat' dir='ltr'><strong>caro</strong></span> <span class='ocrx_word' id='word_1_177' title='bbox 216 1873 298 1929; x_wconf 81' lang='lat' dir='ltr'><strong>assa,</strong></span> <span class='ocrx_word' id='word_1_178' title='bbox 321 1857 415 1912; x_wconf 92' lang='lat' dir='ltr'><strong>vinum</strong></span> <span class='ocrx_word' id='word_1_179' title='bbox 432 1861 591 1926; x_wconf 86' lang='lat' dir='ltr'><strong>austerum,</strong></span> <span class='ocrx_word' id='word_1_180' title='bbox 613 1850 659 1909; x_wconf 89' lang='lat' dir='ltr'><strong>vel</strong></span> <span class='ocrx_word' id='word_1_181' title='bbox 682 1861 762 1910; x_wconf 88' lang='lat' dir='ltr'><strong>certe</strong></span> <span class='ocrx_word' id='word_1_182' title='bbox 785 1852 996 1923; x_wconf 90' lang='lat' dir='ltr'><strong>subausterum;</strong></span> <span class='ocrx_word' id='word_1_183' title='bbox 1019 1857 1043 1913; x_wconf 94' lang='lat' dir='ltr'><strong>si</strong></span> <span class='ocrx_word' id='word_1_184' title='bbox 1058 1874 1127 1914; x_wconf 89' lang='lat' dir='ltr'><strong>ven-</strong></span> 
     </span>
     <span class='ocr_line' id='line_1_21' title="bbox 129 1933 1163 2016; baseline 0.003 -19"><span class='ocrx_word' id='word_1_185' title='bbox 129 1948 175 1997; x_wconf 93' lang='lat' dir='ltr'><strong>ter</strong></span> <span class='ocrx_word' id='word_1_186' title='bbox 203 1938 333 2016; x_wconf 82' lang='lat' dir='ltr'><strong>profluit,</strong></span> <span class='ocrx_word' id='word_1_187' title='bbox 363 1935 498 2001; x_wconf 92' lang='lat' dir='ltr'><strong>calidum;</strong></span> <span class='ocrx_word' id='word_1_188' title='bbox 530 1935 554 1991; x_wconf 88' lang='lat' dir='ltr'><strong>si</strong></span> <span class='ocrx_word' id='word_1_189' title='bbox 573 1933 694 1992; x_wconf 87' lang='lat' dir='ltr'><strong>sudores</strong></span> <span class='ocrx_word' id='word_1_190' title='bbox 718 1946 839 2012; x_wconf 89' lang='lat' dir='ltr'><strong>nocent,</strong></span> <span class='ocrx_word' id='word_1_191' title='bbox 865 1939 1026 1997; x_wconf 85' lang='lat' dir='ltr'><strong>vomitusve</strong></span> <span class='ocrx_word' id='word_1_192' title='bbox 1054 1949 1163 2014; x_wconf 66' lang='lat' dir='ltr'><strong>nuntio</strong></span> 
     </span>
     <span class='ocr_line' id='line_1_22' title="bbox 130 2021 755 2097; baseline -0.008 -18"><span class='ocrx_word' id='word_1_193' title='bbox 130 2021 273 2097; x_wconf 78' lang='lat' dir='ltr'><strong>frigidum.</strong></span> <span class='ocrx_word' id='word_1_194' title='bbox 752 2021 755 2027; x_wconf 88' lang='lat'>&#39;</span> 
     </span>
    </p>
   </div>
   <div class='ocr_carea' id='block_1_3' title="bbox 462 2250 791 2327">
    <p class='ocr_par' dir='ltr' id='par_1_4' title="bbox 462 2250 791 2327">
     <span class='ocr_line' id='line_1_23' title="bbox 462 2250 791 2327; baseline 0.003 -18"><span class='ocrx_word' id='word_1_195' title='bbox 462 2250 791 2327; x_wconf 78' lang='lat' dir='ltr'><strong>oneuuvrr.</strong></span> 
     </span>
    </p>
   </div>
   <div class='ocr_carea' id='block_1_4' title="bbox 321 2365 929 2430">
    <p class='ocr_par' dir='ltr' id='par_1_5' title="bbox 321 2365 929 2430">
     <span class='ocr_line' id='line_1_24' title="bbox 321 2365 929 2430; baseline 0.007 -16"><span class='ocrx_word' id='word_1_196' title='bbox 321 2365 450 2424; x_wconf 84' lang='lat' dir='ltr'><strong>Quomodo</strong></span> <span class='ocrx_word' id='word_1_197' title='bbox 462 2366 608 2430; x_wconf 87' lang='lat' dir='ltr'><strong>pestilentes</strong></span> <span class='ocrx_word' id='word_1_198' title='bbox 621 2366 705 2416; x_wconf 87' lang='lat' dir='ltr'><strong>iebres</strong></span> <span class='ocrx_word' id='word_1_199' title='bbox 720 2368 800 2417; x_wconf 85' lang='lat' dir='ltr'><strong>curari</strong></span> <span class='ocrx_word' id='word_1_200' title='bbox 815 2369 929 2418; x_wconf 88' lang='lat' dir='ltr'><strong>debeant.</strong></span> 
     </span>
    </p>
   </div>
   <div class='ocr_carea' id='block_1_5' title="bbox 128 2516 1161 3507">
    <p class='ocr_par' dir='ltr' id='par_1_6' title="bbox 128 2516 1161 3507">
     <span class='ocr_line' id='line_1_25' title="bbox 193 2516 1124 2594; baseline -0.002 -16"><span class='ocrx_word' id='word_1_201' title='bbox 193 2521 221 2578; x_wconf 85' lang='grc'><strong>1.</strong></span> <span class='ocrx_word' id='word_1_202' title='bbox 242 2516 394 2575; x_wconf 89' lang='lat' dir='ltr'><strong>Desiderat</strong></span> <span class='ocrx_word' id='word_1_203' title='bbox 417 2516 500 2574; x_wconf 85' lang='lat' dir='ltr'><strong>etiarn</strong></span> <span class='ocrx_word' id='word_1_204' title='bbox 522 2519 667 2594; x_wconf 92' lang='lat' dir='ltr'><strong>propriam</strong></span> <span class='ocrx_word' id='word_1_205' title='bbox 689 2518 965 2577; x_wconf 90' lang='lat' dir='ltr'><strong>animadversionem</strong></span> <span class='ocrx_word' id='word_1_206' title='bbox 988 2521 1014 2576; x_wconf 95' lang='lat' dir='ltr'><strong>in</strong></span> <span class='ocrx_word' id='word_1_207' title='bbox 1037 2519 1124 2577; x_wconf 86' lang='lat' dir='ltr'><strong>lebri-</strong></span> 
     </span>
     <span class='ocr_line' id='line_1_26' title="bbox 129 2599 1161 2677; baseline -0.001 -15"><span class='ocrx_word' id='word_1_208' title='bbox 129 2604 183 2662; x_wconf 89' lang='lat' dir='ltr'><strong>bus</strong></span> <span class='ocrx_word' id='word_1_209' title='bbox 207 2599 390 2677; x_wconf 87' lang='lat' dir='ltr'><strong>pestilentiae</strong></span> <span class='ocrx_word' id='word_1_210' title='bbox 415 2617 507 2657; x_wconf 87' lang='lat' dir='ltr'><strong>casus.</strong></span> <span class='ocrx_word' id='word_1_211' title='bbox 536 2599 568 2658; x_wconf 95' lang='lat' dir='ltr'><strong>ln</strong></span> <span class='ocrx_word' id='word_1_212' title='bbox 588 2599 643 2658; x_wconf 90' lang='lat' dir='ltr'><strong>bac</strong></span> <span class='ocrx_word' id='word_1_213' title='bbox 665 2602 778 2659; x_wconf 92' lang='lat' dir='ltr'><strong>minime</strong></span> <span class='ocrx_word' id='word_1_214' title='bbox 799 2601 868 2660; x_wconf 92' lang='lat' dir='ltr'><strong>utile</strong></span> <span class='ocrx_word' id='word_1_215' title='bbox 889 2610 949 2675; x_wconf 83' lang='grc' dir='ltr'><strong>εει,</strong></span> <span class='ocrx_word' id='word_1_216' title='bbox 973 2610 1020 2659; x_wconf 92' lang='lat' dir='ltr'><strong>aut</strong></span> <span class='ocrx_word' id='word_1_217' title='bbox 1037 2600 1161 2677; x_wconf 60' lang='lat' dir='ltr'><strong>iamenu</strong></span> 
     </span>
     <span class='ocr_line' id='line_1_27' title="bbox 128 2682 1124 2758; baseline -0.003 -12"><span class='ocrx_word' id='word_1_218' title='bbox 128 2693 174 2746; x_wconf 93' lang='lat' dir='ltr'><strong>aut</strong></span> <span class='ocrx_word' id='word_1_219' title='bbox 192 2682 405 2741; x_wconf 86' lang='lat' dir='ltr'><strong>medicamentis</strong></span> <span class='ocrx_word' id='word_1_220' title='bbox 419 2683 474 2757; x_wconf 87' lang='lat' dir='ltr'><strong>uti,</strong></span> <span class='ocrx_word' id='word_1_221' title='bbox 491 2691 538 2741; x_wconf 90' lang='lat' dir='ltr'><strong>aut</strong></span> <span class='ocrx_word' id='word_1_222' title='bbox 554 2682 660 2742; x_wconf 91' lang='lat' dir='ltr'><strong>ducere</strong></span> <span class='ocrx_word' id='word_1_223' title='bbox 677 2685 779 2742; x_wconf 89' lang='lat' dir='ltr'><strong>alvum.</strong></span> <span class='ocrx_word' id='word_1_224' title='bbox 798 2685 828 2743; x_wconf 90' lang='lat' dir='ltr'><strong>Si</strong></span> <span class='ocrx_word' id='word_1_225' title='bbox 843 2685 920 2743; x_wconf 86' lang='lat' dir='ltr'><strong>vires</strong></span> <span class='ocrx_word' id='word_1_226' title='bbox 933 2685 1041 2758; x_wconf 83' lang='lat' dir='ltr'><strong>sinunt,</strong></span> <span class='ocrx_word' id='word_1_227' title='bbox 1061 2702 1124 2743; x_wconf 86' lang='lat' dir='ltr'><strong>san·</strong></span> 
     </span>
     <span class='ocr_line' id='line_1_28' title="bbox 128 2766 1124 2846; baseline -0.001 -20"><span class='ocrx_word' id='word_1_228' title='bbox 128 2768 244 2844; x_wconf 92' lang='lat' dir='ltr'><strong>guinem</strong></span> <span class='ocrx_word' id='word_1_229' title='bbox 261 2767 371 2823; x_wconf 89' lang='lat' dir='ltr'><strong>mittere</strong></span> <span class='ocrx_word' id='word_1_230' title='bbox 391 2768 527 2843; x_wconf 91' lang='lat' dir='ltr'><strong>optimum</strong></span> <span class='ocrx_word' id='word_1_231' title='bbox 540 2775 598 2831; x_wconf 91' lang='lat' dir='ltr'><strong>est;</strong></span> <span class='ocrx_word' id='word_1_232' title='bbox 616 2769 830 2846; x_wconf 89' lang='lat' dir='ltr'><strong>praecipueque</strong></span> <span class='ocrx_word' id='word_1_233' title='bbox 846 2769 870 2825; x_wconf 91' lang='lat' dir='ltr'><strong>si</strong></span> <span class='ocrx_word' id='word_1_234' title='bbox 886 2786 948 2826; x_wconf 93' lang='lat' dir='ltr'><strong>cum</strong></span> <span class='ocrx_word' id='word_1_235' title='bbox 964 2766 1066 2825; x_wconf 89' lang='lat' dir='ltr'><strong>dolore</strong></span> <span class='ocrx_word' id='word_1_236' title='bbox 1083 2767 1097 2825; x_wconf 87' lang='lat' dir='ltr'><strong>i</strong></span> <span class='ocrx_word' id='word_1_237' title='bbox 1115 2801 1124 2810; x_wconf 96' lang='lat'><em>-</em></span> 
     </span>
     <span class='ocr_line' id='line_1_29' title="bbox 128 2847 1125 2927; baseline 0 -18"><span class='ocrx_word' id='word_1_238' title='bbox 128 2851 188 2909; x_wconf 88' lang='lat' dir='ltr'><strong>bris</strong></span> <span class='ocrx_word' id='word_1_239' title='bbox 206 2856 250 2908; x_wconf 93' lang='grc' dir='ltr'><strong>εει</strong></span> <span class='ocrx_word' id='word_1_240' title='bbox 263 2847 318 2927; x_wconf 85' lang='lat' dir='ltr'><strong>(cl.</strong></span> <span class='ocrx_word' id='word_1_241' title='bbox 335 2849 371 2924; x_wconf 91' lang='grc' dir='ltr'><strong>ΙΙ,</strong></span> <span class='ocrx_word' id='word_1_242' title='bbox 390 2849 465 2926; x_wconf 82' lang='grc'>10);·</span> <span class='ocrx_word' id='word_1_243' title='bbox 484 2851 508 2906; x_wconf 89' lang='lat' dir='ltr'><strong>si</strong></span> <span class='ocrx_word' id='word_1_244' title='bbox 525 2848 552 2906; x_wconf 94' lang='lat' dir='ltr'><strong>id</strong></span> <span class='ocrx_word' id='word_1_245' title='bbox 569 2866 668 2925; x_wconf 86' lang='lat' dir='ltr'><strong>parum</strong></span> <span class='ocrx_word' id='word_1_246' title='bbox 687 2859 773 2909; x_wconf 92' lang='lat' dir='ltr'><strong>tutum</strong></span> <span class='ocrx_word' id='word_1_247' title='bbox 789 2859 847 2926; x_wconf 89' lang='grc' dir='ltr'><strong>εει,</strong></span> <span class='ocrx_word' id='word_1_248' title='bbox 863 2850 910 2909; x_wconf 95' lang='lat' dir='ltr'><strong>ubi</strong></span> <span class='ocrx_word' id='word_1_249' title='bbox 926 2850 1016 2909; x_wconf 89' lang='lat' dir='ltr'><strong>iebris</strong></span> <span class='ocrx_word' id='word_1_250' title='bbox 1031 2851 1125 2909; x_wconf 88' lang='lat' dir='ltr'><strong>levata</strong></span> 
     </span>
     <span class='ocr_line' id='line_1_30' title="bbox 130 2932 1125 3011; baseline -0.001 -19"><span class='ocrx_word' id='word_1_251' title='bbox 130 2942 188 3007; x_wconf 82' lang='lat' dir='ltr'><strong>est,</strong></span> <span class='ocrx_word' id='word_1_252' title='bbox 215 2933 319 2989; x_wconf 91' lang='lat' dir='ltr'><strong>vomitu</strong></span> <span class='ocrx_word' id='word_1_253' title='bbox 343 2941 444 3010; x_wconf 89' lang='lat' dir='ltr'><strong>pectus</strong></span> <span class='ocrx_word' id='word_1_254' title='bbox 466 2949 601 3009; x_wconf 87' lang='lat' dir='ltr'><strong>purgare.</strong></span> <span class='ocrx_word' id='word_1_255' title='bbox 634 2932 692 2991; x_wconf 90' lang='lat' dir='ltr'><strong>Sed</strong></span> <span class='ocrx_word' id='word_1_256' title='bbox 715 2934 741 2991; x_wconf 94' lang='lat' dir='ltr'><strong>iu</strong></span> <span class='ocrx_word' id='word_1_257' title='bbox 756 2933 812 2991; x_wconf 91' lang='lat' dir='ltr'><strong>hoc</strong></span> <span class='ocrx_word' id='word_1_258' title='bbox 829 2936 980 3009; x_wconf 87' lang='lat' dir='ltr'><strong>maturius,</strong></span> <span class='ocrx_word' id='word_1_259' title='bbox 1000 2951 1082 3011; x_wconf 89' lang='lat' dir='ltr'><strong>quam</strong></span> <span class='ocrx_word' id='word_1_260' title='bbox 1097 2936 1125 2991; x_wconf 96' lang='lat' dir='ltr'><strong>in</strong></span> 
     </span>
     <span class='ocr_line' id='line_1_31' title="bbox 128 3014 1161 3094; baseline -0.001 -19"><span class='ocrx_word' id='word_1_261' title='bbox 128 3016 192 3075; x_wconf 91' lang='lat' dir='ltr'><strong>aliis</strong></span> <span class='ocrx_word' id='word_1_262' title='bbox 208 3015 332 3090; x_wconf 67' lang='lat' dir='ltr'><strong>morbis,</strong></span> <span class='ocrx_word' id='word_1_263' title='bbox 354 3015 459 3074; x_wconf 89' lang='lat' dir='ltr'><strong>ducere</strong></span> <span class='ocrx_word' id='word_1_264' title='bbox 482 3016 509 3072; x_wconf 95' lang='lat' dir='ltr'><strong>in</strong></span> <span class='ocrx_word' id='word_1_265' title='bbox 527 3014 659 3074; x_wconf 90' lang='lat' dir='ltr'><strong>balneum</strong></span> <span class='ocrx_word' id='word_1_266' title='bbox 676 3033 749 3094; x_wconf 93' lang='lat' dir='ltr'><strong>opus</strong></span> <span class='ocrx_word' id='word_1_267' title='bbox 769 3025 827 3083; x_wconf 89' lang='lat' dir='ltr'><strong>est;</strong></span> <span class='ocrx_word' id='word_1_268' title='bbox 849 3017 943 3074; x_wconf 90' lang='lat' dir='ltr'><strong>vinum</strong></span> <span class='ocrx_word' id='word_1_269' title='bbox 961 3016 1081 3075; x_wconf 90' lang='lat' dir='ltr'><strong>calidum</strong></span> <span class='ocrx_word' id='word_1_270' title='bbox 1097 3026 1161 3075; x_wconf 83' lang='lat' dir='ltr'><strong>etao</strong></span> 
     </span>
     <span class='ocr_line' id='line_1_32' title="bbox 131 3098 1125 3177; baseline 0 -19"><span class='ocrx_word' id='word_1_271' title='bbox 131 3102 272 3158; x_wconf 86' lang='lat' dir='ltr'><strong>meracius</strong></span> <span class='ocrx_word' id='word_1_272' title='bbox 288 3098 375 3171; x_wconf 84' lang='lat' dir='ltr'><strong>dare,</strong></span> <span class='ocrx_word' id='word_1_273' title='bbox 398 3107 426 3155; x_wconf 93' lang='lat' dir='ltr'><strong>et</strong></span> <span class='ocrx_word' id='word_1_274' title='bbox 445 3100 537 3157; x_wconf 84' lang='lat' dir='ltr'><strong>omnia</strong></span> <span class='ocrx_word' id='word_1_275' title='bbox 559 3098 717 3173; x_wconf 82' lang='lat' dir='ltr'><strong>glutinosa:</strong></span> <span class='ocrx_word' id='word_1_276' title='bbox 742 3101 815 3157; x_wconf 89' lang='lat' dir='ltr'><strong>inter</strong></span> <span class='ocrx_word' id='word_1_277' title='bbox 836 3117 909 3177; x_wconf 88' lang='lat' dir='ltr'><strong>quae</strong></span> <span class='ocrx_word' id='word_1_278' title='bbox 925 3117 1039 3157; x_wconf 89' lang='lat' dir='ltr'><strong>carnem</strong></span> <span class='ocrx_word' id='word_1_279' title='bbox 1056 3117 1125 3176; x_wconf 89' lang='lat' dir='ltr'><strong>quo-</strong></span> 
     </span>
     <span class='ocr_line' id='line_1_33' title="bbox 129 3180 1126 3261; baseline 0 -21"><span class='ocrx_word' id='word_1_280' title='bbox 129 3200 185 3260; x_wconf 90' lang='lat' dir='ltr'><strong>que</strong></span> <span class='ocrx_word' id='word_1_281' title='bbox 208 3184 325 3258; x_wconf 87' lang='lat' dir='ltr'><strong>generis</strong></span> <span class='ocrx_word' id='word_1_282' title='bbox 344 3181 481 3255; x_wconf 89' lang='lat' dir='ltr'><strong>ejusdem.</strong></span> <span class='ocrx_word' id='word_1_283' title='bbox 510 3180 656 3259; x_wconf 85' lang='lat' dir='ltr'><strong>Namque</strong></span> <span class='ocrx_word' id='word_1_284' title='bbox 675 3182 798 3241; x_wconf 88' lang='lat' dir='ltr'><strong>celerius</strong></span> <span class='ocrx_word' id='word_1_285' title='bbox 817 3183 956 3256; x_wconf 89' lang='lat' dir='ltr'><strong>ejusmodi</strong></span> <span class='ocrx_word' id='word_1_286' title='bbox 973 3191 1126 3261; x_wconf 89' lang='lat' dir='ltr'><strong>tempesta-</strong></span> 
     </span>
     <span class='ocr_line' id='line_1_34' title="bbox 130 3264 1124 3342; baseline 0 -20"><span class='ocrx_word' id='word_1_287' title='bbox 130 3274 175 3322; x_wconf 88' lang='lat' dir='ltr'><strong>tes</strong></span> <span class='ocrx_word' id='word_1_288' title='bbox 192 3266 366 3342; x_wconf 83' lang='lat' dir='ltr'><strong>corripiunt,</strong></span> <span class='ocrx_word' id='word_1_289' title='bbox 385 3281 420 3322; x_wconf 91' lang='lat' dir='ltr'><strong>eo</strong></span> <span class='ocrx_word' id='word_1_290' title='bbox 436 3265 571 3322; x_wconf 87' lang='lat' dir='ltr'><strong>maturius</strong></span> <span class='ocrx_word' id='word_1_291' title='bbox 588 3264 706 3338; x_wconf 74' lang='lat' dir='ltr'><strong>currilia,</strong></span> <span class='ocrx_word' id='word_1_292' title='bbox 723 3267 807 3323; x_wconf 92' lang='lat' dir='ltr'><strong>etiam</strong></span> <span class='ocrx_word' id='word_1_293' title='bbox 825 3282 888 3322; x_wconf 93' lang='lat' dir='ltr'><strong>cum</strong></span> <span class='ocrx_word' id='word_1_294' title='bbox 904 3265 1024 3342; x_wconf 87' lang='lat' dir='ltr'><strong>quadam</strong></span> <span class='ocrx_word' id='word_1_295' title='bbox 1039 3275 1124 3324; x_wconf 87' lang='lat' dir='ltr'><strong>terne-</strong></span> 
     </span>
     <span class='ocr_line' id='line_1_35' title="bbox 128 3347 1124 3425; baseline 0.003 -22"><span class='ocrx_word' id='word_1_296' title='bbox 128 3349 228 3422; x_wconf 81' lang='lat' dir='ltr'><strong>ritatc‚</strong></span> <span class='ocrx_word' id='word_1_297' title='bbox 251 3347 387 3425; x_wconf 87' lang='lat' dir='ltr'><strong>rapienda</strong></span> <span class='ocrx_word' id='word_1_298' title='bbox 407 3356 478 3405; x_wconf 91' lang='lat' dir='ltr'><strong>sunt.</strong></span> <span class='ocrx_word' id='word_1_299' title='bbox 508 3347 592 3421; x_wconf 81' lang='lat' dir='ltr'><strong>Quod</strong></span> <span class='ocrx_word' id='word_1_300' title='bbox 608 3350 632 3406; x_wconf 92' lang='lat' dir='ltr'><strong>si</strong></span> <span class='ocrx_word' id='word_1_301' title='bbox 650 3365 721 3425; x_wconf 92' lang='lat' dir='ltr'><strong>puer</strong></span> <span class='ocrx_word' id='word_1_302' title='bbox 736 3357 796 3422; x_wconf 89' lang='grc' dir='ltr'><strong>εει,</strong></span> <span class='ocrx_word' id='word_1_303' title='bbox 819 3350 866 3424; x_wconf 89' lang='lat' dir='ltr'><strong>qui</strong></span> <span class='ocrx_word' id='word_1_304' title='bbox 881 3348 1009 3423; x_wconf 88' lang='lat' dir='ltr'><strong>laborat,</strong></span> <span class='ocrx_word' id='word_1_305' title='bbox 1030 3366 1124 3425; x_wconf 86' lang='lat' dir='ltr'><strong>neque</strong></span> 
     </span>
     <span class='ocr_line' id='line_1_36' title="bbox 129 3430 1160 3507; baseline 0.003 -22"><span class='ocrx_word' id='word_1_306' title='bbox 129 3436 236 3487; x_wconf 89' lang='lat' dir='ltr'><strong>tantum</strong></span> <span class='ocrx_word' id='word_1_307' title='bbox 248 3432 336 3489; x_wconf 94' lang='lat' dir='ltr'><strong>robur</strong></span> <span class='ocrx_word' id='word_1_308' title='bbox 352 3432 413 3504; x_wconf 91' lang='lat' dir='ltr'><strong>cjus</strong></span> <span class='ocrx_word' id='word_1_309' title='bbox 431 3438 490 3505; x_wconf 84' lang='lat' dir='ltr'><strong>est,</strong></span> <span class='ocrx_word' id='word_1_310' title='bbox 511 3439 540 3488; x_wconf 92' lang='lat' dir='ltr'><strong>ut</strong></span> <span class='ocrx_word' id='word_1_311' title='bbox 556 3432 672 3506; x_wconf 90' lang='lat' dir='ltr'><strong>sanguis</strong></span> <span class='ocrx_word' id='word_1_312' title='bbox 686 3430 756 3488; x_wconf 87' lang='lat' dir='ltr'><strong>mitti</strong></span> <span class='ocrx_word' id='word_1_313' title='bbox 769 3432 878 3507; x_wconf 77' lang='lat' dir='ltr'><strong>possit,</strong></span> <span class='ocrx_word' id='word_1_314' title='bbox 897 3430 1081 3490; x_wconf 88' lang='lat' dir='ltr'><strong>cucurbitulis</strong></span> <span class='ocrx_word' id='word_1_315' title='bbox 1097 3434 1124 3489; x_wconf 90' lang='lat' dir='ltr'><strong>ei</strong></span> <span class='ocrx_word' id='word_1_316' title='bbox 1134 3445 1160 3488; x_wconf 79' lang='grc' dir='ltr'><strong>ιε</strong></span> 
     </span>
    </p>
   </div>
   <div class='ocr_carea' id='block_1_6' title="bbox 0 0 1212 3924">
    <p class='ocr_par' dir='ltr' id='par_1_7' title="bbox 0 0 1212 3924">
     <span class='ocr_line' id='line_1_37' title="bbox 0 0 1212 3924; baseline 0 0"><span class='ocrx_word' id='word_1_317' title='bbox 0 0 1212 3924; x_wconf 95' lang='lat' dir='ltr'><strong> </strong></span> 
     </span>
    </p>
   </div>
  </div>
 </body>
</html>
