2414 3924
356 433 401 502 A.
416 427 663 504 CORNELII
676 429 825 508 OELSI

119 597 337 680 ARTIUM
359 597 524 680 LIBER
544 599 786 682 DECIMUS
807 604 1048 685 TERTIUS.

543 772 622 810 IDEM

330 894 587 960 MEDIOINAE
619 896 836 962 OCTAVUS.

503 1059 652 1068 a·—

460 1186 644 1248 OAPU'P
677 1189 704 1247 I.

214 1309 349 1374 Deposita
364 1317 388 1357 ct
407 1308 491 1374 ligura
506 1310 602 1359 ossium
619 1310 696 1358 totius
713 1308 817 1358 humani
831 1312 952 1375 corporis.

152 1461 294 1538 Superest
306 1477 340 1520 ea
357 1478 441 1538 pars,
463 1479 538 1539 quae
552 1460 588 1520 ad
604 1479 671 1521 ossa
683 1462 823 1539 pertinet:
840 1478 989 1541 quaequo
1006 1462 1077 1521 iaci·

91 1546 145 1605 lius
159 1545 379 1622 accipipossit‚
399 1545 478 1622 prius
493 1545 605 1622 positus
626 1546 790 1623 figurasque
813 1560 911 1603 eorum
932 1543 1075 1605 indicabo.

64 1628 180 1706 olgitur
198 1627 325 1688 caluaria
342 1628 441 1706 incipit
458 1647 496 1687 ex
507 1629 649 1688 interiore
667 1638 749 1707 parte
771 1643 918 1705 concava,
936 1629 1076 1688 extrinse-

91 1731 142 1772 cus
157 1711 257 1788 gibba,
275 1713 416 1789 utrimque
433 1712 539 1788 laevis,
556 1721 585 1771 et
600 1730 654 1790 qua
667 1711 781 1770 cerebri
795 1709 988 1772 membranam
1008 1729 1076 1772 con·

90 1796 173 1871 tegit,
186 1803 215 1854 et
230 1812 285 1872 qua
302 1805 376 1872 cute,
395 1795 530 1873 capillum
540 1797 691 1873 gignente,
705 1796 884 1872 contegitur:
903 1812 995 1873 eaque
1011 1796 1075 1853 sim·

92 1879 161 1958 plex
175 1880 211 1939 ab
228 1879 364 1957 occipitio
383 1889 413 1939 et
429 1879 627 1959 temporibus;
643 1879 750 1956 duplex
771 1896 864 1956 usqne
888 1880 915 1937 in
938 1880 1075 1940 verticem

90 1983 106 2023 a
124 1964 220 2023 fronte
240 1970 299 2023 est:
329 1980 455 2042 ossaque
478 1965 542 2039 ejus
571 1962 607 2022 ab
629 1962 822 2022 exterioribus
845 1961 974 2042 partibus
989 1961 1059 2021 dura

56 2074 80 2111 ro
91 2047 126 2106 ab
142 2045 344 2124 interioribus,
360 2047 464 2126 quibus
479 2049 553 2106 inter
565 2065 597 2105 se
614 2055 830 2121 connectuntur,
846 2046 980 2106 molliora
996 2052 1074 2106 sunt:

90 2134 220 2210 interque
244 2148 278 2189 ca
300 2148 392 2190 venae
416 2131 594 2206 discurrunt,
610 2148 681 2209 quas
704 2130 748 2189 his
763 2129 927 2189 alimentum
942 2127 1075 2187 submini-

91 2224 201 2290 strare,
218 2212 357 2274 credibile
374 2224 427 2274 est.
458 2215 537 2275 Raro
554 2223 647 2274 autem
664 2213 790 2273 calvaria
812 2213 904 2272 solida
921 2214 983 2272 sinc
1000 2220 1075 2271 sutu-

91 2300 129 2356 ris
148 2307 209 2357 est:
226 2297 301 2357 locis
317 2307 411 2358 tamen
427 2300 570 2358 aestuosis
584 2298 697 2358 facilins
715 2297 872 2365 invenitur;
894 2305 923 2355 et
945 2296 973 2356 id
991 2304 1077 2373 caput

90 2381 290 2458 firmissimum,
307 2392 392 2461 atque
412 2401 427 2441 a
442 2381 545 2442 dolore
562 2383 729 2444 tutissimum
746 2389 799 2440 est.
821 2379 867 2440 Ex
884 2379 1001 2455 ceteris,
1019 2393 1076 2458 quo

57 2475 206 2526 secuturae
225 2466 380 2545 pauciores
399 2475 480 2541 sunt,
500 2482 535 2524 eo
554 2467 656 2544 capitis
675 2465 810 2524 valetudo
829 2463 1005 2524 commodior
1022 2470 1076 2521 est.

90 2548 193 2629 Neque
207 2551 283 2609 enim
300 2559 397 2609 certus
413 2567 510 2609 earum
527 2567 659 2609 numerus
675 2558 736 2625 est,
758 2549 833 2607 sicut
852 2567 889 2608 ue
910 2547 993 2608 locus
1017 2546 1076 2624 qui·

90 2634 163 2693 dem.
194 2632 269 2692 Fere
297 2642 392 2695 tamen
419 2632 491 2693 duae
517 2652 606 2712 super
634 2651 719 2693 aures
736 2640 867 2711 tempora
889 2649 905 2690 a
925 2631 1077 2710 superiore

91 2717 193 2794 capitis
209 2725 292 2795 parte
307 2717 473 2779 discernunt
490 2716 530 2794 (s.
545 2716 745 2796 squamoso):
764 2716 848 2774 tertia
864 2713 900 2774 ad
918 2731 1003 2774 aures
1024 2729 1077 2789 per

91 2801 229 2859 verticem
258 2801 395 2877 tendens,
428 2801 593 2879 occipitium
620 2819 636 2860 a
662 2816 771 2859 summo
790 2800 885 2876 capite
907 2796 1014 2856 diducit
1034 2796 1103 2873 (ι’

55 2881 317 2961 claromonten:
340 2893 439 2963 quarta
465 2883 619 2945 abeodem
649 2884 760 2942 vertice
782 2899 835 2958 per
851 2879 973 2938 medium
993 2884 1079 2953 caput

90 2969 125 3028 ad
141 2968 266 3028 frontem
283 2966 417 3047 procedit
434 2970 475 3046 (s.
492 2966 722 3046 hiporietalt'sk
737 2981 830 3041 eaque
847 2961 932 3021 modo
949 2958 1001 3018 sub
1021 2959 1076 3018 imo

91 3053 196 3130 capillo
216 3051 330 3128 desinit,
345 3051 433 3112 modo
450 3053 572 3111 frontem
587 3052 678 3129 ipsam
694 3065 796 3107 secans
813 3048 853 3125 (r.
860 3041 1024 3123 frontalis)
1036 3043 1076 3101 in·

90 3147 134 3196 ter
150 3137 308 3214 supercilia
324 3137 426 3196 linitur.
459 3135 504 3194 Ex
519 3135 564 3193 his
579 3143 694 3193 ceterae
717 3130 829 3209 quidem
851 3136 966 3189 suturae
984 3127 1011 3185 in
1028 3143 1076 3184 un-

90 3238 176 3297 guem
199 3221 424 3280 committuntur:
449 3237 503 3278 eae
524 3234 610 3292 vero,
632 3232 706 3294 quae
722 3231 810 3291 super
833 3230 918 3272 aures
932 3221 1076 3270 transver-

56 3321 141 3365 sasae
159 3312 238 3380 sunt,
254 3305 321 3364 totis
339 3303 398 3362 oris
413 3301 547 3381 paulatim
560 3306 760 3366 extenuantur3
781 3305 866 3375 atque
884 3296 922 3355 ita
939 3293 1077 3353 inleriora

91 3404 159 3448 ossa
182 3385 383 3465 superioribus
405 3386 509 3446 leuiter
528 3383 660 3444 insidunt.
708 3379 927 3520 Crassissinqqrqt
948 3393 1018 3436 vero
1050 3375 1077 3432 in
