2414 3924
150 197 212 280 aas
440 227 473 274 a.
490 226 520 275 o.
536 225 634 274 onnsr
649 225 843 274 nnmomsu

434 464 616 525 oneum
655 463 860 542 quxuq.

421 576 458 626 De
487 575 610 624 tenuioris
638 575 749 624 intestini
771 575 867 624 morbo.

211 716 288 776 Intra
312 716 376 792 ipsa·
396 729 469 770 tero
489 713 622 771 intestina
638 711 797 770 consistunt
815 711 871 770 duo
884 708 995 787 morbi,
1019 727 1141 800 qnorum

118 794 121 802 ’
149 800 252 861 alter
243 818 272 858 ιιι
294 797 441 870 tenuiore,
466 795 570 854 alter
561 813 589 852 ιιι
611 794 742 872 pleniore
764 802 818 854 est.
854 794 937 854 Prior
955 803 1058 854 acutus
1078 795 1139 864 est;
1152 821 1164 863 ε

150 885 306 961 insequens
329 898 396 940 esse
418 878 523 977 lonqus
546 887 650 957 potest.
686 877 806 938 Diocles
829 876 977 973 Carystius
999 879 1140 940 tenuioris

150 967 275 1026 intestini
296 963 426 1024 morbum
450 956 636 1040 χόρδαψον,
672 962 854 1061 pleniorise
839 953 947 1023 εἰιεόν
972 963 1141 1024 nominarit.

151 1050 177 1109 h
193 1050 341 1148 plerisque
355 1046 441 1106 video
458 1064 533 1106 nunc
546 1045 624 1105 illnm
635 1047 762 1123 priorem
775 1036 900 1122 εἰλεόν,
916 1045 991 1104 hunc
1003 1038 1143 1108 κολικόν

151 1133 299 1192 nominari
332 1129 392 1190 Sed
406 1131 487 1208 prior
500 1129 587 1188 modo
607 1146 694 1207 supra
712 1127 892 1206 umbilicum,
908 1128 994 1189 modo
1010 1129 1064 1188 sub
1082 1149 1140 1190 rrm·

151 1216 240 1276 bilieo
264 1214 393 1274 dolorem
414 1221 522 1272 movet.
555 1211 599 1271 Fit
621 1212 759 1272 alterutro
776 1212 844 1272 loco
859 1212 1059 1274 inflammatio:
1084 1232 1140 1274 nec
1155 1234 1177 1272 ιο

152 1299 255 1375 alvus,
287 1316 342 1355 nec
367 1297 484 1375 spiritus
509 1296 583 1355 infra
610 1297 824 1357 transmittitur:
860 1297 885 1355 si
912 1298 1047 1374 superior
1073 1315 1142 1376 pars

153 1383 257 1442 allecta
276 1389 336 1456 est,
363 1379 459 1447 cibus;
480 1382 504 1438 si
522 1379 660 1456 inferior,
686 1388 800 1439 stercus
822 1398 875 1458 per
895 1396 929 1439 os
951 1380 1095 1441 redditur:
1118 1383 1143 1440 si

152 1464 317 1525 utrumlibet
339 1473 423 1523 vetus
439 1471 493 1522 est.
517 1462 626 1538 Adjicit
644 1463 774 1541 periculo
789 1465 911 1522 vomitus
923 1463 1060 1540 biliosus,
1076 1465 1144 1524 mali

153 1549 269 1625 odoris,
299 1557 345 1607 aut
366 1548 479 1623 varius,
508 1555 555 1606 aut
578 1547 671 1624 niger.
714 1546 883 1606 Remedium
906 1556 951 1605 est
974 1549 1142 1624 sanguinem

152 1635 281 1701 mitterc;
302 1631 348 1691 vel
365 1629 558 1690 cucurbitulas
574 1629 705 1707 pluribus
721 1629 794 1691 locis
811 1630 985 1707 admovere,
1009 1648 1066 1691 non
1080 1631 1177 1702 ubi-15

153 1735 209 1796 que
234 1724 299 1776 cute
322 1716 428 1774 incisa:
453 1713 482 1773 id
502 1715 577 1773 enim
601 1713 712 1772 duobus
733 1723 781 1773 aut
796 1714 885 1773 tribus
901 1713 976 1773 locis
994 1716 1064 1774 satis
1081 1725 1142 1775 est:

153 1819 191 1860 ειι
205 1800 310 1860 ceteris
329 1800 458 1875 spiritum
473 1814 599 1856 evocare
615 1796 727 1857 abunde
744 1806 796 1856 est.
825 1796 896 1856 Tum
914 1796 1143 1859 animadvertere

154 1892 289 1962 oportet,
314 1897 371 1960 quo
394 1880 461 1942 loco
483 1881 587 1941 malum
603 1881 655 1940 sit:
675 1880 752 1939 solet
769 1881 843 1940 enim
859 1889 959 1940 contra
976 1880 1004 1940 id
1023 1891 1143 1942 tumere.

153 1967 190 2027 Et
207 1969 230 2026 si
246 1983 333 2044 supra
349 1963 512 2024 umbilicum
528 1974 587 2041 est,
603 1964 661 2024 alvi
677 1963 774 2023 ductio
793 1964 868 2023 utilis
884 1981 941 2023 uon
953 1973 1012 2023 est:
1030 1966 1054 2024 si
1069 1966 1142 2025 inira

154 2060 215 2127 est,
238 2051 331 2109 alvum
348 2048 471 2124 ducere,
493 2056 523 2107 nt
536 2048 712 2107 Erasistrato
733 2047 854 2125 placuit,
878 2048 1014 2123 optimum
1034 2057 1095 2119 est;
1117 2059 1177 2111 etro

154 2147 244 2212 saepe
272 2133 299 2192 id
326 2132 423 2191 auxilii
444 2133 514 2191 satis
540 2140 584 2190 est
612 2131 667 2208 (cl,
691 2129 771 2190 Gael.
792 2130 861 2189 Aur.
885 2127 974 2190 Acut.
997 2130 1052 2206 lll,
1079 2135 1144 2213 17).

153 2217 272 2276 Ducitur
287 2225 380 2274 antem
397 2214 547 2292 percolato
562 2215 692 2292 ptisanae
705 2232 844 2290 cremore,
862 2232 926 2273 cum
938 2215 1004 2275 oleo
1018 2226 1046 2275 et
1057 2216 1145 2275 melle

155 2302 212 2373 sic,
228 2307 259 2357 ut
274 2307 427 2377 praeterea
443 2297 511 2355 nihil
529 2296 686 2371 adjiciatur.
710 2299 740 2355 Si
755 2297 823 2356 nihil
839 2306 944 2373 tumet,
961 2299 1031 2358 duas
1046 2317 1146 2360 manus

154 2385 304 2458 imponere
326 2389 442 2459 oportet
464 2398 550 2456 supra
565 2397 700 2438 summum
716 2390 862 2459 ventrem,
886 2382 1080 2460 paulatimque
1097 2384 1145 2443 de·

155 2465 276 2524 ducere:
298 2465 459 2522 invenietur
476 2464 549 2522 enim
565 2463 630 2523 mali
651 2463 750 2539 locus,
772 2466 820 2543 qui
837 2483 961 2525 necesse
976 2474 1020 2525 est
1040 2469 1178 2530 remita-as

154 2557 213 2613 tur;
238 2554 267 2604 et
287 2564 375 2605 exeo
393 2545 547 2606 deliberari
564 2548 682 2625 poterit,
706 2546 852 2624 ducenda,
873 2567 929 2608 nec
947 2567 984 2609 ne
1001 2549 1083 2609 alvus
1100 2553 1144 2610 sit.

154 2629 208 2689 llla
234 2631 390 2689 communia
407 2639 486 2689 sunt:
517 2629 610 2689 calida
632 2631 835 2709 cataplasmata
855 2631 1025 2709 admovere,
1053 2652 1146 2713 eaque

155 2714 303 2790 imponere
325 2730 341 2771 a
359 2714 485 2772 mammis
503 2713 646 2791 usquead
666 2715 782 2790 inguina
803 2723 832 2773 et
856 2717 981 2793 spinam,
1004 2734 1040 2775 ac
1055 2736 1147 2796 saepe

154 2804 278 2855 mutare:
299 2796 415 2855 brachia
432 2813 572 2874 cruraque
587 2797 762 2876 perfricare:
788 2798 936 2858 demittere
952 2808 1041 2858 totum
1055 2800 1146 2860 homi·

155 2898 219 2940 nem
235 2881 261 2937 in
278 2880 398 2939 calidum
414 2881 522 2940 oleum:
538 2883 562 2939 si
580 2881 664 2940 dolor
680 2899 738 2940 non
756 2883 887 2960 quiescit,
907 2883 991 2942 etiam
1007 2885 1036 2941 in
1047 2883 1143 2943 alvum
1155 2905 1179 2946 so

155 2983 193 3024 ex
210 2972 292 3043 parte
307 2964 445 3024 interiore
461 2972 521 3023 tres
536 2975 583 3024 aut
605 2974 726 3044 quatuor
743 2966 862 3040 cyathos
885 2966 969 3025 calidi
992 2966 1050 3025 olei
1064 2967 1147 3037 dare:

155 3049 205 3108 ubi
234 3066 286 3125 per
306 3048 379 3107 haec
404 3051 574 3126 consequuti
598 3067 709 3123 sumus,
731 3058 761 3107 ut
777 3051 837 3124 J'am
857 3068 894 3108 ex
910 3050 1047 3110 inferiore
1063 3060 1146 3129 parte

156 3133 271 3209 spiritus
283 3134 495 3208 transmittatur,
511 3132 617 3192 offerre
632 3135 713 3211 potui
727 3133 846 3192 mulsum
860 3133 987 3210 tepidum
1001 3150 1059 3193 nou
1076 3135 1145 3193 mul·

156 3225 227 3274 tum:
257 3233 319 3274 nam
342 3225 408 3275 ante
431 3234 533 3292 magna
556 3235 623 3276 cura
647 3216 790 3276 vitandum
816 3226 874 3292 est,
905 3236 941 3275 nc
967 3218 1034 3296 quid
1055 3218 1149 3279 bibat:

155 3300 180 3358 si
209 3298 237 3357 id
257 3299 409 3358 commode
432 3300 530 3375 cessit,
548 3301 676 3374 adjicere
697 3299 899 3364 sorbitionem:
940 3301 987 3359 ubi
1011 3301 1096 3360 dolor
1117 3312 1180 3364 etna

83 3433 86 3436 ,
104 3402 107 3407 ’
156 3381 297 3440 febricula
312 3385 459 3460 quierunt,
475 3392 532 3441 tum
548 3383 659 3443 demum
673 3385 712 3440 uti
729 3382 795 3442 cibo
810 3384 958 3460 pleniore;
983 3385 1034 3444 sed
1051 3403 1147 3463 neque

156 3464 288 3540 inllante,
304 3483 398 3542 neque
414 3465 496 3542 duro,
514 3484 607 3543 neque
621 3465 734 3541 valido,
751 3483 787 3524 ne
802 3467 934 3525 intestina
953 3467 1046 3527 adhuc
1057 3468 1146 3528 imbe-
