2414 3924
464 255 532 302 ura.
548 256 585 302 11.
607 254 683 303 cte.
698 256 746 302 rx.
1064 247 1101 306 51

112 417 208 486 potest
226 425 294 467 vere
311 416 340 466 et
354 417 473 469 aestate.
504 408 591 488 lsque
605 410 722 469 morbus
736 409 891 470 mediocris
912 413 960 470 viu
975 420 1104 480 sanatum

111 491 266 552 vehemens
281 493 376 551 sanari
390 510 447 553 non
464 501 561 570 potest
579 491 673 573 (Apin.
691 492 727 569 ll,
742 493 809 570 42).
844 492 942 553 Omnis
956 496 1040 554 ctiam
1055 493 1104 553 dc

110 575 155 635 lor
168 576 259 634 minus
275 574 434 635 medicinae
452 585 540 654 patet,
555 578 603 655 qul
616 595 726 636 sursum
738 576 880 655 procedit.
912 577 1024 638 Mulieri
1040 595 1104 654 gra·

107 658 203 735 vidae,
220 660 245 718 si
261 656 354 717 subito
370 676 507 719 mammae
524 665 733 736 emacrucruut,
749 660 868 720 abortus
886 661 1045 740 periculum
1062 669 1106 719 est

83 739 205 823 n(Aplt.
223 744 261 819 V,
279 741 345 819 37).
380 742 461 817 Quae
482 760 577 821 neque
600 747 728 822 peperit,
750 741 845 824 neque
859 744 979 822 gravida
994 753 1056 819 cst,
1081 745 1104 803 si

107 827 153 886 lac
168 824 270 902 babet,
298 844 313 885 a
331 824 483 884 menstruis
499 826 613 886 deiecta
632 826 787 908 est(11pb.
804 829 842 903 V,
858 826 926 907 39).
961 827 1105 903 Quartana

107 909 278 970 autumnalis
301 909 365 968 iere
385 908 473 986 longa
493 919 553 970 est:
577 913 773 991 maximeque,
799 929 873 990 quae
895 914 994 991 coepit
1010 912 1105 972 hieme

107 996 358 1074 appropinquante
381 989 476 1072 (Aplt.
493 993 534 1069 ll,
554 993 686 1053 25-ct.
707 1015 734 1075 p.
750 997 789 1057 46
805 996 824 1055 l.
841 996 908 1073 35).
942 997 972 1055 Si
987 996 1105 1072 sanquis

108 1077 259 1157 produxit,
282 1077 386 1136 deinde
401 1086 521 1155 sequuta
542 1087 586 1136 est
606 1077 746 1139 dementia
769 1097 832 1139 cunr
848 1079 1020 1140 distentione
1040 1096 1104 1138 ner-

72 1178 223 1239 utrorum,
251 1160 409 1239 periculum
428 1163 527 1220 mortis
551 1171 595 1220 est
616 1161 710 1241 (Apb.
728 1164 766 1239 V,
786 1165 804 1224 3
821 1173 849 1223 et
866 1163 930 1241 Vll,
947 1163 979 1233 9;
1007 1161 1102 1224 Coae.

106 1245 201 1323 332):
224 1246 364 1324 itemque,
387 1246 412 1304 si
426 1245 641 1305 medicamentis
657 1257 807 1324 purgatum
828 1256 858 1307 et
874 1248 966 1307 adhuc
981 1249 1104 1323 inanem,

107 1347 259 1389 nervorum
276 1328 410 1389 distentio
432 1331 581 1408 oppressit
602 1326 698 1409 (Apt.
717 1332 754 1404 V,
772 1331 825 1408 4);
848 1341 894 1390 aut
916 1333 940 1390 si
954 1333 982 1390 in
999 1331 1103 1408 magno

108 1412 209 1472 dolore
232 1423 378 1472 extremae
406 1422 503 1491 partes
525 1413 631 1490 frigent
652 1412 803 1493 (cidplr.
821 1414 974 1494 v11,26).
1002 1414 1103 1495 Neque

106 1498 131 1556 is
152 1495 188 1556 ad
203 1497 288 1556 vitam
307 1496 391 1572 redit,
408 1497 455 1575 qui
470 1515 507 1556 ex
522 1497 691 1576 suspendio,
709 1509 858 1577 spumante
873 1516 940 1574 ore,
959 1499 1103 1559 detractus

73 1595 96 1634 15
106 1589 151 1639 est
162 1578 257 1660 (Aplt.
274 1579 310 1657 11,
327 1579 393 1658 43).
422 1579 514 1639 Alvus
532 1584 622 1658 nigra,
640 1584 771 1659 sanguini
784 1591 847 1643 atro
867 1583 984 1661 similis,
1000 1600 1103 1661 repen·

107 1668 181 1738 tina,
202 1666 264 1724 sive
291 1682 353 1723 cum
375 1663 472 1740 febre,
494 1666 556 1724 sive
579 1666 662 1724 etiam
684 1669 746 1725 sine
771 1666 826 1726 hac
849 1676 909 1742 est,
939 1669 1104 1745 perniciosa

107 1757 151 1806 est
167 1745 262 1827 (Apb.
281 1747 333 1823 lV,
349 1748 404 1816 21;
423 1745 517 1808 Gouc.
534 1747 624 1823 596).

465 1985 647 2046 CAPUT
676 1985 746 2043 IX.

404 2096 442 2146 De
457 2097 601 2147 morborum
619 2095 798 2145 curationibus.

70 2275 96 2313 m
168 2247 299 2325 Cognitis
312 2247 435 2324 indiciis,
456 2266 530 2327 quae
545 2265 599 2307 nos
615 2247 661 2306 vel
679 2264 732 2325 spe
749 2247 946 2323 consolentur,
965 2246 1011 2306 vel
1026 2257 1103 2306 metu

106 2340 249 2408 terreant,
270 2331 305 2392 ad
325 2334 489 2392 curationes
509 2330 673 2391 morborum
695 2331 896 2391 transeundum
913 2341 966 2391 est.
995 2331 1103 2392 Eritis

108 2416 246 2495 quaedam
259 2433 424 2475 communes
437 2425 509 2493 sunt,
522 2414 660 2495 quaedam
673 2417 826 2493 propriae:
840 2432 1014 2492 communes,
1029 2433 1103 2494 quae

108 2499 236 2578 pluribus
256 2500 371 2560 morbis.
386 2499 574 2579 opitulantur;
597 2500 749 2577 propriae,
771 2516 846 2578 quac
860 2499 991 2576 singulis.
1026 2498 1102 2558 Ante

106 2585 142 2644 de
159 2582 353 2643 communibus
369 2583 475 2642 dicam:
493 2602 530 2642 ex
546 2584 647 2662 quibus
660 2592 753 2642 tamen
766 2584 906 2661 quaedam
921 2601 978 2643 non
995 2599 1102 2659 aegros

71 2668 212 2742 ausolum,
229 2666 280 2725 sed
295 2685 383 2726 sanos
398 2684 513 2746 quoque
530 2669 683 2734 sustinent;
702 2667 840 2745 quaedam
861 2670 889 2725 in
904 2666 1027 2726 adversa
1043 2675 1102 2724 tan·

107 2761 165 2809 tum
184 2749 345 2809 valetudine
365 2750 545 2810 adhibentur.
586 2749 676 2808 Omne
697 2767 767 2808 vero
797 2751 931 2810 auxilium
959 2753 1102 2828 corporis,

108 2842 156 2893 aut
176 2832 263 2892 demit
284 2833 405 2914 aliquam
420 2836 583 2907 materiam,
605 2842 651 2891 aut
666 2833 764 2908 adjicit
785 2833 848 2913 (Dc
860 2832 927 2911 ilat.
944 2835 966 2910 δ
983 2836 1034 2912 1),
1056 2842 1103 2892 aut

107 2925 229 2991 evocat,
245 2925 292 2976 aut
306 2921 449 2997 reprimit,
471 2926 519 2978 aut
534 2916 703 2992 refrigerat,
726 2926 773 2976 aut
791 2917 939 2992 calefacit,
961 2918 1103 2995 simulque

106 3010 153 3061 aut
170 3001 267 3075 durat,
289 3010 336 3060 aut
350 3001 451 3062 mollit.
480 2999 624 3074 Quaedam
647 3017 703 3059 non
722 3018 777 3059 uuo
801 3001 885 3060 modo
902 3010 1024 3074 tantum,
1051 2999 1103 3058 sed

71 3107 96 3146 ao
108 3088 192 3146 etiam
207 3084 318 3145 duobus
333 3087 407 3145 inter
427 3103 458 3144 se
480 3102 537 3143 non
558 3085 708 3142 contrariis
728 3083 870 3158 adjurant.
901 3084 1030 3143 Demitur
1045 3099 1101 3140 mu·

106 3170 177 3229 tcria
193 3170 341 3245 sanguinis
356 3169 550 3242 detractione,
573 3165 766 3241 cucurbitula,
789 3166 969 3242 dejectione,
985 3167 1101 3240 vomitu,

106 3252 255 3327 irictione,
270 3254 448 3328 gestatione,
467 3254 599 3330 omnique
616 3250 823 3310 exercitatione
841 3253 991 3329 corporis,
1016 3248 1102 3308 absti-

107 3336 213 3413 nentia,
228 3335 343 3395 sudore.
366 3336 410 3396 De
427 3338 528 3415 quibus
546 3337 676 3414 protinus
693 3332 792 3395 dicam.
