2414 3924
471 213 710 281 „135-

72 358 176 425 mit!
198 358 329 422 manuali
350 356 443 440 mola,
469 365 500 419 et
526 360 572 421 sic
595 360 627 420 in
650 376 712 421 aco
734 359 949 424 commiscebis
985 378 1099 443 coqams

73 450 110 513 im
131 450 208 513 rmo
228 455 261 511 et
282 464 377 531 qaae
399 446 517 509 modico
538 454 571 509 et
588 446 669 529 oleo,
691 455 722 509 et
743 447 864 511 sacculo
885 449 1010 513 inclusis
1031 450 1099 513 loca

75 554 159 621 qna
185 538 343 619 patiantur
370 534 540 618 raporehis‚
568 544 599 598 et
626 534 732 598 subter
762 554 934 617 perurgeas
956 537 1024 600 oleo
1051 541 1098 601 ia-

75 626 176 689 icrias
199 627 326 707 sorpto,
352 631 384 686 et
412 630 483 705 post
503 626 726 705 vaporationem
748 623 910 689 adhibitam
932 624 998 688 loca
1019 633 1098 689 tata·

76 712 128 778 hie
145 720 180 777 et
202 713 348 776 iasciahis
385 713 465 793 qaod
488 720 588 774 autem
605 712 706 775 oleam
723 714 881 777 conicitur
901 715 955 777 sic.
990 716 1127 796 recipite

76 804 253 867 materis
281 803 409 882 agrestis
435 801 545 863 radicis
571 802 674 864 viridis
701 817 738 867 ÷
764 801 815 886 Vi,
841 802 980 865 ciromitri
1002 802 1099 885 ÷11,

76 892 222 955 mnis
243 890 330 972 lipari
351 902 389 954 -t-
410 888 438 970 1,
459 889 519 951 oiei
544 889 636 952 lihras
657 890 734 955 118.
775 890 908 953 radicem
930 892 1098 955 minutatim

74 978 198 1044 incides
225 988 258 1041 et
279 979 368 1041 simoi
395 996 464 1040 cum
491 977 564 1040 aiiis'
584 978 743 1060 speciebus
769 996 882 1060 coques
911 981 943 1041 irr
971 979 1038 1043 oleo
1067 986 1099 1041 et

76 1076 166 1132 resto
189 1067 286 1130 donae
307 1066 407 1129 oleam
429 1074 596 1149 remaneat,
621 1075 652 1129 et
672 1071 778 1131 cteris

171 1158 254 1237 potio
273 1156 310 1218 ad
332 1155 490 1237 hydropes.
527 1155 667 1217 absinthii
685 1157 789 1219 viridis
810 1160 946 1220 tariooes
965 1159 1099 1219 minores
1111 1173 1140 1214 ro

75 1260 210 1309 numero
237 1260 289 1306 ser
318 1252 349 1306 et
373 1243 479 1305 florem
502 1246 606 1325 spinae
628 1243 711 1307 aihae
738 1245 898 1327 diiigcntm
923 1252 1005 1309 teres
1028 1263 1099 1308 cum

75 1335 198 1417 piperis
218 1334 320 1413 masis
341 1331 411 1416 xii,
433 1341 465 1394 et
486 1332 594 1394 diarna
615 1335 738 1414 potione
759 1336 822 1396 viai
841 1337 954 1397 veteris

75 1420 167 1487 dmm
195 1420 297 1484 triduo
325 1428 377 1483 act
403 1439 458 1501 per
486 1420 551 1484 dies
577 1420 609 1482 V.
637 1429 668 1483 ct
693 1440 751 1502 per
781 1422 916 1503 singulos
946 1423 1011 1486 dies
1040 1422 1099 1486 hoc

87 1632 92 1643 ·
170 1597 348 1680 cataplasma
375 1597 547 1680 hydropicis
573 1600 763 1664 conveniens.
803 1601 893 1662 stiam
920 1607 951 1661 ct
982 1599 1099 1682 spiens·
1113 1615 1142 1659 m

75 1688 150 1751 tisis
179 1688 291 1767 optime
320 1687 400 1749 iacit
453 1689 561 1767 recipit
590 1690 726 1769 capparis
760 1688 876 1750 radices
907 1690 1018 1772 siccas,
1048 1688 1099 1751 ah

76 1774 187 1839 cinthii
217 1792 345 1858 cymam,
376 1777 543 1859 cuminum,
578 1775 668 1839 hocas
699 1776 790 1858 lauri,
828 1777 906 1839 iaeoi
930 1778 1038 1857 graeei
1067 1786 1100 1840 et

76 1864 189 1927 hordei
218 1862 368 1945 pollicem.
411 1867 509 1927 omnia
539 1864 649 1927 tondes
679 1872 710 1927 et
740 1882 853 1944 omues
884 1866 916 1925 in
948 1864 1036 1927 melia
1068 1873 1100 1928 et

77 1961 181 2036 aceto,
209 1960 241 2015 et
270 1971 401 2034 appones
431 1953 466 2016 ad
494 1971 649 2035 vesperam
675 1960 707 2015 et
740 1955 821 2014 sines
848 1960 941 2014 totam
970 1960 1099 2036 noctem,

77 2060 169 2104 mane
192 2059 263 2102 raro
286 2042 424 2103 mutabis.
461 2043 518 2103 hoc
541 2044 716 2122 frequenter
737 2041 838 2103 iacies.
1112 2058 1140 2099 ao

172 2129 312 2209 epithima
325 2130 496 2211 hydropicis
510 2134 699 2193 conveniens.
724 2129 866 2211 epithima
880 2129 983 2190 dicunt
993 2127 1099 2192 Graeci

77 2216 332 2281 medicamentum
369 2218 448 2298 quod
480 2219 632 2281 stomacho
665 2225 696 2280 et
730 2218 915 2300 praecordiis
947 2217 1036 2280 simul
1067 2225 1099 2281 et

75 2308 182 2368 ventri
203 2314 436 2389 superponetur,
459 2325 529 2368 cum
552 2307 643 2369 fuerit
665 2324 764 2388 panno
785 2309 951 2369 inunctum.
991 2309 1099 2389 recipit

154 2511 673 2584 letricinunop‚aisiunoc
764 2514 926 2570 commisces
949 2531 992 2585 cp.
1082 2520 1099 2570 2

76 2617 180 2675 seusa
199 2634 226 2688 e,
244 2591 352 2688 claudo
365 2636 395 2690 p.
469 2622 534 2674 ec
547 2635 596 2674 om.
606 2635 638 2688 p.
711 2620 860 2677 embach
878 2639 907 2691 p.
982 2621 1100 2690 aeaco,

79 2690 236 2773 Mephra.
308 2692 495 2783 Ithome.
582 2689 832 2781 paiddhom.p.
924 2689 1100 2785 'iliparisc

78 2775 227 2888 {iric
246 2760 651 2902 sti-timaei
666 2768 774 2889 :tit
858 2762 1100 2916 efthtfii

79 2903 108 2957 d.
127 2901 167 2958 ad
185 2902 281 2957 oleum
299 2919 321 2958 o.
396 2907 430 2957 10
448 2903 485 2958 ad
502 2918 553 2957 ora.
568 2918 591 2958 c.
662 2904 704 2972 1(y
713 2903 848 2974 p)dropes
863 2921 904 2974 op.
977 2918 1099 2959 minores

78 2972 122 3028 VI
134 2989 173 3056 p,
192 2972 315 3028 minores
328 2978 385 3028 niso
403 2975 460 3028 tres
474 2989 496 3028 e.
570 2978 603 3027 12
617 2973 671 3027 XII
684 2990 712 3029 c:
729 2974 823 3044 VIlp.
895 2974 923 3030 ai
936 2974 1100 3030 diuturnam

79 3044 229 3114 potionem
243 3058 280 3113 p,
299 3044 401 3098 diurni.
418 3047 448 3098 et
466 3045 504 3113 (z)
522 3044 666 3114 potionem
685 3061 707 3099 c.
797 3043 899 3101 veteris
916 3051 930 3100 1
947 3043 1046 3100 feratis
1064 3046 1100 3111 (c,

78 3114 186 3170 iiarah'a
202 3117 235 3183 p)
253 3114 334 3169 dabis
355 3116 418 3196 (sic)
436 3131 477 3184 cp.
588 3120 620 3169 13
638 3113 734 3170 triduo
752 3145 787 3155 -
805 3114 831 3169 V
850 3131 876 3170 o:
902 3131 953 3198 per
972 3114 1032 3169 dies
1049 3112 1098 3168 III.

82 3188 134 3241 aut
151 3184 186 3240 V.
198 3201 229 3254 p,
304 3191 337 3238 16
355 3185 465 3240 sacrior
485 3187 617 3255 operatur
632 3201 661 3253 p.
734 3190 767 3240 17
787 3183 982 3241 comemmini
998 3184 1099 3239 bacca-

80 3273 145 3310 rcm
164 3271 187 3311 c.
262 3261 295 3310 18
314 3258 344 3310 et
361 3255 392 3309 in
405 3256 489 3310 melle
498 3273 529 3327 p.
604 3261 637 3310 19
651 3270 739 3324 pones
748 3272 779 3325 p.
852 3255 938 3310 sines:
958 3253 984 3309 si
1000 3253 1098 3323 riscp.

80 3328 145 3382 tcta
163 3327 246 3380 nocte
265 3342 287 3382 c.
361 3331 395 3381 20
414 3342 497 3382 mane
516 3343 581 3382 vero
596 3343 623 3382 c:
642 3327 672 3380 et
689 3341 812 3395 manep.
884 3323 991 3381 iaoisc.
1064 3328 1098 3379 21

80 3395 120 3452 ad
136 3395 286 3466 ydropicos
304 3414 328 3453 c.
342 3412 373 3466 p.
447 3397 523 3467 greci
542 3397 639 3452 dicunt
651 3412 682 3466 p.
755 3401 789 3451 23
804 3412 928 3467 pannum
945 3398 999 3466 (sic
1010 3399 1045 3469 pf

82 3465 191 3524 cibaria
210 3468 261 3537 (aio
274 3471 310 3538 p)
327 3482 377 3523 om.
398 3483 420 3523 c.
493 3469 564 3537 ΗΡ.
