2414 3924
131 208 152 268 4
435 218 469 265 s.
480 216 511 265 c.
527 216 626 266 causi
636 216 830 266 mnnrcnrsu

133 391 166 432 se
178 372 295 432 habere.
319 372 414 452 Saepe
426 389 498 432 vero
512 374 597 432 etiam
609 390 684 433 noua
695 373 825 433 incidere
833 392 945 451 genera
957 375 1136 452 morborum,

132 458 161 516 in
183 455 287 534 quibus
304 456 372 516 nihil
390 455 483 517 adbuc
501 474 569 516 usus
590 456 768 528 ostenderit,
798 465 827 515 et
848 457 914 517 ideo
936 460 1136 518 necessarium

133 542 170 600 sit
185 538 421 617 animadvertere,
435 539 511 600 unde
523 558 558 600 ea
570 542 736 618 coeperint;
753 542 816 600 sine
829 559 886 620 quo
905 559 989 602 nemo
1001 543 1135 621 reperire

132 623 293 683 mortalium
310 625 419 702 possit,
439 642 490 682 cur
509 623 581 700 hoc,
598 641 682 702 quam
699 623 769 699 illo,
788 627 885 702 potins
902 635 1005 686 nmtur.
1039 625 1076 686 llt
1095 625 1134 685 ob

131 706 337 787 haec'quidem
354 709 382 766 in
403 707 530 768 obscuro
554 708 665 786 positas
686 725 788 768 causas
807 719 1029 788 persequuntur.
1065 708 1160 770 Eri-s

132 792 234 852 dentes
246 809 317 851 vero
330 809 381 851 eas
391 790 554 870 appellant,
574 792 602 850 in
619 790 721 868 quibus
738 801 893 870 quaerunt,
915 794 1023 854 initium
1041 794 1135 854 morbi

134 875 215 937 calor
227 874 367 952 attulerit,
387 894 422 935 an
433 875 540 952 lrigns;
562 874 667 952 fames,
684 892 719 934 an
737 876 869 945 satietas;
890 886 919 935 et
937 894 1010 956 quae
1030 877 1134 937 similia

133 969 212 1028 sunt;
233 975 420 1020 occursurum
435 960 510 1019 enim
522 959 592 1018 vitio
607 957 703 1018 dicunt
718 977 791 1035 eum,
807 961 854 1038 qui
868 962 1008 1038 originem
1020 979 1077 1021 non
1090 962 1133 1038 ig·

133 1046 251 1104 norarit.
274 1042 429 1103 Naturales
442 1059 514 1102 uero
529 1043 662 1119 corporis
674 1044 806 1103 actiones
818 1043 982 1122 appellant,
996 1062 1049 1123 per
1062 1062 1134 1122 quas

134 1128 263 1208 spiritum
281 1126 417 1187 trahimus
435 1135 465 1186 et
478 1125 645 1195 emittimus;
668 1126 761 1187 cibum
780 1128 987 1206 potionemque
1004 1135 1034 1186 et
1051 1146 1131 1188 assu·
1144 1141 1168 1182 to

132 1213 232 1271 mimus
245 1219 274 1270 et
290 1212 511 1290 concoquimus:
533 1211 658 1288 itemque
674 1228 728 1289 per
743 1229 814 1289 quas
827 1210 926 1271 eadem
946 1210 1020 1272 haec
1032 1213 1060 1270 in
1073 1229 1131 1270 om·

133 1314 185 1354 nes
198 1293 388 1354 membrorum
400 1302 498 1374 partes
510 1293 688 1371 digeruntur.
698 1292 768 1354 'lum
777 1296 924 1374 requirunt
933 1297 1028 1371 etiam,
1043 1312 1133 1373 quare

133 1395 227 1437 venae
243 1386 360 1437 nostrae
371 1378 456 1438 modo
469 1377 633 1437 submittant
645 1395 692 1454 se,
705 1377 792 1438 modo
804 1378 951 1448 attollant;
967 1396 1040 1458 qnae
1058 1380 1132 1439 ratio

134 1460 236 1538 somni,
250 1479 323 1540 quae
336 1462 452 1540 vigiliae
470 1463 521 1522 sit:
537 1462 599 1520 sine
619 1478 740 1539 quorum
758 1462 858 1522 notitia
875 1463 1017 1522 neminem
1033 1471 1133 1541 putant

134 1545 181 1605 uel
193 1563 360 1621 occurrere,
370 1546 418 1605 vel
428 1545 536 1605 mederi
544 1544 652 1605 morbis
664 1544 738 1605 inter
749 1545 822 1605 haec
834 1546 1019 1606 nascentibus
1031 1564 1132 1624 posse.
1144 1562 1168 1603 rs

134 1631 180 1691 Ex
192 1629 294 1709 quibus
313 1632 377 1707 quia
395 1631 517 1689 maxime
540 1630 686 1708 pertinere
704 1629 740 1690 ad
757 1647 818 1688 rem
841 1631 994 1691 concoctio
1011 1629 1132 1706 videtur,

134 1714 200 1774 huic
211 1713 390 1793 potissimum
403 1715 549 1782 insistunt;
566 1721 605 1786 et,
622 1714 696 1772 duce
710 1713 757 1773 alii
770 1712 957 1791 Erasistrato,
970 1715 1025 1774 teri
1038 1714 1132 1774 cibum

133 1801 162 1858 in
175 1807 277 1858 uentre
294 1796 484 1865 contendunt;
504 1797 569 1874 alii,
590 1796 749 1857 Plistonico
768 1797 954 1875 Praxagorae
975 1797 1132 1878 discipulo,

135 1892 318 1961 putrescere:
331 1882 378 1943 alii
391 1880 511 1941 credunt
522 1880 708 1960 Hippocrati,
722 1899 775 1960 per
789 1881 917 1941 calorem
930 1882 1012 1941 cibos
1025 1898 1131 1942 conco·

135 1969 197 2046 qni:
215 1966 412 2045 acceduntque
424 1964 607 2042 Asclepiadis
622 1965 741 2042 aemuli,
759 1967 822 2044 qni,
842 1966 936 2025 omnia
952 1966 1006 2026 ista
1017 1983 1091 2026 vana
1104 1974 1133 2024 et
1142 1980 1168 2019 ro

135 2068 314 2131 supervacua
328 2069 406 2125 esse,
425 2058 604 2128 proponunt:
621 2049 690 2108 nilril
702 2052 776 2109 enim
789 2052 943 2128 concoqui,
956 2048 1008 2110 sed
1018 2047 1133 2109 crudam

134 2137 297 2210 materiam,
310 2137 385 2192 sicut
399 2141 523 2192 assumta
536 2141 597 2209 est,
617 2133 645 2190 in
660 2150 766 2210 corpus
779 2150 864 2193 omne
879 2132 984 2193 diduci.
1003 2134 1041 2194 Et
1059 2132 1133 2193 baec

135 2218 250 2297 quidem
266 2220 408 2277 intereos
426 2234 525 2295 parum
542 2225 688 2276 constant:
707 2217 776 2276 illud
796 2235 867 2278 vero
881 2220 1030 2295 conuenit,
1048 2216 1133 2277 alium

135 2302 255 2362 dandum
268 2301 360 2360 cibum
372 2299 583 2375 laborantibus,
597 2300 620 2357 si
633 2299 704 2366 boc;
723 2301 823 2377 alium,
844 2304 867 2360 si
881 2301 950 2361 illud
967 2319 1065 2361 verum
1077 2310 1133 2360 est.

133 2387 206 2445 Nam
217 2387 241 2444 si
256 2386 357 2444 teritur
369 2385 457 2459 intus,
477 2402 540 2442 eum
553 2383 746 2460 quaerendum
764 2404 847 2462 esse,
865 2387 912 2465 qui
927 2386 1064 2446 facillime
1077 2386 1132 2445 teri
1143 2404 1168 2444 aa

135 2471 242 2549 possit;
266 2470 289 2527 si
305 2469 461 2546 putrescit,
481 2486 561 2542 eum,
577 2468 605 2524 in
621 2485 677 2545 quo
694 2467 751 2527 hoo
765 2469 1009 2547 expeditissimum
1026 2478 1085 2537 est;
1110 2471 1133 2528 si

135 2553 215 2614 calor
233 2553 403 2630 concoquit,
423 2570 501 2627 eum,
524 2551 572 2629 qui
586 2554 707 2611 maxime
732 2553 859 2612 calorem
878 2562 989 2613 movet:
1012 2561 1041 2612 at
1062 2552 1133 2611 nihil

135 2657 172 2696 ex
187 2637 231 2695 his
248 2655 314 2696 esse
336 2635 546 2714 quaerendum,
572 2635 596 2693 si
615 2635 684 2694 nilril
706 2638 911 2714 concoquitur;
934 2654 967 2696 ea
989 2652 1060 2695 uero
1087 2655 1132 2695 su·

134 2721 245 2797 menda,
261 2738 335 2798 qnae
352 2719 474 2779 maxime
489 2728 603 2779 manent
618 2719 712 2797 qualia
726 2730 849 2780 assumta
862 2730 935 2780 sunt.
964 2719 1132 2799 Eademque

134 2806 262 2880 ratione,
282 2822 366 2882 quum
387 2804 504 2883 spiritus
520 2803 619 2880 gravis
634 2812 696 2878 est,
722 2822 807 2881 quum
831 2821 946 2864 somnus
968 2812 1015 2864 aut
1033 2804 1169 2881 vigiliam

134 2898 230 2966 urget,
249 2906 313 2948 enm
327 2888 436 2947 mederi
452 2906 541 2965 posse
557 2886 737 2963 arbitrantur,
754 2889 800 2966 qui
817 2891 896 2966 prius
913 2888 962 2947 illa
981 2889 1046 2966 ipsa
1065 2905 1132 2966 qua·

134 2973 201 3033 liter
217 2974 360 3049 eveniant,
376 2974 552 3049 perceperit.
582 2971 700 3030 Praeter
716 2971 789 3030 lraec
805 2990 888 3050 quum
904 2974 932 3031 in
946 2969 1134 3031 interioribus

135 3057 264 3136 partibus
281 3066 309 3116 et
328 3056 446 3115 dolores
462 3064 490 3114 et
505 3054 668 3115 morborum
685 3056 763 3115 varia
778 3072 888 3132 genera
903 3064 1066 3130 nascantur,
1083 3072 1133 3113 ne·

133 3143 237 3201 minem
251 3149 349 3220 putant
365 3140 412 3205 his,
427 3139 564 3199 adbibere
581 3155 669 3216 posse
684 3138 826 3215 remedia,
850 3141 896 3218 qui
912 3141 991 3218 ipsas
1007 3141 1133 3216 ignoret.

133 3226 335 3286 Necessarium
353 3241 425 3300 ergo
439 3241 504 3282 esse
520 3222 647 3281 incidere
665 3238 789 3301 corpora
809 3233 1001 3297 mortuorum,
1018 3239 1131 3281 eorum·
1143 3248 1169 3289 3⁶

136 3328 192 3387 que
206 3312 321 3369 viscera
338 3316 423 3385 atque
439 3308 573 3365 intestina
589 3307 726 3374 scrutari;
744 3305 891 3386 longeque
905 3309 1011 3386 optime
1025 3306 1133 3366 iecisse

133 3391 323 3470 Herophilum
339 3399 367 3448 et
382 3390 595 3465 Erasistratum,
613 3389 659 3467 qui
675 3397 815 3449 nocentes
831 3390 971 3467 homines,
986 3388 1133 3468 aregibus

135 3492 173 3534 ex
199 3492 318 3534 carcerc
347 3481 503 3550 acceptos,
538 3474 621 3532 vivos
653 3470 819 3549 inciderint,
839 3473 1133 3552 considerarintque,
