2414 3924
124 205 166 270 68
414 214 620 262 nnanunurr
644 212 720 260 car.
738 213 808 260 xri:

74 441 110 500 14
386 438 436 488 DE
455 435 647 487 LEGITlMIS
664 434 839 488 NUMERIS.

189 574 307 636 Primus
328 580 371 633 est
393 581 422 633 et
441 571 592 648 legitimus
612 571 739 633 maxime
759 588 903 631 numerus
924 570 1099 633 hexameter

126 659 275 723 heroicus.
310 657 397 718 huius
417 656 509 734 pedes
530 665 581 717 aut
596 655 704 734 dactyli
718 665 787 716 sunt
809 664 859 716 ant
874 655 1007 734 spondii:
1031 675 1101 717 raro

127 752 156 806 et
171 745 202 804 in
219 753 353 804 extremo
368 757 456 802 versu
471 741 637 820 reperietur
652 739 820 802 trochacus,
852 741 914 801 eius
930 741 1100 821 exemplum

254 825 324 887 Avia
339 824 491 887 Pieridum
507 843 635 903 peragro
651 823 716 885 loca
731 823 840 886 nullius
855 832 932 885 ante.
1116 837 1128 884 5

126 920 204 973 totus
231 914 287 972 iste
310 908 469 990 dactylicus
490 908 545 970 luit
567 917 596 970 et
616 908 718 970 habuit
744 926 892 972 summum
914 910 1099 971 trochaeum.

127 997 179 1059 sed
196 997 304 1057 mixtus
321 1013 357 1055 ex
373 993 506 1073 spondiis
520 993 569 1054 hio
585 995 654 1064 erit,

93 1091 109 1138 2
254 1077 366 1140 ltaliam
381 1078 441 1138 fato
456 1078 602 1158 profugus
614 1077 793 1158 Laviniaque
811 1080 903 1147 renim

127 1172 208 1227 totus
224 1184 259 1224 ex
275 1163 415 1243 spondeis

255 1249 337 1310 Cives
352 1248 477 1308 Romani
491 1255 563 1306 tunc
578 1248 647 1309 iacti
663 1256 732 1308 sunt
747 1247 897 1326 Campani.
1117 1257 1145 1306 10

127 1333 185 1393 hoc
205 1349 299 1409 genus
320 1335 436 1392 numeri
458 1331 704 1410 paucissimarum
726 1332 882 1393 duodecim
904 1331 1096 1413 syllabarum,

128 1415 321 1496 plurimarum
346 1417 449 1477 decem
472 1422 501 1476 et
522 1422 598 1477 octo.
621 1423 756 1494 tempora
777 1418 883 1496 recipit
898 1418 1000 1494 viginti
1017 1425 1100 1498 quat·

128 1512 209 1571 mor,
239 1503 357 1563 interim
379 1501 482 1577 viginti
504 1499 586 1580 [tres
606 1499 752 1582 pedibus]
774 1499 871 1563 trihus
892 1509 1006 1591 tpntum
1031 1521 1100 1563 con·

127 1586 233 1647 licitur.
268 1586 380 1646 formas
395 1586 506 1664 excipit
520 1586 639 1662 triginta
654 1585 745 1655 duas,
769 1603 841 1663 quas
863 1603 1043 1648 enumerare
1059 1588 1100 1648 ie·

127 1669 304 1732 stinantibus
319 1668 439 1749 longum
456 1677 508 1730 est.
1118 1684 1145 1731 15

93 1764 110 1812 3
191 1755 379 1816 Pentameter
395 1752 542 1831 elegiacos
559 1753 648 1814 habet
664 1753 832 1833 exemplum

256 1839 331 1900 llum
348 1857 432 1900 meus
447 1838 570 1899 adsiduo
585 1837 681 1900 luceat
695 1841 764 1917 igne
780 1839 872 1900 iocus

128 1925 234 2002 recipit
250 1923 414 2002 dactylum,
432 1923 607 2001 spondium,
624 1931 797 2001 anapaestos
813 1923 896 1994 duos,
913 1926 944 1984 in
960 1925 1020 1986 fine
1036 1944 1099 1986 rer-

128 2026 178 2068 sus
193 2007 350 2087 ahquando
366 2006 631 2087 brachyspllahum.
663 2008 696 2067 iit
712 2007 891 2088 syllabarum
907 2012 1099 2087 paucissima·

128 2111 194 2153 rum
207 2092 373 2164 duodecim,
385 2091 581 2172 plurimarum
593 2093 838 2172 quattuordecim.
859 2096 978 2154 tertium
991 2096 1098 2173 pedem
1116 2118 1142 2166 ρο

128 2177 284 2254 spondium
301 2194 419 2256 semper
434 2175 538 2244 hahet,
554 2184 692 2256 quartum
710 2186 738 2237 et
754 2182 886 2253 quintam
903 2189 1097 2255 anennoeton,

129 2263 263 2339 quintum
281 2261 438 2340 aliqnando
454 2260 721 2340 brachysyllahnnr.

92 2353 110 2399 4
192 2346 357 2405 Trimetros
386 2343 528 2405 iambicos
555 2346 658 2432 Latine
687 2349 821 2407 senarius
847 2347 968 2416 dicitur,
1011 2351 1095 2408 cuius

128 2429 294 2507 exemplum

254 2511 397 2572 Phaselus
411 2514 480 2583 iste,
498 2532 586 2595 quern
602 2514 706 2576 videtis
722 2516 864 2592 hospites.
1115 2539 1141 2589 25

195 2781 220 2834 2.
240 2793 389 2833 exameron
407 2784 464 2833 DV
529 2786 553 2834 3.
572 2783 669 2834 dactili
690 2785 714 2832 V
782 2787 807 2836 4.
827 2788 1060 2851 neppemerunl)

127 2848 267 2900 onocheus
293 2851 349 2901 DV
414 2855 438 2902 5.
463 2852 569 2903 Lucet.
592 2851 618 2913 Ι,
638 2855 696 2902 926.
716 2853 803 2913 IV,1
872 2868 1000 2919 penando
1023 2854 1098 2918 (uia

127 2948 192 3012 rae.)
217 2951 254 3008 Ι),
278 2966 396 3016 peragra
419 2954 446 3001 V
511 2956 535 3004 6.
559 2952 707 3003 dactilicus
733 2955 758 3002 V
826 2921 956 3004 trocheum
981 2955 1052 3017 (troc
1075 2960 1098 3005 in

127 3016 194 3081 ran)
207 3018 239 3077 Ι),
259 3020 400 3070 trocheum
417 3021 441 3069 V
509 3021 533 3070 8.
556 3022 634 3086 Verp,
648 3022 714 3071 Aea.
728 3021 753 3079 I,
766 3025 782 3070 2
836 3037 923 3072 roano
936 3023 960 3071 D
973 3033 1033 3074 ante
1046 3040 1098 3074 rac.

195 3083 346 3150 lauinoque
374 3088 401 3137 V
468 3090 506 3138 10.
530 3104 566 3138 eac
583 3088 825 3147 contionantibus,
849 3096 876 3138 ut
893 3092 995 3140 videtur
1020 3091 1100 3156 (apud

132 3153 239 3205 Vahlen.
258 3170 293 3204 vn.
313 3154 374 3218 m)
446 3156 486 3206 12.
505 3171 566 3206 xr11
585 3159 651 3207 coni.
664 3157 769 3216 Iahnuc,
788 3158 836 3206 ned
852 3158 953 3207 videtur
970 3162 1026 3223 ipse
1045 3161 1097 3223 epi·

128 3225 238 3270 tornator
260 3223 387 3272 erravisse
410 3220 488 3286 (conf.
507 3225 565 3274 init,
583 3224 656 3274 huius
673 3221 776 3288 eapitis)
848 3226 888 3274 14.
912 3226 1016 3291 recipit
1034 3231 1098 3277 coni.

128 3288 225 3337 Ichnae
295 3294 430 3355 ratperta
448 3292 473 3343 D
543 3293 582 3343 17.
605 3291 693 3342 Taena
712 3292 741 3354 I,
763 3294 791 3350 1,
812 3295 827 3342 o'
897 3291 1026 3344 adsiduus
1046 3296 1101 3343 DV

131 3357 169 3413 18.
194 3355 344 3420 spondeum
367 3362 516 3422 anapestoo
543 3360 572 3409 V
637 3360 677 3410 19.
704 3359 952 3410 nncchtsrnnenns
971 3362 1033 3411 DV

128 3425 171 3471 21.
184 3424 309 3486 quintum
322 3429 490 3490 anapaestos
504 3426 564 3475 add.
578 3425 702 3477 Cauchius
770 3429 814 3476 22.
830 3427 1060 3494 bracchisyllabia
1077 3431 1103 3480 V

128 3489 169 3539 23.
189 3491 324 3542 iambicus
346 3492 371 3542 V
438 3495 479 3544 25.
498 3492 589 3546 Catuli.
609 3497 670 3557 4,1
739 3494 898 3544 ranunculi
