2414 3924
136 187 198 251 272
434 197 467 244 s.
484 195 514 244 c.
531 195 629 244 cunsr
644 194 839 244 numerumn

92 371 94 375 ·
135 357 246 419 teribus
262 355 332 414 oriri
353 353 463 420 soleot;
489 369 542 428 per
565 368 598 408 se
613 359 707 409 tamen
728 368 786 410 non
806 352 890 428 posui
897 374 904 420 ;
932 368 1017 429 qnnnr
1036 354 1131 412 omnia

134 445 190 502 ista
212 439 376 500 mediocres
399 436 574 495 differentias
594 434 734 510 habeant,
750 452 784 494 ac
806 452 902 513 neque
921 434 1054 508 periculo
1073 445 1132 496 ter-

135 534 232 598 reant,
250 522 343 601 neque
364 521 480 580 diverso
497 536 608 594 genere
624 527 768 589 curentur.
810 517 911 581 Omnia
926 537 999 582 vero
1032 521 1088 580 ista
1102 529 1133 580 et

136 628 174 668 ex
187 606 309 685 parvulo
322 605 476 683 incipiunt,
492 612 521 661 et
533 602 580 660 din
593 603 786 680 paulatimque
797 603 978 678 increscunt,
991 611 1021 662 et
1034 605 1132 664 tunica

135 710 186 752 sna
200 690 390 749 includuntur.
427 686 574 763 Quaedam
590 705 627 745 ex
642 685 687 745 bis
706 685 776 746 dura
795 703 830 744 ac
853 688 1021 763 renitentia,
1041 707 1152 767 quaen

135 776 198 836 dam
210 774 308 833 mollia
323 772 512 848 cedentiaque
525 778 602 828 snut:
617 769 755 848 quaedam
771 771 865 848 spatio
879 769 1030 845 nudantur,
1043 790 1130 851 qnae·

135 859 199 920 dam
215 867 290 917 tecta
308 855 415 933 capillo
432 872 484 914 suo
502 863 683 931 permanent:
705 854 827 931 fereque
848 856 910 913 sine
931 853 1034 914 dolore
1054 866 1129 916 snut.

135 942 211 1020 Quid
225 944 299 1001 intus
318 938 459 1013 habeant,
478 948 508 997 nt
527 938 692 1012 conjectura
710 938 870 1017 praesagiri
892 947 1009 1016 potest,
1033 941 1077 999 sic
1093 958 1131 998 ex

134 1035 197 1088 toto
214 1026 372 1100 cognosci,
394 1023 448 1080 nisi
470 1039 554 1100 quum
573 1022 668 1096 ejecta
684 1030 763 1097 sunt,
787 1039 844 1081 non
860 1031 967 1100 potest.
1005 1022 1130 1082 blaxime

135 1121 229 1172 tamen
253 1109 345 1182 iniis,
367 1123 441 1183 qnae
463 1107 636 1182 renituntur,
657 1114 706 1164 ant
726 1104 834 1183 lapillis
854 1105 994 1185 quaedam
1015 1107 1164 1184 similia,m

134 1204 182 1254 ant
203 1193 331 1251 concreti
352 1190 534 1267 confertique
551 1189 600 1267 pili
620 1190 816 1266 reperiuntur:
840 1191 869 1247 irr
890 1190 925 1249 iis
945 1203 1035 1265 vero,
1055 1209 1132 1270 qnae

135 1277 256 1350 cedunt,
279 1283 326 1334 ant
348 1272 426 1332 melli
448 1275 540 1332 simile
565 1272 689 1351 aliquid,
710 1281 758 1332 ant
784 1274 863 1333 tenni
887 1274 1060 1352 pulticulae,
1083 1284 1132 1335 ant

96 1375 99 1380 ·
135 1361 216 1439 qnasi
228 1376 312 1419 rasae
327 1358 503 1434 cartilagini,
523 1366 570 1415 ant
592 1358 670 1416 carni
691 1355 790 1415 hebeti
809 1366 837 1416 et
854 1367 1005 1425 mentae:
1025 1358 1132 1437 quibus

134 1445 182 1504 alii
197 1443 303 1520 aliiqne
320 1441 437 1501 colores
459 1459 526 1501 esse
554 1449 738 1500 consuerunt·
758 1439 893 1519 Fereque
915 1442 1034 1518 ganglia
1052 1444 1130 1502 reni·

134 1536 245 1588 tuntnr:
264 1525 433 1586 atheromati
455 1525 555 1584 subest
578 1525 659 1603 qnasi
682 1526 775 1584 tennis
792 1524 945 1602 pulticula:
962 1525 1129 1586 meliceridi
1141 1537 1163 1577 ¹⁵

133 1610 269 1691 liquidior
299 1609 415 1677 humor;
443 1608 567 1687 ideoque
598 1626 718 1685 pressus
749 1607 933 1668 circumlinit:
965 1611 1131 1670 steatomati

134 1698 241 1776 pingue
261 1694 408 1772 quiddam;
426 1692 512 1769 idque
530 1692 669 1751 latissime
687 1701 786 1769 patere
810 1694 976 1769 consuevit,
993 1694 1130 1754 resolvit·

133 1799 190 1860 qne
204 1786 292 1839 totam
313 1786 406 1836 entem
421 1778 635 1854 superpositam
652 1777 710 1850 sic,
726 1785 804 1836 ntea
821 1775 914 1844 labet;
935 1795 1019 1854 quum
1035 1779 1065 1836 irr
1082 1796 1129 1838 oe

132 1866 203 1924 teris
219 1865 255 1922 sit
272 1861 443 1922 adstrictior.
482 1860 597 1934 Omnia,
621 1859 724 1919 derasa
747 1869 829 1937 ante,
852 1862 876 1920 si
893 1861 1008 1939 capillis
1029 1871 1129 1922 conte·

132 1957 253 2026 guntur,
270 1964 323 2024 per
338 1944 460 2003 medium
476 1953 592 2023 oportet
605 1945 743 2003 incidere.
767 1944 825 2002 Sed
841 1947 1018 2004 steatomatis
1032 1946 1129 2006 tunica
1139 1963 1162 2004 ao

133 2049 249 2110 qnoque
265 2028 389 2089 secanda
406 2037 465 2103 est,
481 2037 511 2087 ut
527 2028 687 2086 elinndatnr
703 2028 839 2106 quidquid
860 2029 934 2086 intus
952 2030 1037 2098 coiit;
1062 2031 1128 2110 qnia

131 2133 191 2174 non
205 2113 292 2174 facile
309 2132 324 2172 a
340 2121 405 2172 cute
417 2120 449 2170 ,et
465 2111 596 2186 subjecta
619 2129 705 2170 carne
722 2129 756 2171 ea
780 2121 947 2189 separatur:
972 2115 1000 2172 iu
1020 2115 1128 2173 ceteris

131 2201 196 2277 ipsa
210 2199 306 2257 tunica
323 2196 458 2255 inviolata
482 2195 623 2254 servanda
645 2205 699 2255 est.
737 2196 869 2255 Protinus
896 2205 990 2255 nutem
1011 2197 1078 2257 alba
1100 2207 1129 2256 et

131 2283 238 2341 intenta
253 2299 285 2339 se
306 2280 439 2339 ostendit.
477 2277 702 2358 'lum-scalpelli
724 2278 903 2339 manubriolo
927 2280 1089 2341 diducenda
1112 2299 1127 2340 a

133 2373 198 2424 onte
219 2373 249 2423 et
267 2381 353 2422 carne
372 2372 431 2436 est,
458 2362 657 2439 ejiciendaque
680 2381 742 2423 cum
766 2380 816 2438 eo,
842 2363 919 2441 qnod
939 2365 1013 2423 intus
1035 2374 1162 2425 tenena

132 2449 162 2506 Si
181 2447 295 2525 qnando
311 2456 404 2505 tamen
421 2444 455 2503 ab
472 2445 612 2505 inferiore
635 2456 716 2525 parte
733 2450 846 2506 tunicae
865 2448 1011 2507 musonius
1029 2449 1127 2509 inbae-

130 2532 183 2602 sit,
201 2548 237 2588 ne
253 2531 277 2587 is
293 2530 438 2603 laedatur,
461 2532 594 2607 superior
616 2548 682 2607 pars
701 2529 777 2589 illins
793 2530 969 2605 decidenda,
986 2531 1042 2592 alia
1059 2533 1128 2592 inibi

130 2612 317 2690 relinquenda
337 2621 391 2670 est.
428 2611 485 2672 Ubi
506 2621 565 2672 tota
588 2623 699 2672 exemia
723 2624 783 2688 est,
807 2615 1027 2674 committendae
1044 2633 1127 2690 orae,

131 2695 276 2773 fibulaque
301 2696 344 2755 bis
371 2696 540 2771 injicienda,
562 2706 591 2755 et
612 2715 700 2774 snper
721 2698 957 2756 medicamentum
979 2699 1127 2774 glutinans

130 2779 250 2840 daudnm
267 2790 320 2839 est.
343 2779 400 2840 libi
413 2779 461 2838 vel
475 2789 535 2839 tota
551 2783 661 2856 tunica,
679 2780 725 2839 vel
747 2780 853 2859 aliquid
877 2799 914 2840 ex
936 2799 970 2841 ea
992 2782 1160 2843 relictnrnao

128 2875 189 2942 est,
205 2883 259 2943 pus
274 2866 418 2925 moventia
437 2863 596 2923 adhibenda
613 2873 687 2922 sunt.

475 3101 656 3162 CAPUT
688 3101 778 3162 VII.

242 3219 279 3267 De
296 3219 424 3267 oculorum
440 3219 520 3276 vitiis,
536 3233 599 3280 qnae
618 3219 736 3283 scalpello
755 3227 780 3267 et
795 3233 872 3268 manu
885 3226 1012 3268 curantur.

194 3370 219 3426 l.
244 3368 303 3427 Sed
319 3377 349 3429 ut
364 3368 436 3427 baec
453 3386 546 3445 neque
564 3387 674 3445 genere
691 3370 766 3445 vitii,
788 3387 883 3446 neqne
907 3369 1018 3429 radone
1041 3387 1123 3429 enra-

128 3451 214 3509 tiouis
231 3453 305 3510 inter
322 3469 355 3510 se
370 3452 485 3511 multum
507 3452 625 3519 distaut;
655 3453 697 3511 sic
724 3453 753 3510 in
778 3452 888 3529 oculis,
915 3470 988 3531 qnae
1009 3471 1158 3519 manninas
