2414 3924
460 211 530 258 mo.
546 210 594 259 ιιι.
614 210 688 259 eon.
703 212 765 261 ιιιι.
1048 197 1108 262 137

114 367 252 428 desinere
274 365 312 426 ali
334 381 457 443 corpus,
478 383 513 425 ac
527 366 570 426 sic
585 364 652 426 tabe
668 368 807 427 consumi.
843 366 916 427 lluio
931 366 1033 445 generi
1048 366 1109 427 inn-

113 451 274 513 tilissimum
295 448 428 510 balneum
448 458 507 520 est;
535 451 694 528 lectiones,
718 451 1002 529 exercitationesque
1023 468 1109 531 supe·

113 536 199 596 rioris
222 534 311 612 partis
327 535 529 604 necessariae;
554 536 621 594 item
638 537 788 596 unctiones
802 536 1022 614 frictionesque.
1058 533 1110 595 ldis

114 617 250 699 perfundi
270 616 391 695 frigida,
416 619 526 696 atqne'
517 637 546 677 ιιι
562 619 663 679 eadem
678 629 792 689 natare;
815 619 963 680 canalibus
978 619 1109 697 ejusdam

89 703 263 779 csubjicere
278 710 306 761 et
324 701 526 761 stomachum
517 721 629 781 ipsum,
648 713 677 764 ει
695 706 788 781 magis
803 705 888 763 etiam
905 722 922 764 a
938 702 1065 781 scapulis
1080 702 1110 762 id

114 787 192 888 quod
216 794 316 846 contra
335 784 512 845 stomachum
535 795 594 856 est;
618 787 811 848 consistere
802 806 830 846 ιιι
851 787 964 865 frigidis
984 787 1108 847 medica-

113 874 210 950 tisque
235 869 378 946 fontibus,
409 870 510 948 quales
535 868 700 932 Cutiliarum
727 869 1009 951 Simbruinarumque
1035 879 1108 947 sunt,

116 954 243 1014 salutare
259 963 313 1014 est.
343 951 406 1015 cibi
425 971 541 1033 quoque
557 956 720 1016 assumendi
735 964 801 1015 sunt
815 955 928 1034 frigidi,
946 956 995 1034 qui
1011 955 1108 1035 potius

117 1037 270 1099 difficulter
287 1047 521 1117 concoquuntur,
538 1057 622 1117 quam
640 1038 727 1101 facile
744 1041 888 1101 vitiantur.
920 1037 1002 1117 Ergo
1020 1039 1108 1118 pleri·

82 1140 189 1202 mque,
216 1125 265 1201 qui
287 1122 356 1181 nihil
378 1123 454 1182 aliud
476 1139 662 1204 concoquere
684 1132 822 1204 possunt,
845 1122 980 1184 bubulam
1001 1138 1108 1184 conco·

114 1213 213 1287 quunt.
236 1205 282 1265 lix
294 1223 350 1283 quo
363 1206 462 1283 colligi
474 1215 583 1285 potest,
598 1226 693 1288 neque
705 1226 798 1286 avem,
810 1226 905 1287 neque
916 1209 1108 1284 venationem,

112 1307 210 1369 neque
233 1291 344 1368 piscem
372 1290 433 1350 dari
454 1290 584 1368 debere,
618 1293 673 1351 nisi
700 1294 818 1371 generis
849 1293 982 1353 durioris.
1026 1291 1109 1352 Potui

115 1375 231 1455 quidem
247 1375 424 1453 aptissimum
443 1383 489 1434 εει
502 1377 597 1434 vinnm
612 1376 762 1454 frigidum,
785 1376 834 1436 vel
851 1385 931 1437 certe
948 1377 1023 1436 bene
1039 1375 1109 1436 cali·

114 1460 198 1534 dum,
227 1475 388 1535 meracum,
421 1460 599 1536 potissimum
624 1460 781 1537 rheticum,
812 1461 861 1520 vel
887 1460 1108 1538 allobrogicum,

79 1567 103 1607 ιε
115 1542 251 1617 aliudve,
274 1542 351 1621 qnod
375 1551 404 1601 et
418 1551 564 1602 austerum
580 1553 610 1603 ει
624 1545 719 1605 resina
736 1546 880 1605 conditum
896 1545 945 1610 sit:
967 1546 992 1604 si
1009 1544 1037 1607 id
1052 1559 1110 1602 non

115 1636 178 1703 est,
202 1644 286 1705 qoam
302 1626 506 1705 asperrimum,
525 1629 707 1707 maximeque
725 1631 876 1706 signinam.
911 1631 941 1688 Si
957 1628 1038 1689 cibus
1053 1643 1110 1686 non

115 1711 294 1787 continetur,
318 1711 411 1770 denda
433 1728 522 1788 aqua,
549 1720 578 1770 et
600 1711 761 1772 eliciendus
784 1713 898 1790 plenior
912 1713 1035 1772 vomitus
1053 1719 1109 1786 est,

114 1797 275 1872 iterumque
295 1793 404 1855 dandus
426 1793 522 1862 cibus:
553 1803 582 1853 et
605 1803 663 1855 tum
683 1796 879 1856 admovendae
903 1796 1013 1856 dnobus
1037 1793 1110 1853 infra

116 1878 292 1939 stomachum
319 1879 415 1956 digitis
442 1878 655 1954 cucurbitulae,
683 1879 781 1958 ibique
807 1879 917 1940 duabus
945 1889 992 1940 aut
1019 1877 1110 1936 tribus

79 1962 195 2026 achoris
220 1963 412 2023 continendae
434 1970 508 2021 ειιιιι.
549 1963 579 2022 Si
600 1964 682 2023 simul
706 1973 735 2022 et
756 1966 879 2023 vomitus
900 1973 928 2022 et
949 1962 1034 2024 dolor
1054 1971 1109 2037 est,

114 2047 288 2125 imponenda
310 2065 396 2125 supra
420 2047 598 2107 stomachum
620 2057 665 2107 est
683 2049 747 2108 lena
763 2048 895 2123 succida,
922 2048 970 2106 vel
989 2046 1110 2124 spongia

116 2149 154 2190 ex
169 2140 272 2207 aceto,
291 2131 339 2191 vel
356 2132 547 2209 cataplasma,
561 2132 637 2210 quod
650 2133 823 2209 refrigeret:
843 2133 1025 2210 perfricanda
1038 2145 1109 2189 vero

113 2233 172 2275 non
195 2215 259 2291 diu,
280 2216 334 2274 sed
354 2216 541 2275 vehementer
555 2216 673 2277 brachia
689 2226 718 2276 et
733 2235 832 2293 crura,
857 2224 885 2275 et
901 2214 1109 2277 calefacienda.

116 2301 146 2360 Si
162 2299 228 2378 plus
243 2299 353 2359 doloris
370 2308 431 2374 est,
445 2300 522 2360 'infra
540 2302 711 2378 praecordia
728 2311 850 2380 quatuor
865 2301 961 2378 digitis
979 2297 1110 2359 cucurbi-

79 2384 174 2443 actula
192 2382 327 2443 utendum
344 2393 401 2450 est:
427 2393 455 2442 ει
469 2387 598 2462 protinus
615 2385 723 2445 dandus
744 2388 825 2464 panis
838 2403 875 2444 ex
888 2402 979 2462 posca
990 2381 1109 2460 frigida:

117 2469 141 2526 si
158 2483 214 2527 non
230 2468 386 2543 continuit,
404 2478 472 2546 post
486 2472 622 2528 vomitum
639 2470 706 2528 leve
721 2470 829 2549 aliquid
846 2470 947 2547 exiis,
964 2486 1038 2546 quae
1053 2482 1111 2525 non

117 2551 210 2611 aliena
232 2552 383 2611 stomacho
402 2554 473 2613 sint:
495 2554 519 2612 si
536 2572 572 2612 ne
590 2555 617 2613 id
634 2555 748 2632 quidem
763 2555 869 2629 tenuit,
893 2552 998 2630 singuli
1015 2550 1110 2626 cyathi

116 2636 191 2711 vini,
212 2635 332 2712 singulis
356 2637 532 2713 interpositis
547 2638 644 2714 horis,
668 2639 762 2698 donec
780 2637 943 2698 stomachus
962 2638 1109 2697 consistat.

118 2717 228 2778 Valens
245 2721 328 2780 etiam
346 2720 583 2781 medicamentum
599 2731 644 2780 est
654 2723 801 2782 radiculae
816 2741 935 2781 succus:
957 2721 1109 2792 valentius,

82 2802 194 2862 caecidi
213 2804 306 2880 punici
324 2804 406 2878 mali,
423 2823 484 2863 cum
502 2806 662 2882 parimodo
683 2808 778 2883 succi,
796 2807 842 2884 qni
859 2823 897 2864 ex
912 2804 989 2864 dulci
1005 2803 1111 2880 punico

118 2884 193 2945 malo
210 2895 269 2962 est
293 2888 408 2963 adjecto
426 2890 509 2947 etiam
526 2889 615 2948 intubi
630 2907 741 2966 succo
765 2898 794 2949 et
812 2898 942 2962 mentae
959 2887 1011 2946 sed
1027 2887 1110 2962 hujus

115 2972 228 3029 minima
254 2981 350 3047 parte;
376 2972 478 3049 quibus
500 2973 689 3050 tantumdem,
713 2936 845 3051 qbantom
869 2974 897 3030 in
917 2971 961 3030 his
980 2968 1110 3029 omnibus

116 3063 178 3130 εει,
208 3073 301 3133 aquae
322 3055 444 3132 frigidae
468 3074 551 3133 quarn
577 3059 702 3136 optimae
722 3059 874 3124 miscetur;
902 3054 930 3113 id
952 3055 1026 3113 enim
1046 3052 1111 3129 plus

117 3157 201 3216 quam
222 3141 317 3198 vinum
341 3139 376 3198 nd
394 3140 635 3239 comprimendum
652 3140 828 3199 stomachum
848 3147 955 3218 potest.
991 3135 1111 3215 Suppri-

80 3239 106 3280 ιε
118 3223 237 3282 mendas
254 3232 348 3283 autem
363 3226 486 3283 vomitus
503 3234 563 3297 εει,
580 3226 628 3302 qui
646 3243 700 3303 per
714 3243 747 3283 se
760 3226 847 3305 venit,
860 3223 923 3284 etsi
935 3237 1043 3281 nausea
1056 3228 1109 3278 est.

116 3306 175 3367 Sed
197 3309 221 3366 si
244 3309 357 3367 coacuit
380 3310 453 3367 intus
472 3310 569 3385 cibus,
594 3318 640 3368 aut
657 3309 844 3386 computruit,
870 3324 988 3385 quorum
1006 3313 1111 3364 utrum·

116 3390 187 3450 libet
207 3401 306 3451 ructus
327 3393 468 3470 ostendit,
494 3395 727 3470 ejiciendusest;
751 3393 956 3472 protinusque,
978 3378 1110 3450 cibisas·

116 3474 216 3534 sumtis
231 3476 349 3548 iisdem,
373 3495 447 3557 quos
463 3480 595 3556 proxime
612 3478 711 3557 posui,
727 3477 892 3538 stomachus
907 3473 1109 3535 restituendus.
