2414 3924
536 189 751 253 ..62-

226 334 306 394 aliud
328 335 482 413 optimum.
519 334 618 412 ipsum
641 334 816 412 sanguinem
838 333 940 411 accipe
959 339 990 393 et
1011 330 1155 393 combure

138 430 168 484 et
199 423 277 484 sacto
309 422 432 502 pulvere
464 423 611 482 nescienti
643 421 766 482 naribus
797 421 891 502 inice,
923 423 949 481 si
979 420 1018 481 de
1051 420 1155 482 dextra

136 511 259 572 dextrae
283 513 308 571 si
331 511 367 572 de
391 512 512 571 sinistra
535 518 636 572 manet
658 512 805 571 sinistrae.

226 591 315 660 aliud¹
338 599 418 679 quod
450 598 609 659 Galenus
641 601 673 659 in
705 617 760 660 sua
788 598 993 677 therapeutice
1021 597 1078 658 hoc
1108 605 1156 659 est

109 687 220 750 alibris
253 691 442 750 curationum
478 687 543 748 fieri
580 689 740 767 praecepit.
775 689 817 746 .si
853 686 891 747 de
927 688 1048 747 sinistra
1073 704 1154 747 nare

137 778 258 857 sanguis
286 777 467 858 decurrerit,
499 775 686 836 cucurbitam
713 777 933 837 tenacissimam
960 774 1052 835 multe
1086 793 1155 836 cum

136 866 252 925 tlamma
276 865 372 945 spleni
395 863 621 945 conglutinabis
658 867 685 925 si
707 864 744 925 de
768 864 890 945 dextra,'
915 865 995 942 epati
1017 863 1155 924 similiter

137 972 276 1033 appones
956 1001 979 1007 ..
1005 957 1006 961 ’

225 1042 304 1104 aliud
333 1045 358 1103 si
387 1043 510 1103 chronia
537 1042 630 1103 fuerit
656 1044 754 1122 passio
783 1041 812 1102 id
838 1048 885 1102 est
906 1040 989 1119 longi
1010 1043 1154 1120 temporis

97 1148 123 1188 ιο
137 1138 167 1191 et
190 1133 278 1192 nimis
306 1149 453 1210 aquosum
479 1139 510 1193 et
532 1137 654 1191 tenuem
681 1131 791 1192 videris
819 1130 886 1190 fieri
913 1131 1101 1211 sanguinem,
1129 1132 1155 1191 si

137 1228 236 1280 tamen
264 1219 372 1280 solutio
402 1227 564 1300 spontanea
591 1221 705 1280 ventris
732 1220 853 1280 minime
881 1217 1046 1298 obstiterit,
1076 1225 1154 1278 cata-

136 1310 217 1387 potia
245 1307 370 1369 Galeni
398 1311 537 1388 superius
565 1310 596 1368 in
623 1310 761 1387 passione
790 1309 896 1387 capitis
923 1309 1035 1386 scripta
1062 1305 1155 1386 dabis,

137 1404 168 1457 et
191 1396 348 1458 humorem
369 1415 425 1476 per
447 1403 584 1458 ventrem
605 1396 761 1477 purgabis,
784 1404 815 1456 et
838 1395 999 1474 sanabitur.

337 1555 440 1618 XXXI.
476 1556 524 1617 ad
547 1555 716 1636 polypum
739 1564 775 1621 et
798 1573 958 1616 ozaenas.

97 1696 123 1737 15
226 1678 373 1758 Utrasque
397 1681 566 1760 passiones,
593 1677 624 1740 id
647 1687 694 1740 ost
715 1678 856 1759 polypum
879 1686 911 1739 et
932 1695 1057 1739 ozaenas
1080 1696 1154 1757 quas

137 1785 192 1846 nos
211 1769 322 1828 fetores
341 1769 617 1847 nariumdicimus,
635 1769 835 1829 communiter
856 1765 1080 1828 medicamentis
1104 1767 1153 1829 de-

138 2046 144 2058 ·
209 1981 223 2028 1
243 1974 381 2045 optimum
391 1992 427 2045 p:
446 1991 497 2031 om.
513 1992 527 2031 c
541 1975 586 2044 (cf.
604 1975 678 2030 Pete.
696 1973 801 2045 optime
815 1972 885 2057 fecis
904 1973 928 2057 si
940 2013 950 2056 .·
966 2016 972 2028 .
989 2017 994 2029 .
1010 1973 1152 2057 excipias).

135 2064 233 2171 tatu
252 2065 277 2170 i·
295 2045 1154 2198 nunniti...tit·31t.¹¹.ui¹fftcut.⁸¹.it¹0u

135 2187 236 2268 burepe
257 2189 287 2242 et
304 2186 398 2270 ipsum
415 2188 561 2312 pulverem
582 2187 706 2272 nutricet}
723 2188 798 2269 (εἰμ’
810 2188 952 2270 nescrente
973 2186 1061 2255 Peto.)
1080 2188 1152 2273 nari·

134 2257 187 2311 bus
205 2257 325 2312 msuffla.
370 2276 395 2313 s1
437 2259 723 2328 os1grstro(scc)pm
745 2260 867 2328 ngrstro.
904 2274 929 2312 sa
952 2256 987 2312 de
1011 2258 1104 2313 destro
1123 2277 1153 2314 m

136 2327 231 2382 destro
245 2329 425 2397 paimeic'tet·
443 2328 538 2397 Pete).
571 2329 607 2396 cf.
628 2329 679 2384 Tu.
696 2329 787 2384 Prisc.
807 2329 839 2397 I,
858 2333 906 2385 12.
978 2330 1088 2397 Mitem
1103 2332 1152 2399 12)

135 2415 241 2487 galieni
258 2433 291 2486 ep
309 2417 385 2485 (Gal.
406 2417 449 2487 X,
469 2423 532 2474 316.
570 2417 605 2484 cf.
621 2416 712 2486 XIV,
726 2422 802 2486 338).
862 2417 906 2471 in
924 2434 975 2473 suu
992 2417 1090 2487 pedico
1108 2422 1154 2474 inre

132 2505 162 2557 p,
181 2487 211 2542 in
230 2504 281 2543 sue
298 2487 423 2558 puen'cia
440 2489 634 2558 therapeutice
653 2506 675 2544 c.
775 2490 830 2544 hoc
849 2491 893 2544 est
910 2503 937 2544 c:
956 2489 975 2543 i.
995 2487 1035 2557 (id
1053 2492 1107 2558 est)
1121 2506 1152 2560 p.

135 2564 151 2614 6
171 2558 282 2614 sinistro
301 2575 324 2628 c,
343 2559 456 2630 sigistro
470 2575 501 2629 p.
610 2566 626 2614 6
650 2560 791 2615 decurerit
815 2562 879 2629 (eie)
901 2575 928 2614 c:
955 2561 1108 2616 cucurrerit
1121 2578 1151 2630 p.

136 2630 263 2700 't‘spleni
281 2647 307 2686 c:
327 2637 386 2701 epae
396 2648 420 2700 p
439 2631 519 2702 (spl’e
533 2632 588 2701 12⁰).
661 2632 759 2687 dextro
774 2648 797 2700 c,
815 2632 909 2686 destro
921 2647 950 2699 p.
1023 2631 1153 2687 similiter

134 2735 260 2790 appones
283 2720 361 2790 epati
381 2738 411 2790 p.
463 2718 466 2723 ’
515 2719 636 2775 annue
654 2719 679 2774 si
697 2719 793 2776 cronio
811 2736 837 2774 c:
858 2719 888 2775 Si
904 2709 985 2791 3¹:51²
1004 2720 1047 2790 (iu
1064 2737 1150 2790 moro.

134 2807 221 2863 Aliud
239 2808 263 2863 si
281 2793 343 2866 iios
356 2810 411 2879 ρο).
486 2815 519 2865 10
537 2808 620 2864 nimis
633 2826 669 2879 p:
688 2809 806 2864 nimium
825 2826 847 2865 c.
924 2827 967 2879 eq.
985 2809 1152 2878 sanguinem

134 2882 164 2935 et
181 2882 201 2936 t.
220 2879 324 2936 videris
343 2882 404 2951 (om.
424 2880 495 2950 fieri)
512 2897 541 2949 p.
642 2879 686 2935 Sit
702 2885 740 2934 no
759 2883 824 2950 (pro
843 2880 868 2935 si
884 2882 927 2934 tm
940 2881 974 2963 p)
993 2896 1016 2934 c.
1118 2886 1150 2934 11

133 2957 191 3007 ime
210 2968 233 3022 p
255 2954 299 3019 (iu
321 2969 408 3024 moro.
427 2958 475 3022 μοι
498 2951 544 3007 el'.
567 2957 655 3007 mime
679 2977 713 2998 =
736 2952 770 3021 c).
879 2951 1022 3008 obstiterit
1039 2967 1076 3021 p:
1104 2952 1152 3006 ao

135 3021 264 3078 stinuerit
287 3041 308 3080 c.
417 3022 576 3093 ceieputies
592 3065 598 3078 .
614 3065 620 3078 .
636 3066 642 3079 .
658 3024 777 3093 scriptos
799 3039 833 3092 ep
857 3021 949 3093 (dabis
972 3022 1093 3092 scriptas
1118 3027 1151 3092 c).

136 3100 168 3148 13
188 3094 335 3150 humorem
348 3112 384 3164 p:
404 3111 483 3150 -ree
502 3111 524 3149 c.
611 3095 756 3150 sonabitur
774 3111 801 3150 c:
821 3093 934 3149 sanabis
949 3110 979 3163 p.
1054 3099 1088 3148 14
1106 3094 1151 3148 Ad

133 3165 262 3235 polipum
284 3169 314 3222 et
337 3182 450 3222 osennae
473 3179 510 3220 cm
527 3171 560 3220 31
586 3182 601 3221 c
623 3169 667 3233 (in
689 3167 748 3221 iod.
768 3181 847 3235 capp.
890 3164 935 3219 Ad
953 3163 1153 3234 pulippnm‘et

134 3252 249 3292 eternas
265 3241 310 3306 p):
329 3253 379 3292 om.
394 3254 417 3306 p
437 3238 498 3306 (poi
513 3238 608 3306 primo
625 3241 715 3294 wotos
734 3237 816 3291 verbo
838 3236 978 3305 Utrasque
997 3267 1032 3277 -
1052 3252 1151 3291 cernas

133 3308 266 3366 rubricae.
284 3311 375 3364 instar
397 3309 504 3377 repetit)
523 3309 559 3375 cf.
578 3307 642 3363 Gai.
661 3308 745 3377 (cup.)
764 3306 859 3374 XIV,
883 3312 947 3363 336.
987 3307 1037 3362 Tit.
1059 3307 1149 3363 Prot.

120 3379 166 3445 «Ι,
185 3383 227 3435 11.
339 3381 508 3447 tentetque
527 3395 548 3434 c.
621 3378 750 3449 pulipnm
774 3379 803 3433 et
824 3394 920 3434 sernas
934 3394 974 3447 p,
996 3377 1102 3448 pulipis
1122 3382 1153 3434 et

133 3465 232 3504 ozerne
251 3467 273 3505 c.
348 3457 381 3505 16
400 3450 504 3506 fetores
520 3465 553 3519 p:
571 3449 649 3506 ieme
668 3449 777 3520 (fetore)
797 3465 818 3506 c.
