2414 3924
447 218 517 265 mu.
534 218 583 264 111.
600 217 674 264 CAP.
689 218 735 264 VI.

454 439 639 498 CAPUT
675 440 740 498 VI.

260 553 366 613 Quando
383 553 499 618 potiones
516 553 715 602 febricitantibus
732 552 786 602 dari
804 554 931 618 expediat.

158 706 217 766 Sed
235 705 271 764 de
288 704 354 763 cibo
372 703 485 781 quidem
503 703 617 762 facilior
636 721 699 761 cum
721 706 818 779 aegris
840 706 913 764 ratio
940 713 999 781 εει,
1025 721 1096 782 quo·

96 810 158 850 rum
174 807 264 867 saepe
280 787 443 848 stomachus
458 786 534 845 buno
549 788 669 864 respuit,
686 789 796 845 etiamsi
807 806 887 846 mens
901 790 1096 866 concupiscit:

71 875 132 934 sde
148 875 267 951 potione
284 888 354 930 vero
376 873 479 947 ingens
495 888 590 947 pugna
609 878 668 936 est:
694 887 789 947 eoque
805 873 914 948 magis,
932 889 989 949 qno
1005 872 1098 946 major

97 957 186 1016 febris
203 962 256 1014 εει.
286 953 366 1013 llaec
387 956 460 1011 cuim
475 955 548 1012 sitim
564 952 711 1026 accendit,
735 964 764 1012 et
786 964 843 1013 tum
858 958 980 1014 maxime
997 971 1098 1032 aquam

97 1041 204 1116 exigit,
228 1056 312 1116 quum
336 1038 384 1096 illa
408 1038 653 1114 periculosissima
675 1046 729 1095 est.
760 1038 818 1096 Sed
840 1038 988 1097 docendus
1008 1055 1098 1112 aeger

97 1133 158 1198 est,
181 1121 226 1180 ubi
245 1121 336 1179 febris
357 1121 515 1197 quieverit,
538 1121 667 1196 protinus
690 1121 763 1178 sitim
785 1138 901 1198 quoque
923 1123 1097 1199 quieturam;

97 1207 317 1282 longioremque
333 1205 533 1262 accessionem
551 1203 632 1276 fore,
658 1203 774 1279 siquod
791 1206 818 1262 ei
836 1204 930 1264 datum
945 1205 1031 1263 fuerit
1049 1203 1098 1264 ali·

63 1311 88 1352 to
97 1297 236 1348 mentum:
254 1290 293 1346 ita
311 1286 436 1345 celerius
455 1305 518 1346 eum
534 1286 666 1344 desinere
684 1288 780 1362 sitire,
797 1288 844 1364 qui
861 1305 917 1346 non
930 1287 1011 1346 bibit.
1041 1286 1098 1346 Ne·

98 1390 183 1431 cesse
200 1379 245 1429 εει
262 1378 373 1444 tamen,
394 1379 500 1447 quanto
517 1370 631 1429 facilius
648 1370 732 1429 etiam
748 1374 809 1429 sani
825 1372 944 1446 famem,
962 1389 1045 1449 qnam
1062 1371 1099 1430 sl·

99 1458 146 1514 tim
168 1455 323 1527 sustinent,
341 1461 421 1511 tanto
437 1455 528 1530 magis
551 1453 647 1528 aegris
671 1454 698 1511 in
722 1454 857 1530 potione,
881 1471 965 1531 qnam
987 1453 1099 1514 inoibo

97 1537 259 1613 indulgere.
291 1536 349 1595 Sed
371 1537 463 1613 primo
479 1535 593 1614 quidem
614 1535 659 1594 die
682 1536 777 1595 nullus
797 1536 898 1596 bumor
919 1538 980 1598 dari
1002 1538 1099 1613 debet,

97 1623 152 1680 nisi
173 1619 266 1678 subito
291 1621 333 1678 sic
357 1636 448 1678 venae
471 1619 672 1693 conciderunt,
696 1630 725 1679 ut
745 1619 826 1679 cibus
841 1638 956 1699 quoque
975 1621 1036 1680 dari
1051 1621 1099 1680 de·

65 1729 88 1769 15
100 1704 181 1763 beat:
199 1702 327 1762 secundo
344 1719 426 1776 vero,
445 1705 608 1781 ceterisque
627 1704 721 1777 etiam,
740 1703 842 1781 quibus
859 1704 939 1762 cibus
952 1722 1009 1763 non
1021 1704 1099 1763 dabi-

98 1797 159 1860 tnr,
175 1795 287 1860 tamen,
304 1787 328 1843 si
343 1803 445 1861 magna
463 1786 524 1844 sitis
539 1785 671 1861 urgebit,
691 1790 770 1864 potio
787 1787 847 1846 dari
865 1796 971 1866 potest.
1002 1787 1047 1845 Ac
1063 1805 1100 1845 ne

100 1868 175 1928 illud.
189 1869 302 1946 quidem
323 1868 358 1928 ab
380 1868 535 1928 Heraclide
559 1869 714 1928 Tarentino
736 1869 841 1929 dictum
864 1872 976 1929 ratione
1006 1879 1099 1929 caret:
1170 1893 1174 1898 ·

99 1952 147 2011 ubi
163 1961 210 2011 ant
224 1951 290 2010 bilis
308 1970 442 2027 aegrum,
461 1961 507 2011 aut
524 1951 648 2010 cruditas
663 1953 737 2011 male
754 1952 857 2031 habet,
875 1953 1014 2032 expedire
1031 1971 1100 2029 quo·

100 2053 157 2113 qne
173 2053 226 2112 per
242 2035 370 2094 modicas
388 2036 522 2112 potiones
537 2035 652 2094 misceri
669 2052 772 2094 novam
787 2039 1100 2114 materiaecorruptae

63 2143 89 2182 ao
100 2119 154 2198 (cf.
169 2115 222 2192 lV,
243 2119 304 2196 li).
336 2117 409 2177 lllud
425 2118 578 2177 videndum
591 2127 651 2190 est,
673 2129 702 2178 ut
719 2121 813 2198 qualia
828 2127 958 2198 tempor'a
975 2119 1041 2178 cibo
1059 2119 1100 2177 le-

99 2210 221 2279 guntur,
245 2202 310 2260 talia
329 2203 438 2278 potioni
457 2219 587 2279 quoque,
605 2201 651 2260 ubi
665 2205 726 2262 sine
742 2205 793 2263 illo
808 2205 903 2277 datur,
923 2204 1099 2279 deligantur:

99 2294 147 2345 ant
170 2297 254 2362 quum
276 2302 393 2360 aegrum
418 2284 542 2344 dormire
567 2288 730 2364 cupiemns;
752 2287 827 2366 quod
845 2287 908 2346 fere
926 2288 987 2346 sitis
1004 2286 1100 2363 probi·

98 2368 158 2426 bet.
186 2368 261 2426 Satis
279 2376 371 2426 autem
395 2370 545 2444 convenit,
568 2388 652 2446 quum
669 2370 799 2429 omnibus
815 2369 1041 2430 febricitantibus
1059 2370 1100 2428 ni-

100 2453 172 2509 mius
186 2450 289 2510 bnmor
305 2450 413 2509 alienus
430 2453 483 2527 sit,
503 2462 560 2511 tum
576 2456 734 2531 praecipue
750 2472 815 2512 esse
832 2454 960 2528 feminis,
976 2471 1049 2531 quac
1064 2471 1101 2512 ex

64 2559 90 2598 ιε
102 2544 184 2611 partu
201 2535 228 2591 in
245 2534 343 2593 febres
360 2534 529 2593 inciderunt.

164 2616 223 2675 Sed
239 2635 323 2693 quum
337 2626 469 2695 tempora
490 2619 555 2678 cibo
573 2622 741 2698 potionique
757 2619 848 2678 febris
871 2631 900 2679 et
923 2623 1101 2681 remissionis

101 2702 173 2759 ratio
191 2700 249 2774 det,
267 2709 383 2758 nonest
401 2703 645 2779 expeditissimum
662 2705 756 2776 scire,
779 2704 892 2780 quaudo
908 2723 998 2782 aeger
1014 2705 1101 2764 febri·

102 2785 181 2857 citet,
199 2782 312 2860 quando
328 2783 430 2842 melior
445 2787 491 2860 sit,
511 2787 624 2863 qnando
642 2787 772 2851 deficiat:
790 2788 851 2844 sine
867 2787 969 2863 quibus
987 2789 1100 2865 dispen-

101 2868 158 2926 sari
188 2866 237 2925 illa
258 2884 315 2925 non
342 2878 472 2944 possunt.
503 2871 593 2927 Venis
626 2870 683 2945 (sc.
707 2869 853 2946 arteriis)
878 2873 952 2928 enim
980 2872 1102 2929 maxime

66 2951 261 3025 noredinus,
283 2950 485 3010 fallacissimae
501 2953 560 3019 rei:
584 2953 649 3030 quia
672 2970 761 3030 saepe
784 2954 854 3010 istae
877 2951 1004 3010 leniores
1025 2953 1100 3011 cele-

100 3035 232 3092 rioresve
250 3042 324 3108 sunt,
344 3043 371 3092 et
386 3043 491 3108 aetate,
508 3044 537 3092 et
554 3053 637 3109 sexu,
654 3044 682 3092 et
698 3051 852 3112 corporum
867 3042 981 3093 natura:
999 3045 1027 3092 et
1039 3034 1101 3110 ple·

101 3135 219 3195 rumque
242 3119 311 3176 satis
334 3134 404 3176 sano
422 3134 565 3196 corpore,
589 3119 613 3174 si
628 3116 793 3176 stomachus
810 3118 936 3176 infirmus
953 3125 1013 3189 est,
1031 3133 1100 3174 non·

101 3218 251 3278 numquam
268 3203 352 3260 etiam
367 3201 523 3278 incipiente
538 3201 631 3275 febre,
648 3200 769 3258 subeunt
786 3208 815 3258 ει
826 3201 990 3276 quiescunt;
1007 3208 1036 3256 nt
1053 3199 1101 3255 im·

102 3283 227 3343 becillus
243 3286 267 3343 is
281 3285 372 3342 videri
388 3287 496 3362 possit,
514 3287 559 3343 cui
577 3283 663 3343 facile
682 3283 773 3342 laturo
788 3286 887 3359 gravis
903 3285 986 3341 instat
1002 3297 1100 3340 acces·

66 3385 93 3427 as
104 3369 157 3426 sio.
189 3366 294 3427 Contra
313 3386 403 3445 saepe
425 3385 475 3426 eas
492 3370 616 3428 concitat
632 3376 660 3425 ει
677 3365 738 3441 sol,
760 3376 790 3425 et
804 3365 953 3440 balneum,
974 3375 1003 3423 et
1019 3381 1101 3423 exer·

105 3452 212 3526 citatio,
230 3461 259 3510 ει
273 3460 374 3527 metus,
390 3461 418 3509 et
435 3453 487 3527 ira,
506 3462 534 3511 et
548 3451 667 3530 quilibet
683 3450 756 3509 alius
773 3452 856 3509 animi
875 3450 1012 3509 allectus:
1028 3447 1102 3507 adeo
