2416 3936
481 222 726 287 4143-

91 365 280 446 flebotomes,
308 367 350 425 ita
376 371 410 426 ut
438 384 507 426 cum
534 366 672 428 diviseris
700 386 804 428 renam
836 372 1011 448 sanguinem
1043 389 1111 432 cur-

91 464 210 517 rentem
241 456 392 534 inspicias,
437 454 518 534 quod
551 457 577 516 si
608 459 780 536 apparuerit
811 459 896 537 niger
924 466 955 519 et
983 477 1110 534 crassus,

91 551 298 625 competenter
326 542 465 604 detrahes
493 553 638 623 quantum
665 547 744 606 vires
770 547 865 625 ipsius
895 546 1057 608 laborantis
1080 557 1112 609 et

91 653 180 696 causa
209 641 240 694 et
268 641 348 693 aetas
376 639 407 692 et
434 636 579 713 temporis
602 641 634 693 et
660 636 791 714 regionis
819 635 945 714 qualitas
969 638 1110 715 exegerit.

91 734 121 785 et
143 724 272 784 maxime
295 723 327 782 in
351 720 522 800 spleneticis
545 721 613 783 talis
633 725 753 802 sanguis
776 724 952 785 ostenditur.
990 727 1016 785 si
1039 741 1136 785 veros

92 831 126 872 ex
151 813 302 872 contrario
325 810 419 871 flavus
442 818 473 871 et
496 813 596 871 tenuis
619 814 791 891 apparuerit
810 815 943 893 sanguis,
966 815 1109 874 continuo

90 897 254 962 abstinebis
281 907 311 960 et
334 899 408 960 nibil
435 902 556 960 omnino
585 900 737 983 detrahes,
767 901 820 962 sed
844 908 959 963 tantum
983 901 1110 963 diaetam

90 992 155 1052 eius
179 987 345 1069 ordinabis,
368 988 399 1048 id
422 997 470 1049 est
491 991 568 1049 ritae
592 988 738 1070 regulam,
766 1008 842 1069 quae
866 1008 925 1050 non
949 990 1033 1052 inflet
1056 989 1110 1052 sed

90 1081 184 1158 magis
212 1085 348 1138 ventrem
376 1077 487 1139 molliat
515 1078 589 1138 cibis
619 1079 744 1138 manime
772 1081 933 1140 consuetis.
975 1079 1055 1158 quod
1083 1081 1110 1140 si

90 1170 212 1228 minime
236 1167 343 1226 iecerit
365 1174 514 1247 ventrem,
538 1175 657 1246 oportet
678 1169 757 1228 inter
780 1169 863 1228 initia
881 1168 963 1228 molli
982 1168 1150 1249 clysterem

89 1256 254 1336 deducere,
277 1257 437 1315 novissime
460 1272 531 1315 vero
555 1257 672 1316 acriori.
716 1264 747 1317 et
770 1275 786 1316 a
809 1259 942 1336 porcinis
966 1256 1107 1318 carnibus

89 1344 300 1407 abstinendum
329 1352 360 1404 et
386 1342 422 1404 ab
450 1342 590 1406 omnibus
618 1362 693 1423 quae
721 1345 858 1407 similiter
885 1348 1108 1408 tenacissimum

90 1434 135 1494 vel
159 1451 295 1494 crassum
323 1433 480 1494 humorem
503 1435 642 1494 nutriunt
665 1443 695 1495 et
718 1435 892 1513 digestionis
914 1435 1016 1497 tardae
1040 1451 1107 1496 esse

87 1521 263 1602 probantur.
305 1523 373 1581 vino
396 1540 467 1582 vero
491 1523 635 1583 utendum
659 1526 743 1584 tenui
767 1531 798 1583 et
820 1523 886 1583 albo
911 1532 941 1584 et
964 1524 1108 1585 mediocri

88 1613 200 1672 virtute
223 1609 333 1689 calido,
361 1617 391 1671 et
414 1610 553 1670 omnibus
572 1611 739 1673 volatilibus
761 1619 881 1691 praeter
903 1613 952 1673 illa
976 1631 1051 1692 quae
1075 1613 1148 1672 into

89 1718 165 1779 aqua
184 1706 350 1760 nascuntur
368 1707 399 1759 et
417 1699 550 1778 piscibus
569 1700 785 1779 digestibilibus
802 1702 968 1762 molliorem
987 1718 1108 1762 carnem

88 1786 268 1849 habentibus
301 1796 332 1847 et
363 1787 436 1848 nihil
468 1789 499 1849 in
532 1806 564 1849 se
602 1792 695 1849 crassi
733 1789 867 1850 humoris
900 1789 1107 1850 retinentibus.

90 1880 178 1938 etiam
207 1885 237 1937 et
260 1876 446 1937 salsamentis
470 1885 501 1937 et
524 1878 620 1957 sinapi
643 1879 687 1937 uti
710 1885 841 1958 oportet,
869 1885 899 1938 et
926 1876 1032 1939 diebus
1056 1876 1107 1937 ali·

88 1968 209 2045 quantis
238 1974 268 2026 et
295 1965 343 2025 dia
370 1968 449 2026 trion
476 1983 628 2046 pepereon
656 1965 821 2025 antidotum
848 1967 881 2025 in
905 1965 1106 2044 magnitudine

88 2055 173 2114 labae
202 2056 322 2114 maioris
350 2057 500 2133 aegyptiae
530 2073 598 2114 cum
628 2053 721 2113 calida
749 2061 816 2114 ante
845 2072 935 2114 unam
958 2054 1004 2114 vel
1032 2053 1105 2114 duas
1121 2070 1166 2126 oo-

88 2143 178 2203 horas
208 2144 388 2203 accessionis
415 2143 494 2203 dare.
539 2151 592 2203 aut
614 2149 696 2203 certe
719 2142 886 2203 antidotum
910 2142 988 2221 quod
1012 2142 1106 2202 Fila-

88 2234 191 2310 grius
215 2233 409 2311 synpepticon
437 2231 629 2312 lexopyreton
652 2231 821 2311 appellarit,
850 2231 986 2292 similiter
1015 2231 1107 2311 dabis,

88 2330 141 2382 aut
159 2319 336 2400 diaspoliten
348 2320 607 2381 medicamentum.
635 2328 686 2381 aut
703 2323 790 2400 piper
809 2319 905 2380 solum
925 2339 994 2382 oum
1014 2320 1107 2381 calida

162 2480 176 2527 1
196 2472 392 2528 flebotomabis
411 2490 452 2542 op.
543 2480 558 2527 2
579 2474 711 2544 inspicias
729 2491 755 2530 c:
782 2473 904 2543 aspicies
918 2490 950 2542 p.
1040 2480 1056 2527 3
1076 2475 1106 2527 et

88 2570 122 2617 ca
136 2579 174 2632 p,
193 2562 230 2616 vl'
250 2569 297 2617 ces
316 2578 338 2617 o.
428 2550 898 2634 4eitemporisp‚ez1²)meo.
988 2561 1107 2630 exigerit

87 2635 135 2688 vel
153 2634 310 2689 ostenderit
319 2650 349 2701 p.
423 2634 489 2688 bei
501 2649 551 2688 om.
566 2651 607 2702 op.
681 2634 874 2690 hostendibur
888 2664 921 2672 —
938 2634 975 2703 (6)
993 2633 1107 2702 sanguis

87 2722 138 2760 om.
158 2722 180 2761 c.
255 2704 430 2760 iretinebie·
437 2722 467 2774 p.
541 2703 574 2775 ὃς
591 2707 634 2760 tm
653 2705 743 2760 dietas
762 2707 821 2761 eius
841 2722 867 2760 o.
886 2721 912 2770 c,
932 2705 981 2759 sed
1000 2703 1107 2758 dietam

86 2775 353 2902 &pguetupippsagcn
372 2793 400 2831 c:
418 2777 596 2915 tdldlrbldmsip'v
626 2775 920 2916 nappisfeccppipeygcm‘l)
937 2778 1107 2901 ciocldldbbebi

86 2918 190 2973 deduci
207 2934 230 2973 c.
322 2924 354 2971 13
379 2934 500 2973 crossum
527 2935 567 2987 op.
661 2925 694 2972 14
715 2920 935 2988 comprobentur
949 2935 979 2988 p.
1073 2921 1106 2970 15

86 2992 118 3044 et
139 2989 177 3043 ab
202 2989 331 3044 omnibus
351 3006 381 3057 p.
492 2995 525 3044 16
548 2989 662 3044 mollem
686 3006 717 3058 p.
827 2996 860 3045 18
886 2990 973 3045 etiem
1001 3005 1051 3045 oot.
1075 3005 1106 3057 p.

86 3063 117 3115 et
136 3063 211 3129 (onte
229 3060 338 3127 diebus)
357 3076 407 3114 ooo.
427 3076 470 3128 cp.
557 3067 590 3114 19
610 3062 639 3114 ei
657 3062 731 3129 (coto
749 3061 806 3132 dia)
828 3078 854 3116 c:
881 3078 931 3115 ono.
948 3077 977 3128 p.
1064 3059 1106 3129 pi-

86 3147 192 3201 pereon
211 3148 251 3200 cp.
325 3137 360 3186 20
378 3131 397 3186 f.
413 3130 553 3200 egiptiace
570 3131 685 3186 maioris
699 3149 730 3200 p.
804 3149 867 3186 cum
882 3130 976 3185 calide
989 3145 1105 3198 equap.

86 3202 133 3257 vel
150 3202 222 3256 dues
241 3201 421 3257 accessiones.
439 3204 443 3271 Ι
459 3201 521 3256 oms
536 3204 601 3272 (pro
620 3204 693 3269 ores)
708 3219 739 3271 p.
790 3209 823 3256 21
844 3202 912 3256 dere
930 3217 980 3256 ooo.
1000 3216 1022 3254 c.
1073 3202 1107 3254 ut

87 3275 163 3328 certe
182 3272 229 3328 vel
247 3273 307 3342 (ul’)
326 3274 383 3329 ani.
404 3291 425 3329 e.
517 3273 659 3344 filagricus
677 3289 719 3341 cp.
801 3279 834 3326 22
854 3270 1011 3341 sinpeptico
1030 3269 1106 3325 lexo-

87 3345 180 3414 peties
195 3361 231 3413 p,
254 3344 378 3414 sinpepti
401 3344 494 3401 celebs
518 3345 619 3416 opitios
638 3361 660 3399 o.
769 3342 928 3414 appellavit
947 3360 983 3412 p:
1010 3342 1106 3413 eppei·

87 3415 176 3470 letum
199 3433 222 3471 c.
330 3420 364 3470 23
388 3414 557 3486 diaspoliten
579 3433 607 3486 c,
630 3414 787 3471 dieboliten
806 3431 829 3486 p
852 3414 1028 3486 (diaspoliten
1051 3416 1106 3484 12⁰).

90 3487 149 3540 solia
169 3487 303 3555 (solutum
321 3493 386 3542 ante
404 3489 486 3557 corr.)
506 3504 533 3542 c:
552 3503 603 3543 om.
618 3504 649 3556 p.
