2414 3924
434 239 503 288 Lm.
519 241 590 287 VIII.
614 240 689 289 GAP·
705 241 775 289 XVI.

418 460 615 523 CAPUT
653 463 769 525 XVI.

473 575 510 624 De
526 576 608 626 cubito
620 576 715 628 luxato.

159 726 192 786 ln
207 726 306 786 cubito
321 737 414 786 autem
429 729 482 787 tria
496 728 576 786 coire
592 744 676 802 ossa,
694 727 814 803 humeri,
833 725 922 803 radii,
947 735 976 786 ot
999 727 1092 792 cubiti¹
1195 781 1203 801 ,a

97 811 206 889 ipsius,
223 812 323 883 exiis,
341 828 415 888 quae
438 813 526 890 prima
543 819 624 888 parte
638 809 722 886 hujus
736 809 888 870 volumInis
905 811 997 889 posita
1011 820 1086 888 sunt,

74 893 220 970 sintelligi
237 894 336 972 potuit.
365 895 395 953 Si
411 894 535 968 cubitus,
549 895 596 973 qui
613 911 742 953 annexus
761 893 880 953 humero
897 902 956 971 est,
977 893 1012 953 ab
1030 895 1088 955 hoo

99 977 215 1052 excidit,
228 976 341 1052 radius,
357 978 405 1054 qui
426 978 578 1053 adjunctus
594 986 654 1054 est,
677 977 817 1037 interdum
838 977 973 1053 trahitur,
1000 979 1086 1038 inter·

98 1060 162 1121 dum
177 1059 315 1119 subsistit.
343 1059 375 1119 ln
392 1078 491 1120 omnes
504 1078 575 1119 vero
593 1071 714 1140 quatuor
730 1069 829 1139 partes
849 1061 987 1120 excidere
1009 1062 1086 1121 cubi·

96 1154 142 1204 tus
158 1152 256 1222 potest
271 1143 325 1223 (cl.
340 1144 428 1223 Hipp.
447 1143 495 1203 De
511 1145 598 1205 artic.
613 1145 635 1218 ς
653 1146 690 1204 17
703 1144 800 1223 sqq.):
824 1144 894 1221 sed,
926 1146 950 1203 si
966 1145 994 1202 in
1009 1147 1086 1222 prio·

97 1247 159 1287 rem
178 1227 332 1306 prolapsus
349 1236 413 1302 est,
430 1237 575 1287 extentum
593 1227 740 1288 brachium
760 1236 819 1303 est,
842 1246 937 1306 neque
951 1246 1086 1289 recurva·

65 1321 157 1375 rotun:
175 1313 199 1369 si
217 1313 245 1370 in
263 1312 466 1389 posteriorem,
482 1311 629 1371 brachium
652 1329 769 1371 curvum
788 1321 849 1385 est,
872 1330 966 1391 neque
987 1322 1086 1372 exten·

97 1395 188 1471 ditur,
204 1395 380 1473 breviusque
399 1395 491 1455 altero
508 1404 566 1464 est;
585 1395 726 1454 interdurn
743 1394 870 1469 febrem,
894 1398 1086 1475 vomitumque

96 1478 162 1538 bilis
176 1487 286 1538 movet:
303 1480 326 1537 si
349 1479 377 1536 in
393 1479 586 1555 exteriorem,
607 1480 828 1554 interioremve,
850 1477 996 1538 brachium
1019 1497 1088 1558 por·

96 1570 206 1623 rectum
221 1571 281 1636 est,
311 1561 363 1620 sed
379 1561 494 1640 paulum
511 1563 539 1621 in
555 1571 755 1640 campartem,
785 1581 801 1621 a
823 1580 877 1642 qua
901 1579 934 1621 os
951 1566 1085 1638 recessit,

95 1655 286 1706 recurvatum.
321 1645 466 1724 Quidquid
482 1645 590 1722 incidit,
614 1645 774 1724 reponendi
795 1646 868 1704 ratio
883 1663 937 1704 una
956 1655 1015 1714 est;
1038 1664 1086 1705 ne·

62 1760 85 1800 15
96 1748 152 1809 que
168 1731 197 1787 in
215 1728 311 1787 cubito
327 1737 451 1804 tantum,
468 1727 520 1788 sed
539 1731 568 1787 in
584 1727 713 1788 omnibus
735 1746 851 1808 quoque
873 1729 1007 1788 membris
1025 1728 1085 1789 lon·

95 1816 156 1891 gis,
185 1829 258 1889 quae
282 1829 335 1889 per
358 1813 508 1871 articulum
532 1812 618 1889 longa
640 1821 716 1871 testa
732 1814 905 1888 junguntur:
936 1822 1086 1890 utrumque
1190 1823 1193 1830 '

95 1894 250 1956 membrum
266 1895 293 1953 in
308 1894 439 1955 diuersas
464 1905 562 1973 partes
577 1895 747 1968 extendere,
765 1895 860 1955 donec
875 1896 996 1973 spatium
1012 1898 1087 1955 inter

97 1997 163 2040 ossa
181 1978 301 2038 liberum
317 1978 367 2045 sit;
391 1978 493 2038 tamid
517 1996 568 2054 os,
585 1978 662 2058 quod
684 1979 809 2051 excidit,
834 1978 870 2038 ab
889 1997 923 2038 ea
935 1987 1037 2056 parte,
1059 1981 1087 2037 in

96 2081 178 2142 qnam
201 2062 369 2140 prolapsum
393 2072 458 2139 est,
475 2064 503 2120 in
525 2064 696 2122 contrariam
716 2062 878 2138 impellere,
906 2061 1085 2121 Extendendi

59 2158 186 2207 adtamen
204 2145 259 2205 alia
280 2155 366 2224 atquc
386 2145 441 2205 alia
466 2164 575 2223 genera
599 2155 680 2223 sunt,
703 2152 789 2223 prout
811 2155 857 2204 aut
877 2147 958 2203 nervi
977 2145 1086 2220 ualent,

94 2240 141 2290 aut
159 2247 226 2289 ossa
249 2229 305 2288 huo
326 2228 433 2289 illucve
457 2249 490 2288 se
514 2230 663 2289 dederunt.
695 2229 740 2288 Ac
763 2229 848 2288 modo
869 2227 998 2289 manibus
1015 2228 1087 2288 solis

94 2313 229 2373 utendum
245 2320 297 2386 est,
313 2313 400 2372 modo
416 2315 556 2391 quaedam
571 2313 626 2373 alia
643 2312 814 2373 adhibenda.
830 2311 921 2389 Ergo,
938 2313 961 2370 si
973 2313 1000 2370 ln
1010 2312 1086 2390 prio·

93 2415 155 2454 rern
171 2405 279 2473 partem
297 2395 410 2456 cubitus
427 2398 581 2474 prolapsus
604 2407 666 2472 est,
691 2396 805 2455 extendi
830 2413 883 2473 per
903 2395 976 2455 duos
999 2395 1086 2455 mani·

94 2479 164 2552 bus,
187 2480 327 2538 interdum
349 2481 434 2538 etiam
460 2481 581 2540 habenis
603 2480 735 2556 adjectis,
753 2482 821 2538 satis
837 2487 897 2537 est:
915 2479 1019 2538 deinde
1040 2495 1086 2538 ro·

48 2581 84 2622 st
95 2561 209 2620 tondum
225 2561 332 2642 aliquid
346 2581 362 2622 a
379 2563 481 2623 lacerti
499 2574 580 2641 parte
596 2564 758 2640 ponendum
775 2572 835 2639 est,
852 2571 880 2621 et
895 2581 985 2642 super
998 2562 1026 2623 id
1042 2581 1086 2621 re·

95 2653 181 2722 pente
197 2644 308 2705 cubitus
326 2644 362 2704 ad
377 2645 524 2706 humerum
540 2647 734 2724 impellendus
751 2656 803 2705 est.
833 2647 872 2706 m
888 2648 915 2706 in
933 2647 997 2706 aliis
1014 2646 1086 2705 oasi-

93 2729 146 2787 bus
164 2728 425 2788 commodissimum
444 2740 489 2788 est
504 2731 606 2789 eadem
623 2731 735 2789 ratione
751 2729 899 2789 brachium
915 2729 1086 2802 extendere,

87 2829 167 2890 ‘quae
181 2811 274 2870 fracto
291 2811 412 2870 humero
428 2830 515 2890 supra
534 2814 626 2889 posita
642 2822 703 2888 est,
722 2822 751 2872 et
772 2822 829 2872 tum
848 2829 915 2872 ossa
931 2829 1086 2890 reponere.
1184 2864 1190 2875 .

93 2895 215 2971 Reliqua
232 2896 342 2952 curatio
362 2895 463 2954 eadem
483 2905 543 2971 est,
560 2898 678 2973 quaein
701 2895 840 2954 omnibus.
874 2894 1008 2954 Celerius
1027 2904 1086 2953 tan·

59 2988 160 3053 autum,
177 2987 206 3036 et
221 2978 337 3055 saepius
356 2978 384 3037 id
397 2978 602 3037 resolvendum
617 2988 676 3047 est;
692 2979 781 3038 multo
797 2979 889 3053 magis
904 2994 977 3055 aqua
993 2976 1087 3036 calida

93 3060 263 3129 lovendurn;
279 3061 383 3120 diutius
403 3080 440 3121 ex
458 3061 526 3120 oleo
546 3072 575 3120 et
590 3063 664 3120 nitro
685 3079 720 3120 ac
735 3061 797 3120 sale
812 3059 1036 3138 perfricandum.
1055 3059 1088 3118 ln

95 3145 191 3204 cubito
209 3147 283 3203 enim
299 3144 443 3219 celerius,
461 3163 544 3222 quam
560 3147 588 3204 ln
602 3143 662 3203 ullo
680 3144 736 3203 alio
754 3143 894 3218 articulo,
919 3145 982 3202 sive
1004 3152 1088 3202 extra

94 3230 245 3305 remansit,
269 3229 331 3287 sive
351 3230 426 3288 intus
448 3229 586 3303 revertit,
610 3228 702 3287 callus
722 3225 928 3296 circumdatur:
944 3227 1045 3303 isque,
1063 3227 1088 3284 si

95 3330 148 3390 per
165 3313 290 3391 quietem
312 3312 449 3387 increvit,
469 3311 562 3372 llexus
580 3311 656 3370 illius
671 3320 775 3391 postea
790 3309 936 3388 prohibet.
