2414 3924
118 207 139 271 8
377 215 427 264 nn
448 214 512 263 mn
533 213 666 264 naama
688 212 763 261 cae.
779 212 826 261 rv.

118 358 176 421 bus
190 355 338 418 simillima
353 353 507 424 animalia,
522 355 552 414 in
568 354 615 415 his
628 353 766 414 homines
781 354 982 421 concrevisse,
999 354 1092 415 letus-

120 461 178 523 que
199 441 235 504 ad
251 440 439 521 pubertatem
459 440 538 500 intus
552 445 685 500 retentos
700 444 771 498 tunc
787 437 906 498 demum
922 439 1020 518 ruptis
1035 437 1094 501 illis

118 530 199 589 viros
219 525 419 603 mulieresque
443 525 494 604 qui
522 525 580 584 iam
600 522 645 583 sel
654 521 734 584 alere
754 531 877 601 possent
896 524 1093 600 processisse.

120 609 317 691 Empedocles
337 616 436 671 autem
458 609 579 686 egregio
599 625 654 668 suo
676 608 821 677 carmine,
844 608 924 685 quod
946 609 1095 670 eiusmodi

121 715 187 758 asse
212 694 366 774 praedicat
388 693 559 762 Lucretius,
589 700 627 752 ut
652 693 708 753 vix
734 692 890 752 humana
916 692 1128 754 videatura

87 793 104 843 8
122 781 244 859 stirpe
265 786 430 845 creatus,
451 776 509 838 tale
530 776 668 856 quiddam
690 777 854 838 confirmat.
884 777 982 855 primo
997 796 1094 838 mem·

121 865 177 926 bra
192 863 308 943 singula
324 881 358 923 ex
375 870 455 922 terra
471 862 555 941 quasi
570 870 731 940 praegnata
745 863 857 940 passim
873 861 966 931 edita,
985 863 1096 924 deinde

123 950 218 1011 coisse
240 956 269 1009 et
290 947 424 1009 effecisse
447 945 533 1007 solidi
554 946 683 1007 hominis
704 946 859 1006 materiam
880 947 941 1025 igni
956 945 1046 1007 simul
1068 955 1096 1009 et

122 1034 221 1096 umori
235 1033 423 1112 permixtam.
451 1036 550 1091 cetera
566 1030 635 1110 quid
651 1047 775 1092 necesse
791 1038 837 1091 est
851 1033 1000 1110 persequi,
1018 1050 1096 1111 quae

121 1136 183 1180 non
204 1118 323 1197 capiant
342 1114 564 1177 similitudinem
587 1115 735 1176 veritatis?
768 1115 842 1176 haec
866 1114 970 1176 eadem
992 1117 1096 1194 opinio
1114 1127 1146 1177 td

123 1204 211 1264 etiam
231 1203 263 1261 in
278 1199 455 1261 Parmenide
469 1199 580 1260 Veliate
601 1200 657 1260 luit
671 1199 806 1278 pauculis
824 1201 955 1278 exceptis
970 1200 1008 1260 ab
1024 1201 1097 1262 Em·

90 1284 246 1364 opedocle
281 1284 430 1346 dissensio.
477 1283 644 1345 Democrito
670 1302 740 1344 vero
767 1283 924 1346 Abderitae
955 1303 993 1345 ex
1019 1302 1098 1365 aqua

122 1369 253 1447 limoque
278 1371 409 1449 primum
435 1368 529 1428 visum
554 1386 619 1429 esse
646 1369 782 1430 homines
808 1375 991 1449 procreatos.
1038 1388 1097 1431 nec

122 1453 211 1532 longe
244 1471 331 1515 secus
361 1452 524 1531 Epicurus:
562 1454 588 1512 is
616 1455 694 1514 enim
721 1453 848 1514 credidit
872 1452 943 1514 limo
969 1453 1098 1515 calfacto

125 1546 226 1600 uteros
246 1539 348 1599 nescio
369 1554 445 1616 quos
465 1536 619 1599 radicibus
633 1545 732 1598 terrae
755 1538 949 1600 cohaerentes
963 1539 1098 1617 primum
1116 1548 1146 1599 rt

123 1622 287 1684 increvisse
303 1630 332 1683 et
345 1620 508 1683 infantibus
524 1640 560 1682 ex
575 1640 608 1682 se
632 1622 717 1683 editis
732 1623 895 1701 ingenitum
910 1621 995 1684 lactis
1010 1641 1098 1684 umo-

125 1726 191 1769 rem
212 1713 319 1769 natura
339 1707 525 1768 ministrante
546 1706 734 1786 praebuisse,
759 1725 834 1788 quos
849 1710 888 1768 ita
909 1708 1052 1769 educatos
1069 1716 1100 1769 et

77 1809 110 1860 10
127 1791 246 1855 adultos
261 1809 355 1871 genus
370 1791 524 1853 hominum
548 1809 738 1871 propagasse.
769 1792 869 1853 Zenon
886 1792 1009 1863 Citieus,
1026 1794 1098 1853 stoi·

125 1894 177 1939 cae
198 1885 298 1938 sectae
319 1876 470 1946 conditor,
496 1878 677 1955 principium
699 1877 828 1937 humano
844 1879 948 1957 generi
968 1896 1005 1938 ex
1020 1894 1099 1939 novo

124 1961 236 2023 mundo
257 1961 449 2022 constitutum
469 1962 596 2038 putavit,
625 1962 796 2041 primosque
816 1961 954 2022 homines
974 1980 1012 2022 ex
1032 1961 1098 2023 solo
1115 1972 1145 2023 tt

125 2044 306 2107 adminiculo
329 2045 419 2105 divini
439 2046 531 2124 ignis,
560 2045 591 2106 id
612 2053 656 2107 est
676 2046 723 2107 dei
743 2047 943 2126 providentia,
971 2047 1098 2125 genitos.

74 2140 105 2189 11
125 2131 253 2209 denique
267 2131 354 2192 etiam
372 2126 459 2208 v'ulgo
475 2124 620 2191 creditum
637 2138 695 2201 est,
717 2138 749 2192 ut
763 2130 899 2211 plerique
916 2128 1100 2210 genealogoe

125 2223 262 2277 auctores
283 2224 367 2285 sunt,
395 2215 581 2294 quarundam
603 2217 751 2294 gentium,
780 2234 854 2295 quae
876 2234 912 2277 ex
932 2215 1098 2276 adventicia

125 2300 217 2380 stirpe
233 2317 295 2361 non
311 2301 382 2370 sint,
408 2299 559 2377 principes
574 2301 739 2379 terrigenas
755 2318 835 2371 csse,
858 2307 890 2362 ut
909 2301 940 2360 in
956 2300 1053 2360 Attica
1070 2308 1100 2360 et

124 2384 251 2446 Arcadia
277 2382 504 2462 Thessaliaque,
536 2401 646 2464 eosque
676 2385 892 2446 autochthonas
917 2387 1096 2445 vocitarunt.
1115 2393 1144 2444 25

124 2470 155 2528 in
176 2468 259 2529 ltalia
288 2467 397 2548 [pocta
418 2467 546 2550 cecinit]
567 2469 719 2550 Nymphas
744 2469 957 2548 indigenasque
977 2469 1098 2531 Faunos

124 2569 249 2613 nemora
265 2552 410 2631 quaedam
427 2555 558 2616 tenuisse
580 2572 641 2615 non
663 2553 781 2615 difficile
802 2554 884 2615 rudis
906 2553 1099 2632 antiquorum

195 2775 217 2822 1.
229 2772 443 2837 sociusquedV
502 2774 526 2822 2.
539 2774 768 2837 punenraremD
836 2776 860 2825 3.
872 2787 937 2823 urno
949 2772 983 2831 D,
996 2775 1101 2823 coraci

125 2842 150 2893 h.
171 2841 274 2897 lucret,
293 2841 312 2890 I
329 2843 384 2892 733
454 2843 479 2890 7.
497 2854 643 2906 pueqnare
660 2843 693 2903 D,
712 2843 867 2907 pregnante
889 2843 916 2892 V
982 2841 1023 2892 11.
1043 2841 1099 2891 Ve-

125 2960 194 3010 liate
216 2960 378 3026 Ratqersius,
408 2906 615 3020 uentd{?u¹·³e(‘ll)l,
645 2958 692 3010 uel
715 2960 744 3009 in
768 2963 854 3010 storto
876 2961 911 3019 V,
943 2957 1100 3008 Veliensis*

125 3028 223 3078 Iahnua
291 3025 449 3092 enpebocne
467 3031 526 3080 nV
591 3030 631 3078 12.
649 3027 815 3078 dissensisse
833 3028 886 3078 dV
953 3027 1100 3091 14.i01v9i

126 3092 147 3158 (i
159 3098 185 3145 in
197 3095 301 3158 rus.)D
354 3094 495 3147 calefacto
514 3097 563 3147 dV
629 3096 669 3145 16.
681 3107 817 3162 tnqentum
829 3096 888 3144 DV
935 3094 1103 3143 umoneDV

125 3164 166 3216 18.
190 3162 297 3212 Citieus
318 3161 429 3224 latum,
453 3178 506 3215 mot
524 3178 582 3216 erus
600 3164 639 3223 D,
658 3163 799 3215 tioieteius
817 3164 842 3227 d,
861 3161 990 3213 tieteiuvs
1010 3161 1100 3221 (eraso

124 3229 150 3294 s)
172 3229 197 3278 V
203 3245 209 3291 ς
233 3228 393 3280 scribendum
409 3232 510 3283 videtur
527 3231 647 3286 Cilicius
717 3232 758 3283 19.
781 3244 890 3280 nououo
907 3231 933 3278 B
1002 3230 1044 3280 20.
1067 3245 1102 3279 ex

124 3297 183 3349 solo
202 3296 260 3358 dV,
281 3311 368 3347 exoro
385 3298 411 3346 Ι)
479 3303 521 3355 21.
540 3296 598 3366 dei]
618 3298 648 3349 di
669 3299 696 3348 V
762 3301 802 3348 tt.
823 3296 993 3365 genealogoe
1011 3297 1101 3346 Lacla-

123 3380 238 3429 mannas,
250 3379 439 3430 qeneonoqtae
451 3368 507 3417 DV
574 3369 617 3418 24.
630 3367 779 3434 terriginas
795 3366 821 3415 V
887 3367 929 3416 25.
942 3364 1102 3416 aurocrho·

124 3447 177 3482 nas
189 3434 228 3496 D,
248 3432 350 3483 antheo
362 3436 443 3484 tonas
459 3434 485 3484 V
551 3437 712 3488 vocitarunt
723 3434 907 3493 buchananus,
921 3445 1101 3484 coornantur

123 3499 179 3548 DV
245 3501 287 3552 26.
306 3499 438 3565 svmphaa
454 3501 481 3552 D
