2414 3924
497 223 702 288 rnnnra'rro.
1074 240 1111 289 x1

86 392 199 475 7028)
221 395 270 473 qui
293 392 444 453 manifesto
466 394 559 454 eidem
574 392 697 454 familiae
715 396 912 455 accensendus
932 400 974 456 est
990 397 1036 457 cui
1052 398 1110 458 duo

83 478 207 556 priores.
239 477 292 537 Vix
310 483 353 537 est
367 477 444 555 quod
458 493 608 546 moneam,
628 477 766 537 orationis
781 476 929 539 Celsianee
944 484 1110 541 contextum

84 560 320 622 constituendum
342 576 405 620 esse
425 559 520 620 trihus
538 560 583 620 his
604 559 767 629 codicibus,
791 561 898 638 quippe
920 563 969 640 qui
991 562 1111 642 reliquis

82 641 171 719 longe
185 643 284 720 plures
299 643 447 703 continent
461 643 749 720 egregias-lectiones
760 641 909 722 multoque
923 645 1110 722 paucioribus

82 726 230 802 deturpati
254 731 321 786 sunt
348 724 469 786 mendis.
514 724 570 795 Qui
597 727 670 786 duos
696 727 810 803 priores
836 729 975 797 excussit,
1005 729 1108 808 Targa,

82 811 152 869 satis
181 807 258 870 bene
285 826 407 870 munere
438 827 491 869 suo
521 810 637 869 iunctus
666 826 728 869 esse
757 809 884 878 videtum
923 810 1110 873 nihssominus

80 897 179 952 tamen
201 891 324 952 multum
344 893 466 952 interest
485 899 518 952 ut
538 892 633 952 denuo
654 891 1009 968 inspiciantur‚‚adhibita
1030 898 1109 955 omni

80 973 130 1034 illa
146 976 330 1036 accuratione
348 993 382 1035 ac
400 973 510 1035 cautela
526 993 613 1052 quam
630 975 709 1035 hisee
726 974 817 1036 rebus
831 976 1000 1052 impendere
1015 977 1109 1039 solent

79 1065 199 1118 nostrae
221 1059 321 1119 aetatis
336 1058 389 1117 viri
404 1059 482 1118 docti
504 1057 549 1135 (de
564 1075 669 1135 quare
681 1057 838 1135 praecipue
852 1059 957 1118 videsis
970 1059 1108 1122 linthium

79 1160 107 1199 v.
131 1142 179 1201 dd.
202 1143 231 1201 in
255 1143 356 1202 eximia
383 1141 562 1219 praefatione
584 1141 620 1200 ad
643 1141 833 1220 Suetonium).
877 1141 938 1202 Nec
958 1145 1036 1203 omni
1056 1161 1108 1222 spe

80 1224 234 1286 destitutus
253 1243 318 1285 sum
339 1224 402 1285 lore
419 1223 618 1302 utaliquando
638 1225 790 1284 nanciscar
815 1241 919 1285 noram
937 1223 1042 1287 horum
1058 1246 1107 1287 co·

79 1307 178 1368 dicum
200 1307 380 1368 collationem
402 1308 480 1367 omni
502 1325 558 1384 qua
578 1307 666 1366 hodie
688 1324 761 1385 opus
784 1315 827 1368 est
855 1324 925 1369 cura
950 1316 1106 1386 peractam.

78 1390 194 1469 Reliqui
215 1391 344 1459 codices,
371 1409 431 1450 non
454 1397 573 1468 excepto
594 1390 683 1450 Paris.
709 1390 806 1460 6864,
834 1391 870 1451 ad
896 1408 971 1451 saec.
992 1392 1042 1452 XV
1063 1394 1107 1453 rel

79 1472 186 1554 ΧΨ)
203 1473 349 1534 referendi
370 1481 451 1543 sunt,
477 1475 568 1552 etqui
584 1474 673 1533 hosce
688 1474 803 1534 codices
825 1482 981 1535 exararunt
995 1475 1107 1537 lihrarii

78 1691 191 1742 volebat
206 1693 307 1758 Targa.
343 1690 410 1742 Cum
426 1693 583 1743 MediceoI
607 1692 751 1742 consentit.
786 1692 819 1739 In
834 1691 906 1742 Med.
924 1693 938 1742 1
955 1699 1018 1759 post
1035 1695 1106 1746 haec

76 1757 177 1808 verba:
201 1774 280 1823 supra
296 1774 408 1808 nmmum
424 1765 534 1808 uentrem
552 1757 607 1822 (IV,
627 1756 717 1823 2031).
738 1754 794 1820 146,
814 1756 857 1821 24)
876 1764 1026 1873 εθέωιιήιιι·
1041 1760 1105 1811 illa:

75 1825 235 1886 subjicienda
249 1830 306 1875 aaut
322 1823 378 1887 (IV,
391 1825 437 1886 273
455 1841 481 1890 p.
498 1824 552 1887 154,
566 1821 595 1888 6)
613 1824 691 1888 qnasi
708 1823 778 1872 nihil
797 1823 877 1872 desit.
932 1825 1046 1890 uppleta
1064 1833 1106 1877 est

75 1891 179 1940 lacuna
200 1906 234 1941 ea
257 1907 274 1941 a
295 1891 410 1942 Nicolao
432 1891 538 1941 Nicolo.
574 1890 606 1939 In
630 1890 706 1939 codd.
725 1890 797 1939 Med.
816 1890 831 1938 I
849 1894 877 1939 et
892 1889 956 1939 Vct.
974 1891 1041 1941 VIII
1058 1892 1104 1942 de-

76 1962 142 2007 sunt
158 1958 228 2007 haec
245 1957 344 2008 rerba:
374 1973 404 2007 ne
421 1972 570 2008 succurrere
588 1958 684 2021 quidem
700 1960 784 2005 atatim
806 1955 855 2005 sibi
873 1963 982 2019 posenni
1000 1956 1042 2020 (V,
1061 1958 1102 2021 27,

77 2023 123 2086 11;
142 2040 173 2138 p
192 2023 248 2086 204,
270 2023 310 2085 13)
334 2039 420 2089 usque
439 2025 473 2073 ad
491 2024 553 2074 illa:
581 2022 733 2072 insanabiles
749 2025 913 2086 reperiuntur
936 2020 977 2085 (V,
997 2021 1038 2087 28,
1060 2024 1104 2086 123

75 2108 103 2155 p.
123 2090 139 2138 2
157 2089 180 2152 3,
200 2090 252 2153 21).

144 2154 172 2224 ⁸),
191 2157 245 2206 Hic
265 2158 350 2207 codex
371 2172 515 2221 numquam
538 2163 620 2206 antea
644 2170 773 2207 excusans
798 2160 871 2218 erat,
899 2157 1008 2206 etiamsi
1032 2157 1103 2206 doct.

73 2225 133 2273 Des
155 2225 260 2288 Etange
288 2239 349 2274 eum
375 2224 565 2289 perlustravit;
599 2225 763 2274 varietatem
786 2226 879 2272 temen
904 2221 1033 2273 lectionis
1057 2239 1104 2274 no-

74 2296 137 2339 tare
155 2290 286 2355 neglexit.
322 2290 474 2340 Dolendnm
498 2296 540 2340 est
563 2305 660 2341 revera
684 2290 754 2353 quod
776 2289 962 2340 tantummodo
986 2289 1105 2340 lacinias

73 2356 121 2407 vel
149 2356 266 2407 selectos
290 2372 305 2406 e
331 2355 411 2407 Celso
437 2357 512 2406 locos
536 2358 672 2418 continet,
704 2356 813 2405 etiamsi
840 2354 924 2405 multo
952 2355 1040 2420 major
1068 2357 1106 2406 sit

73 2425 171 2474 harum
187 2423 351 2474 lucinianum
369 2424 449 2488 copia
468 2438 547 2487 quam
566 2439 580 2472 e
597 2424 697 2472 notitia
715 2421 837 2487 catalogi
858 2421 990 2471 Biblioth.
1008 2424 1104 2488 regiae

75 2489 208 2554 colligere
225 2490 301 2539 licet.
331 2488 427 2539 Modus
446 2505 497 2553 quo
515 2490 586 2539 haec
604 2491 761 2554 fragmenta
779 2503 808 2537 se
826 2489 946 2539 invicem
965 2490 1106 2554 excipiunt
1142 2499 1144 2503 ’

75 2558 150 2606 omni
162 2557 254 2606 ordine
268 2561 357 2617 caret,
378 2561 460 2620 atque
472 2557 584 2621 insuper
595 2555 724 2606 nonnulla
738 2556 772 2605 ab
786 2554 850 2604 aliie
863 2554 994 2620 capitulis
1008 2555 1105 2605 avulsa

75 2627 152 2684 sunt,
166 2623 229 2673 aliis
241 2623 396 2685 subjuncta.
427 2623 557 2684 Quemvis
570 2623 680 2672 easdem
694 2621 842 2672 exhibeant
854 2621 969 2671 lacunas
983 2637 1016 2672 ac
1030 2621 1103 2672 codi-

75 2705 122 2739 ces
134 2690 256 2755 integros
269 2688 344 2738 Celsi
355 2689 439 2739 libros
453 2691 637 2752 continentes,
651 2688 737 2738 nihilo
750 2690 839 2738 mInus
851 2689 944 2753 magni
956 2687 1104 2738 faciendae

73 2760 138 2806 sunt
155 2757 208 2806 hoe
226 2756 359 2815 laciniam
389 2769 493 2804 summa
513 2771 578 2805 cura
596 2757 625 2804 in
643 2755 767 2805 omnibus
783 2754 853 2805 locis
870 2755 960 2804 dubiis
978 2755 1042 2804 inde
1060 2769 1105 2804 ex-

75 2824 166 2887 cerpsi
183 2824 276 2873 varias
293 2822 436 2871 lectiones.
473 2821 537 2871 Cod.
556 2821 730 2884 Bodleyanus
748 2822 798 2869 724
816 2820 913 2885 (Laud.
925 2822 948 2869 Ε
967 2820 1010 2883 55)
1029 2836 1103 2871 saec.

72 2891 138 2939 XIV
159 2890 278 2953 scriptus
303 2892 353 2937 est.
390 2887 520 2937 Continet
537 2889 722 2938 tantummodo
744 2892 850 2952 partem
874 2888 964 2951 operis
983 2886 1105 2936 Celsiani

74 2971 146 3020 quae
159 2955 325 3020 chirurgiam
337 2958 454 3018 spectat,
475 2969 509 3003 ac
526 2956 682 3019 plerumque
696 2969 753 3002 cum
766 2954 906 3003 inferioris
924 2957 1006 3003 notae
1026 2952 1104 3002 codd„

61 3023 221 3072 ‘consentit

140 3085 179 3150 ³⁹³)
197 3090 282 3138 Immo
294 3088 416 3138 nonnulli
436 3104 450 3137 e
466 3088 544 3137 libris
561 3090 633 3152 typis
653 3089 788 3150 expressis
807 3087 968 3150 transcripti
986 3100 1046 3135 esse
1063 3087 1104 3134 vi-

74 3155 180 3205 dentur.
210 3155 277 3204 Inde
291 3170 308 3204 a
319 3159 451 3205 renovato
464 3169 538 3204 saec.
552 3154 601 3202 XV
612 3153 754 3202 literarum
767 3152 856 3202 studio
869 3152 968 3201 multoe
985 3151 1112 3210 lectores,

73 3219 285 3282 habuitOelsus3
299 3237 348 3286 per
356 3223 492 3286 integrum
498 3219 687 3271 reremedium
694 3233 791 3266 aerum
801 3218 859 3267 fere
870 3218 915 3280 abj
919 3222 996 3266 ectus
1003 3216 1103 3278 jacuit.

73 3287 218 3338 Affirmere
231 3303 337 3352 quoque
349 3287 416 3337 licet
433 3288 503 3337 hunc
521 3288 680 3351 scriptorem
698 3284 830 3334 oblivioni
848 3284 969 3334 deditum
989 3297 1049 3332 esse
1067 3285 1104 3332 si·

74 3354 212 3419 mutatque
231 3356 392 3418 opus'suum
410 3355 631 3418 conscripsisset;
662 3351 729 3401 adeo
747 3365 848 3415 magna
868 3350 940 3414 apud
957 3350 1102 3410 Romanos,

73 3421 253 3485 regnantibus
271 3421 494 3485 imperatoribus,
514 3420 636 3484 pollebat
649 3419 815 3467 auctoritate
832 3416 969 3467 medicina
986 3430 1100 3482 graece;

72 3488 133 3551 ipsa
147 3488 233 3537 etiam
244 3503 334 3538 rerum
345 3488 451 3537 ratione
471 3487 581 3535 favente
598 3485 722 3551 perstitit
737 3483 849 3534 labente
868 3484 977 3549 imperii
987 3482 1044 3532 Ror
