2414 3924
543 221 761 286 ..92-

231 366 310 428 aliud
330 365 457 428 dicrcbu
480 365 685 429 electuarium.
721 384 840 430 murrae
859 368 941 429 croci
964 365 1000 428 ci
1019 368 1159 449 singulas,

142 455 287 535 amygdali
317 457 411 517 amani
438 470 473 518 ÷
499 455 526 538 l,
558 458 622 518 arvi
654 455 739 518 rubri
769 455 889 536 pollinis
920 469 955 518 ÷
989 455 1027 537 V,
1063 456 1160 517 mellis

142 544 311 624 despumati
335 545 414 624 quod
438 545 600 607 suffecerit.

232 632 311 695 aliud
330 634 468 713 pthisicis
486 641 518 694 et
535 634 661 693 maxime
680 632 717 694 de
737 632 867 694 thorace.
904 631 1005 713 butyri
1028 634 1160 694 recentis

103 736 116 777 s
143 729 245 801 partes
267 721 355 804 duas,
378 721 474 784 mellis
497 721 664 800 despumati
685 728 802 799 partem
826 739 915 783 unam
941 723 972 782 in
995 739 1056 782 unc
1080 740 1159 782 com·

143 809 283 871 miscebis
306 818 339 872 ct
360 810 466 871 exinde
489 807 572 871 dabis
595 807 776 870 coclearium
798 827 892 872 unum
914 811 1032 872 iciunis.

231 898 311 961 aliud
338 898 475 979 pthisicis
501 898 690 958 conveniens
732 897 777 960 lac
805 900 954 960 asininum
981 917 1036 959 seu
1065 903 1159 979 capri-

142 1004 215 1049 num
242 987 290 1049 vel
316 986 435 1050 ovillum
467 986 649 1066 tepefactum
681 1004 751 1048 cum
782 987 898 1049 modico
931 986 1018 1048 melle
1049 989 1159 1049 ieiunis

142 1078 228 1155 potui
251 1074 342 1137 dabis.
380 1082 503 1136 etcum
530 1073 626 1137 slmila
652 1075 794 1154 liquidius
813 1086 932 1139 coctum
950 1077 982 1137 in
1004 1074 1160 1155 pulmento

102 1175 129 1218 oo
143 1163 237 1225 dabis
277 1172 329 1225 sut
355 1165 488 1243 ptisanae
517 1181 585 1227 cum
613 1163 761 1243 capitibus
786 1182 948 1244 porrorum
976 1165 1022 1226 vel
1050 1165 1160 1245 butyro

142 1259 320 1314 concoctum
346 1251 485 1313 similiter
511 1252 604 1314 dabis.
644 1252 803 1331 aliquando
830 1252 1006 1314 admiscebis
1035 1262 1065 1314 et
1097 1273 1160 1314 mo·

142 1339 243 1401 dicum
262 1339 363 1402 mellis
385 1349 417 1402 ct
440 1342 484 1402 sie
507 1339 599 1402 dabis.

231 1429 319 1490 eliud.
361 1431 469 1509 agnina
500 1429 548 1490 sel
582 1429 707 1490 bacdina
742 1431 851 1511 capita,
882 1429 929 1490 vel
958 1429 1051 1509 pedes
1083 1449 1159 1510 quos

142 1517 290 1598 appellant
314 1516 530 1598 cepbalopcdas
553 1526 583 1579 et
609 1520 674 1598 ipsa
697 1517 787 1579 corda
810 1525 951 1579 concocta
975 1526 1006 1579 et
1028 1528 1160 1581 comesta

103 1622 128 1662 as
143 1607 267 1668 mirifice
282 1614 453 1686 operantur.
486 1608 565 1668 vires
584 1609 664 1669 enim
682 1606 833 1687 depositas
848 1606 1013 1687 plurimum
1031 1610 1159 1688 erigunt.

231 1694 313 1758 aliud
344 1694 382 1757 ad
412 1694 586 1757 tussiculam
619 1695 869 1758 medicamentum
901 1695 981 1775 quod
1011 1697 1159 1776 appellant

143 1783 190 1844 dia
213 1786 344 1864 prassiu,
366 1783 398 1845 id
421 1791 527 1845 estex
550 1783 716 1866 marrubio,
742 1783 879 1864 pthisicis
903 1787 1090 1846 conveniens.
1127 1793 1159 1845 ct

143 1873 301 1934 conficitur
322 1875 375 1934 sic.
410 1870 562 1934 marrubii
587 1871 698 1934 herbae
722 1873 880 1936 viridiset
906 1875 990 1953 ysopi
1014 1881 1044 1934 et
1065 1872 1158 1953 puleii

143 1963 229 2043 sicci,
256 1965 390 2024 omnium
416 1963 510 2023 trium
536 1973 571 2024 ÷
598 1959 697 2042 binas,
724 1963 778 2022 iris
805 1961 938 2042 illyricae
965 1977 999 2022 ÷
1027 1961 1054 2043 1,
1084 1971 1159 2022 stro·

50 2069 75 2108 o·
89 2063 129 2105 na
142 2048 219 2110 bilos
242 2052 352 2113 virides
375 2049 417 2124 11,
440 2067 534 2130 aquae
558 2052 703 2112 sextarios
725 2069 791 2130 sex,
811 2046 816 2130 Ι
836 2049 932 2111 meliis
953 2051 1114 2111 sextarium
1137 2049 1160 2130 1,

141 2139 222 2216 passi
252 2138 408 2200 dimidium
431 2141 607 2221 sextarium,
636 2141 748 2200 caricas
775 2140 902 2218 pingues
925 2155 1050 2199 numero
1074 2141 1160 2218 quin·

214 2295 228 2342 1
249 2288 325 2358 di0(a
339 2288 466 2358 c)rcbum
482 2306 541 2359 pop.
614 2288 717 2345 Mimas
734 2307 761 2360 p,
780 2289 850 2346 mire
865 2307 887 2358 c,
906 2277 965 2345 rinc
981 2307 1010 2361 p.
1083 2291 1158 2345 croci

140 2377 167 2429 p,
185 2376 247 2414 cere
267 2359 328 2429 (sic)
348 2376 369 2426 c,
388 2363 421 2414 c'c
433 2377 464 2429 p.
550 2359 604 2428 di}
622 2359 710 2428 (dicit‘
730 2364 754 2429 c)
773 2359 899 2431 singulus
916 2377 961 2430 pc:
981 2366 1025 2416 ab.
1044 2366 1070 2423 3.
1090 2361 1110 2413 Ι.
1126 2378 1159 2430 p.

142 2436 157 2484 2
176 2429 318 2500 amigdala
336 2447 432 2485 amare
451 2430 492 2486 df.
512 2431 526 2484 Ι
544 2446 571 2500 c,
596 2431 729 2502 amigdal.
749 2448 823 2486 ansa.
841 2434 869 2500 ἡ
886 2433 908 2487 Ι.
922 2448 953 2500 p.
1044 2432 1113 2486 Erbi
1130 2451 1157 2503 p,

141 2502 231 2570 heic,
250 2499 374 2570 berbip.
447 2503 482 2551 ᾧ
500 2500 527 2555 V
544 2517 575 2571 p:
595 2500 636 2556 du
655 2501 681 2556 V
700 2518 726 2569 c,
749 2502 857 2571 svp.
929 2502 1075 2572 sipisicis
1093 2509 1158 2558 ante

141 2587 210 2627 corr.
229 2589 256 2644 p.
350 2572 514 2629 sccmiscis
532 2587 592 2642 pop.
690 2573 816 2628 bcocl'r.
835 2572 856 2630 Ι.
875 2589 917 2642 cp.
1013 2573 1158 2642 ‘lpiisicis

139 2646 228 2712 cmc),
247 2647 279 2697 ut
295 2657 406 2713 semper.
492 2642 636 2699 sisinnus
656 2645 740 2714 (-nii
759 2644 915 2715 clpoiabis
933 2661 974 2716 pc,
996 2644 1076 2700 dabis
1096 2646 1158 2714 (can.

139 2713 199 2783 ici.)
212 2730 243 2782 p.
334 2719 350 2768 9
370 2716 516 2770 cuccctum
540 2715 568 2783 (i.
589 2729 609 2770 e.
630 2716 805 2784 concoctum)
824 2731 850 2784 c,
876 2718 988 2771 coctum
1006 2733 1050 2788 pp.
1125 2723 1160 2770 10

139 2784 254 2854 ptisana
271 2785 334 2854 (sic)
346 2800 387 2856 pc,
407 2792 520 2856 -na'p
592 2801 658 2840 cum
676 2785 771 2856 capiis
794 2787 846 2856 sic)
860 2803 886 2857 p.
959 2787 1084 2843 butirum
1098 2804 1159 2859 pcp.

142 2861 174 2910 11
193 2855 333 2911 admisces
349 2871 409 2926 pcp.
520 2861 553 2910 13
572 2856 618 2910 vel
636 2857 722 2927 pedes
740 2858 791 2928 (sic
821 2874 873 2929 pap
890 2861 938 2928 (sc.
957 2860 1044 2929 pedes
1063 2875 1159 2915 eorum

139 2943 209 2996 qnos
220 2971 226 2982 .
238 2968 244 2980 .
255 2929 282 2995 .).
349 2933 384 2982 14
399 2925 493 2996 (lawe
503 2926 723 2999 cp)pbalopcdas
733 2929 853 3000 (-dap)
867 2946 927 3001 pcp.
996 2933 1120 2985 comessa
1132 2946 1158 2998 y.

142 3003 175 3052 15
190 2996 366 3068 depositusp
384 2999 477 3068 (-ios
494 3000 543 3068 9⁰).
631 3005 665 3055 1⁷
683 2999 872 3071 diaprassinm
890 3017 909 3072 p
927 2999 1113 3070 (dioprassnm
1127 3015 1159 3066 p,

140 3069 187 3124 dio
206 3068 322 3124 icosium
341 3070 373 3138 c).
465 3065 595 3124 mnrubic
613 3071 862 3140 cp(itemo.18).
949 3074 983 3123 18
1001 3069 1109 3139 pulegii
1126 3085 1161 3138 pc

140 3087 217 3210 (pure
252 3139 272 3210 ).
360 3145 393 3195 19
413 3139 444 3196 Ο.
464 3144 499 3196 tr.
518 3141 553 3191 ὁ
572 3137 609 3208 (7,-
628 3142 653 3210 c)
671 3139 816 3212 bincspc:
835 3145 879 3198 ab.
899 3138 1025 3211 ²,11.p.
1099 3140 1157 3208 yris

138 3227 240 3304 illiricp
254 3246 281 3300 p,
299 3245 380 3302 yram
394 3229 498 3287 illirico
516 3246 539 3301 c,
557 3208 647 3302 {filiii
656 3236 701 3300 12⁰·
763 3226 931 3286 exsircbilos
946 3245 974 3299 9,
989 3229 1121 3298 scopillcs
1137 3245 1158 3297 c,

138 3333 195 3404 <cx
216 3336 315 3405 pineo·
337 3338 403 3393 cdd.
427 3353 496 3394 coss.
519 3336 629 3408 uturp.)
652 3299 780 3412 stobiljos
808 3336 837 3405 (b
864 3339 890 3391 ct
916 3349 1057 3405 suprascr.
1085 3335 1095 3389 i
1125 3351 1160 3389 ex

139 3407 220 3473 carr.)
234 3422 266 3474 p.
366 3413 401 3462 20
418 3425 467 3465 sax
484 3425 514 3479 9:
534 3408 634 3478 Vicp.
725 3407 1084 3477 bonusamicus.
1107 3410 1159 3476 cp).

55 3494 60 3498 ·
138 3475 393 3546 21Xch(uuffi
410 3481 520 3549 σω).
