2414 3924
418 262 486 310 mn.
502 262 562 308 v11.
587 260 662 310 cnr.
675 262 751 311 xrn.
1030 250 1092 313 289

96 436 208 493 venae,
231 435 306 495 quae
317 418 401 492 juxta
424 424 504 492 sunt,
525 416 685 494 violentur,
708 425 736 476 et
755 385 924 495 prolusione
945 416 1093 493 sauguinis

97 509 231 562 noceant.
271 499 395 578 Reliqua
419 500 528 558 curatio
550 500 679 559 vulneris
700 501 728 559 iu
745 499 890 579 prioribus
919 500 1014 580 posita
1037 506 1090 583 est.

96 584 134 645 Et
150 585 283 664 plerique
299 584 430 664 quidem,
446 582 494 641 ubi
508 593 739 659 comannorum,
754 583 918 662 loquuntur.
951 582 1017 661 Ego
1040 600 1091 642 au-

97 679 155 729 tern
171 669 298 744 cognovi
314 669 379 746 qui,
405 668 520 727 succisa
544 667 656 744 linguat,
678 685 764 746 quum
786 665 897 727 abunde
923 684 1010 745 super
1024 665 1092 747 den·

72 762 141 820 stes
153 770 216 812 earn
231 759 397 831 promeret,
417 767 474 809 uon
491 759 585 809 tamen
597 750 734 828 loquendi
749 749 916 810 facultatem
930 767 1091 828 consequu-

97 847 143 895 tus
161 844 215 895 est.
247 834 332 894 Adeo
347 835 375 893 in
387 833 542 910 medicina,
567 836 652 893 etiarn
669 833 717 893 ubi
739 842 911 912 perpetuum
929 843 990 912 est,
1015 833 1093 913 quod

98 920 161 979 lieri
177 917 281 994 debet,
305 926 478 978 nontamen
502 926 673 996 perpetuum
696 927 741 976 est
763 917 806 995 id,
830 917 907 996 quod
924 917 1009 996 sequi
1024 934 1097 981 con.

37 1058 39 1063 .
97 1005 186 1062 venit.

161 1089 191 1146 5.
213 1085 272 1145 Sult
297 1085 397 1161 lingua
422 1102 540 1162 quoque
567 1085 707 1144 interdurn
730 1084 837 1162 aliquid
858 1085 989 1145 abscedit
1008 1086 1091 1165 (pre-

63 1189 87 1229 to
97 1169 284 1246 nooillctte);
299 1169 378 1246 quod
390 1169 453 1240 iere
471 1168 601 1227 consistit
614 1170 643 1227 in
658 1169 764 1245 tunica,
781 1167 957 1246 doloresque
973 1187 1094 1246 magnos

98 1262 204 1314 movet.
237 1251 338 1328 Quod,
362 1253 386 1310 si
409 1253 545 1328 exignum
567 1261 627 1329 est,
654 1252 740 1311 incidi
764 1251 854 1311 semel
881 1254 950 1312 satis
972 1262 1032 1313 est:
1068 1253 1094 1312 si

98 1337 206 1411 majus,
224 1353 330 1394 summa
346 1338 418 1414 cutis
433 1353 523 1413 usque
539 1334 575 1394 ad
591 1337 714 1395 tunicam
732 1334 889 1395 excidenda
904 1344 964 1412 est,
990 1336 1094 1397 deinde

98 1421 240 1498 utrimque
251 1436 325 1478 orae
349 1418 470 1477 hamulis
493 1418 701 1497 excipiendae,
722 1427 751 1477 et
773 1420 868 1493 tunica
890 1418 1015 1499 undique
1039 1422 1092 1481 cir-

99 1503 229 1562 cumdata
252 1501 400 1562 liberanda
423 1512 481 1561 est:
506 1520 609 1579 magna
633 1501 783 1578 diligentia
807 1519 861 1582 per
882 1520 995 1562 omnem
1013 1521 1093 1564 oura-

63 1610 88 1649 ιε
98 1589 205 1646 tionem
222 1584 335 1663 habita,
350 1604 387 1644 ne
403 1602 458 1664 qua
472 1586 565 1660 major
582 1603 656 1644 vena
670 1584 821 1655 incidatur.

159 1670 188 1730 6.
211 1668 304 1730 Labra
326 1678 420 1729 autem
443 1687 534 1746 saepe
556 1669 711 1736 finduntur;
742 1686 834 1748 eaque
856 1689 905 1729 res
926 1669 1014 1731 habet
1027 1683 1093 1730 'oum

97 1753 200 1812 dolore
218 1755 304 1813 etiarn
327 1752 401 1811 hanc
424 1747 615 1826 molestiam,
628 1752 706 1830 quod
721 1769 816 1814 sermo
838 1753 1021 1832 prohibetum
1045 1755 1093 1833 qui

97 1836 218 1896 sultinde
241 1854 292 1896 eas
312 1838 398 1894 rimas
421 1854 485 1894 oum
510 1835 614 1895 dolore
635 1835 797 1895 diducendo
829 1839 997 1913 sanguinein
1016 1839 1093 1897 citat.

97 1920 156 1980 Sed
172 1920 240 1996 has,
257 1921 282 1978 si
296 1920 324 1977 in
341 1936 450 1978 summo
470 1929 544 1994 sunt,
561 1919 777 1978 medicamentis
793 1938 894 1979 curare
916 1920 1093 1994 commodius

61 2003 160 2079 20est,
178 2020 251 2080 quae
265 2002 301 2062 ad
315 2002 414 2062 ulcera
431 2005 491 2063 oris
513 2003 598 2061 liunt:
623 2004 647 2060 si
668 2018 739 2062 vero
765 2003 848 2062 altius
870 2003 1092 2078 descenderunt,

97 2089 293 2146 necessarium
311 2096 356 2145 est
370 2087 447 2145 tenui
462 2086 637 2145 ferramento
660 2086 799 2161 adurere,
824 2086 901 2166 quod
920 2087 1040 2165 spathae
1056 2088 1093 2146 si·

96 2171 174 2246 urile,
194 2172 275 2247 quasi
290 2180 497 2246 transcurrere,
512 2187 569 2229 non
583 2171 704 2248 imprimi
721 2168 818 2229 debet.
842 2169 947 2230 Postea
962 2169 1094 2247 iacienda

97 2253 197 2313 eadem
220 2263 300 2329 sunt,
324 2270 398 2331 quae
418 2252 575 2312 inauribus
592 2253 700 2312 adustis
720 2257 853 2332 exposita
870 2264 942 2314 sunt.
1047 2322 1053 2341 Ι

418 2489 601 2548 CAPUT
637 2489 769 2548 XIII.

60 2630 86 2669 ,5
477 2603 513 2652 De
529 2604 634 2652 cervicis
653 2603 726 2663 vitio,

156 2755 194 2814 Αι
216 2758 244 2814 in
268 2756 400 2830 cervice,
423 2756 609 2813 intercutem
630 2763 658 2813 et
682 2769 815 2831 asperam
837 2755 986 2828 arteriam,
1000 2762 1094 2810 tumor

96 2842 249 2918 increscit:
274 2832 505 2918 βρογχοκήλην
528 2835 632 2896 Graeci
651 2842 759 2895 vocant
779 2834 827 2912 (l’.
849 2834 928 2910 Aeg.
950 2833 1002 2909 Vl,
1025 2833 1092 2912 38).

97 2923 161 2998 Quo
178 2923 263 2982 rnodo
280 2939 349 2982 caro
365 2920 476 2996 hebes,
495 2919 582 2979 modo
598 2919 700 2978 humor
723 2919 843 2996 aliquis,
862 2916 942 2975 melli
963 2933 1094 2992 aquaeve

97 3005 214 3083 similis,
237 3005 405 3074 includitur;
429 3003 568 3062 interdum
591 3004 674 3062 etiarn
698 3002 810 3060 minutis
834 2999 948 3058 ossibus
971 2998 1022 3076 pili
1043 2998 1092 3056 im·

60 3090 188 3150 sornixti.
220 3089 266 3149 Ex
289 3089 391 3167 quibus
415 3087 552 3166 quidquid
576 3094 636 3161 est,
663 3086 757 3143 tunica
787 3084 956 3142 continetur.
992 3080 1120 3140 Potest·

97 3181 190 3231 autern
203 3171 387 3232 adurentibus
403 3171 617 3229 medicamentis
634 3169 743 3226 curari:
767 3166 868 3244 quibus
890 3183 997 3224 summa
1020 3166 1093 3224 cutis

98 3273 160 3315 eum
184 3257 316 3316 subiecta
337 3257 431 3315 tunica
456 3254 596 3313 exeditur.
630 3251 694 3326 Quo
717 3251 810 3326 lacto,
835 3249 897 3308 sive
919 3249 1020 3308 humor
1036 3256 1092 3320 est,

97 3340 228 3417 profluit;
247 3342 310 3398 sive
331 3338 398 3418 quid
422 3338 553 3412 densius,
577 3336 674 3412 digitis
690 3334 835 3393 educitur:
861 3336 919 3392 turn
942 3331 1023 3390 ulcus
1040 3329 1093 3389 sub

96 3421 258 3482 linamentis
273 3425 409 3481 sanescit.
442 3420 500 3480 Sed
522 3418 655 3498 scalpelli
677 3418 786 3477 curatio
807 3417 925 3476 brevior
947 3423 1001 3475 est.
1033 3414 1094 3462 Με-

60 3522 87 3561 ss
101 3505 149 3565 dio
175 3515 288 3566 tumore
316 3523 370 3565 una
393 3504 469 3564 linea
490 3502 622 3563 inciditur
643 3518 735 3578 usque
756 3500 792 3560 ad
818 3502 956 3560 tunicam.

139 3609 245 3649 causus.
846 3585 884 3644 19
