<?xml version="1.0" encoding="UTF-8"?>
<!DOCTYPE html PUBLIC "-//W3C//DTD XHTML 1.0 Transitional//EN"
    "http://www.w3.org/TR/xhtml1/DTD/xhtml1-transitional.dtd">
<html xmlns="http://www.w3.org/1999/xhtml" xml:lang="en" lang="en">
 <head>
  <title>
</title>
<meta http-equiv="Content-Type" content="text/html;charset=utf-8" />
  <meta name='ocr-system' content='tesseract 3.04.00' />
  <meta name='ocr-capabilities' content='ocr_page ocr_carea ocr_par ocr_line ocrx_word'/>
</head>
<body>
  <div class='ocr_page' id='page_1' title='image "./cassiifelicisde00rosegoog_0356.png"; bbox 0 0 2414 3924; ppageno 0'>
   <div class='ocr_carea' id='block_1_1' title="bbox 430 158 1103 239">
    <p class='ocr_par' dir='ltr' id='par_1_1' title="bbox 430 158 1103 239">
     <span class='ocr_line' id='line_1_1' title="bbox 430 158 1103 239; baseline 0.018 -12"><span class='ocrx_word' id='word_1_1' title='bbox 430 158 499 228; x_wconf 77' lang='lat' dir='ltr'><strong>urn&#39;.</strong></span> <span class='ocrx_word' id='word_1_2' title='bbox 514 181 552 230; x_wconf 89' lang='lat'><strong>11.</strong></span> <span class='ocrx_word' id='word_1_3' title='bbox 568 181 644 232; x_wconf 75' lang='lat' dir='ltr'><strong>ose.</strong></span> <span class='ocrx_word' id='word_1_4' title='bbox 658 183 709 232; x_wconf 90' lang='lat'>111.</span> <span class='ocrx_word' id='word_1_5' title='bbox 724 185 771 232; x_wconf 78' lang='grc' dir='ltr'><strong>ιν.</strong></span> <span class='ocrx_word' id='word_1_6' title='bbox 1062 174 1103 239; x_wconf 84' lang='grc'><strong>33</strong></span> 
     </span>
    </p>
   </div>
   <div class='ocr_carea' id='block_1_2' title="bbox 62 334 1138 1927">
    <p class='ocr_par' dir='ltr' id='par_1_2' title="bbox 62 334 1138 1927">
     <span class='ocr_line' id='line_1_2' title="bbox 96 334 1101 416; baseline 0.008 -20"><span class='ocrx_word' id='word_1_7' title='bbox 96 343 188 396; x_wconf 85' lang='lat' dir='ltr'><strong>totum</strong></span> <span class='ocrx_word' id='word_1_8' title='bbox 205 334 334 410; x_wconf 81' lang='lat' dir='ltr'><strong>insudat,</strong></span> <span class='ocrx_word' id='word_1_9' title='bbox 357 344 386 394; x_wconf 92' lang='lat' dir='ltr'><strong>et</strong></span> <span class='ocrx_word' id='word_1_10' title='bbox 402 339 482 414; x_wconf 89' lang='lat' dir='ltr'><strong>cujus</strong></span> <span class='ocrx_word' id='word_1_11' title='bbox 499 335 642 396; x_wconf 82' lang='lat' dir='ltr'><strong>febricula</strong></span> <span class='ocrx_word' id='word_1_12' title='bbox 657 354 694 396; x_wconf 90' lang='lat' dir='ltr'><strong>eo</strong></span> <span class='ocrx_word' id='word_1_13' title='bbox 709 338 815 399; x_wconf 90' lang='lat' dir='ltr'><strong>sudore</strong></span> <span class='ocrx_word' id='word_1_14' title='bbox 831 339 941 416; x_wconf 81' lang='lat' dir='ltr'><strong>buitur,</strong></span> <span class='ocrx_word' id='word_1_15' title='bbox 964 346 1101 404; x_wconf 87' lang='lat' dir='ltr'><strong>securita-</strong></span> 
     </span>
     <span class='ocr_line' id='line_1_3' title="bbox 96 418 1103 500; baseline 0.007 -21"><span class='ocrx_word' id='word_1_16' title='bbox 96 427 156 479; x_wconf 83' lang='lat' dir='ltr'><strong>tem</strong></span> <span class='ocrx_word' id='word_1_17' title='bbox 171 418 329 497; x_wconf 81' lang='lat' dir='ltr'><strong>pollicetur</strong></span> <span class='ocrx_word' id='word_1_18' title='bbox 341 419 396 498; x_wconf 88' lang='lat' dir='ltr'><strong>(ci.</strong></span> <span class='ocrx_word' id='word_1_19' title='bbox 413 420 526 500; x_wconf 77' lang='lat' dir='ltr'><strong>Proqn.</strong></span> <span class='ocrx_word' id='word_1_20' title='bbox 543 420 623 500; x_wconf 83' lang='lat'><strong>§6).</strong></span> <span class='ocrx_word' id='word_1_21' title='bbox 664 419 896 485; x_wconf 79' lang='lat' dir='ltr'><strong>Sternumentum</strong></span> <span class='ocrx_word' id='word_1_22' title='bbox 918 428 1003 486; x_wconf 88' lang='lat' dir='ltr'><strong>etiam</strong></span> <span class='ocrx_word' id='word_1_23' title='bbox 1028 428 1103 488; x_wconf 88' lang='lat' dir='ltr'><strong>inter</strong></span> 
     </span>
     <span class='ocr_line' id='line_1_4' title="bbox 97 502 1101 585; baseline 0.007 -22"><span class='ocrx_word' id='word_1_24' title='bbox 97 503 174 565; x_wconf 91' lang='lat' dir='ltr'><strong>bona</strong></span> <span class='ocrx_word' id='word_1_25' title='bbox 194 503 298 563; x_wconf 90' lang='lat' dir='ltr'><strong>indicia</strong></span> <span class='ocrx_word' id='word_1_26' title='bbox 322 513 381 579; x_wconf 86' lang='lat' dir='ltr'><strong>est,</strong></span> <span class='ocrx_word' id='word_1_27' title='bbox 405 513 434 563; x_wconf 92' lang='lat' dir='ltr'><strong>et</strong></span> <span class='ocrx_word' id='word_1_28' title='bbox 455 505 597 582; x_wconf 79' lang='lat' dir='ltr'><strong>cupiditas</strong></span> <span class='ocrx_word' id='word_1_29' title='bbox 619 502 676 564; x_wconf 92' lang='lat' dir='ltr'><strong>cibi</strong></span> <span class='ocrx_word' id='word_1_30' title='bbox 696 505 773 565; x_wconf 83' lang='lat' dir='ltr'><strong>vela</strong></span> <span class='ocrx_word' id='word_1_31' title='bbox 792 509 884 584; x_wconf 90' lang='lat' dir='ltr'><strong>primo</strong></span> <span class='ocrx_word' id='word_1_32' title='bbox 900 518 1031 585; x_wconf 86' lang='lat' dir='ltr'><strong>servata,</strong></span> <span class='ocrx_word' id='word_1_33' title='bbox 1052 511 1101 570; x_wconf 87' lang='lat' dir='ltr'><strong>vel</strong></span> 
     </span>
     <span class='ocr_line' id='line_1_5' title="bbox 98 586 1098 669; baseline 0.005 -21"><span class='ocrx_word' id='word_1_34' title='bbox 98 590 184 648; x_wconf 89' lang='lat' dir='ltr'><strong>etiam</strong></span> <span class='ocrx_word' id='word_1_35' title='bbox 203 597 272 666; x_wconf 86' lang='lat' dir='ltr'><strong>post</strong></span> <span class='ocrx_word' id='word_1_36' title='bbox 296 586 439 646; x_wconf 79' lang='lat' dir='ltr'><strong>fastidium</strong></span> <span class='ocrx_word' id='word_1_37' title='bbox 464 597 536 647; x_wconf 90' lang='lat' dir='ltr'><strong>orta.</strong></span> <span class='ocrx_word' id='word_1_38' title='bbox 567 588 671 667; x_wconf 86' lang='lat' dir='ltr'><strong>Neque</strong></span> <span class='ocrx_word' id='word_1_39' title='bbox 697 597 809 650; x_wconf 89' lang='lat' dir='ltr'><strong>terrere</strong></span> <span class='ocrx_word' id='word_1_40' title='bbox 832 591 921 651; x_wconf 88' lang='lat' dir='ltr'><strong>debet</strong></span> <span class='ocrx_word' id='word_1_41' title='bbox 942 610 977 652; x_wconf 87' lang='lat' dir='ltr'><strong>ea</strong></span> <span class='ocrx_word' id='word_1_42' title='bbox 997 592 1098 669; x_wconf 78' lang='lat' dir='ltr'><strong>febris,</strong></span> 
     </span>
     <span class='ocr_line' id='line_1_6' title="bbox 73 671 1100 754; baseline 0.006 -24"><span class='ocrx_word' id='word_1_43' title='bbox 73 688 177 751; x_wconf 79' lang='lat' dir='ltr'><strong>equae</strong></span> <span class='ocrx_word' id='word_1_44' title='bbox 193 672 297 731; x_wconf 88' lang='lat' dir='ltr'><strong>eodem</strong></span> <span class='ocrx_word' id='word_1_45' title='bbox 316 671 362 731; x_wconf 88' lang='lat' dir='ltr'><strong>die</strong></span> <span class='ocrx_word' id='word_1_46' title='bbox 384 671 461 731; x_wconf 85' lang='lat' dir='ltr'><strong>finita</strong></span> <span class='ocrx_word' id='word_1_47' title='bbox 477 681 540 739; x_wconf 89' lang='lat' dir='ltr'><strong>est;</strong></span> <span class='ocrx_word' id='word_1_48' title='bbox 565 690 600 732; x_wconf 92' lang='lat' dir='ltr'><strong>ac</strong></span> <span class='ocrx_word' id='word_1_49' title='bbox 616 691 651 731; x_wconf 93' lang='lat' dir='ltr'><strong>ne</strong></span> <span class='ocrx_word' id='word_1_50' title='bbox 668 690 702 733; x_wconf 89' lang='lat' dir='ltr'><strong>ea</strong></span> <span class='ocrx_word' id='word_1_51' title='bbox 719 673 849 751; x_wconf 89' lang='lat' dir='ltr'><strong>quidem,</strong></span> <span class='ocrx_word' id='word_1_52' title='bbox 865 693 956 754; x_wconf 86' lang='lat' dir='ltr'><strong>quae,</strong></span> <span class='ocrx_word' id='word_1_53' title='bbox 972 678 1100 753; x_wconf 87' lang='lat' dir='ltr'><strong>quamvis</strong></span> 
     </span>
     <span class='ocr_line' id='line_1_7' title="bbox 100 756 1100 833; baseline 0.005 -17"><span class='ocrx_word' id='word_1_54' title='bbox 100 756 235 833; x_wconf 81' lang='lat' dir='ltr'><strong>longiore</strong></span> <span class='ocrx_word' id='word_1_55' title='bbox 252 764 383 833; x_wconf 85' lang='lat' dir='ltr'><strong>tempore</strong></span> <span class='ocrx_word' id='word_1_56' title='bbox 399 757 505 831; x_wconf 91' lang='lat' dir='ltr'><strong>tenuit,</strong></span> <span class='ocrx_word' id='word_1_57' title='bbox 522 765 617 815; x_wconf 91' lang='lat' dir='ltr'><strong>tamen</strong></span> <span class='ocrx_word' id='word_1_58' title='bbox 635 765 700 816; x_wconf 84' lang='lat' dir='ltr'><strong>ante</strong></span> <span class='ocrx_word' id='word_1_59' title='bbox 716 757 834 817; x_wconf 85' lang='lat' dir='ltr'><strong>aiteram</strong></span> <span class='ocrx_word' id='word_1_60' title='bbox 850 762 1050 821; x_wconf 87' lang='lat' dir='ltr'><strong>accessionem</strong></span> <span class='ocrx_word' id='word_1_61' title='bbox 1062 779 1100 821; x_wconf 86' lang='lat' dir='ltr'><strong>ex</strong></span> 
     </span>
     <span class='ocr_line' id='line_1_8' title="bbox 99 841 1099 919; baseline 0.004 -20"><span class='ocrx_word' id='word_1_62' title='bbox 99 849 162 900; x_wconf 88' lang='lat' dir='ltr'><strong>toto</strong></span> <span class='ocrx_word' id='word_1_63' title='bbox 172 841 300 919; x_wconf 90' lang='lat' dir='ltr'><strong>quievit,</strong></span> <span class='ocrx_word' id='word_1_64' title='bbox 316 842 358 900; x_wconf 93' lang='lat' dir='ltr'><strong>sic</strong></span> <span class='ocrx_word' id='word_1_65' title='bbox 374 849 403 897; x_wconf 90' lang='lat' dir='ltr'><strong>ut</strong></span> <span class='ocrx_word' id='word_1_66' title='bbox 416 858 524 918; x_wconf 89' lang='lat' dir='ltr'><strong>corpus</strong></span> <span class='ocrx_word' id='word_1_67' title='bbox 538 841 697 916; x_wconf 83' lang='lat' dir='ltr'><strong>integrum,</strong></span> <span class='ocrx_word' id='word_1_68' title='bbox 714 841 791 919; x_wconf 91' lang='lat' dir='ltr'><strong>quod</strong></span> <span class='ocrx_word' id='word_1_69' title='bbox 808 841 981 919; x_wconf 74' lang='grc' dir='ltr'><strong>εἰλικρινές</strong></span> <span class='ocrx_word' id='word_1_70' title='bbox 996 843 1099 906; x_wconf 85' lang='lat' dir='ltr'><strong>Graeci</strong></span> 
     </span>
     <span class='ocr_line' id='line_1_9' title="bbox 99 923 1100 1004; baseline 0.007 -22"><span class='ocrx_word' id='word_1_71' title='bbox 99 933 222 1000; x_wconf 87' lang='lat' dir='ltr'><strong>vocant,</strong></span> <span class='ocrx_word' id='word_1_72' title='bbox 239 923 331 984; x_wconf 87' lang='lat' dir='ltr'><strong>fleret.</strong></span> <span class='ocrx_word' id='word_1_73' title='bbox 363 925 393 982; x_wconf 90' lang='lat' dir='ltr'><strong>Si</strong></span> <span class='ocrx_word' id='word_1_74' title='bbox 409 925 473 1003; x_wconf 95' lang='lat' dir='ltr'><strong>quis</strong></span> <span class='ocrx_word' id='word_1_75' title='bbox 489 934 583 984; x_wconf 84' lang='lat' dir='ltr'><strong>eutem</strong></span> <span class='ocrx_word' id='word_1_76' title='bbox 598 924 696 984; x_wconf 90' lang='lat' dir='ltr'><strong>incidit</strong></span> <span class='ocrx_word' id='word_1_77' title='bbox 710 927 851 1004; x_wconf 86' lang='lat' dir='ltr'><strong>vomitus,</strong></span> <span class='ocrx_word' id='word_1_78' title='bbox 867 928 971 986; x_wconf 79' lang='lat' dir='ltr'><strong>mixtus</strong></span> <span class='ocrx_word' id='word_1_79' title='bbox 988 946 1055 988; x_wconf 90' lang='lat' dir='ltr'><strong>esse</strong></span> <span class='ocrx_word' id='word_1_80' title='bbox 1071 937 1100 989; x_wconf 89' lang='lat' dir='ltr'><strong>et</strong></span> 
     </span>
     <span class='ocr_line' id='line_1_10' title="bbox 99 1006 1098 1087; baseline 0.006 -21"><span class='ocrx_word' id='word_1_81' title='bbox 99 1006 159 1067; x_wconf 88' lang='lat' dir='ltr'><strong>bile</strong></span> <span class='ocrx_word' id='word_1_82' title='bbox 182 1016 212 1066; x_wconf 88' lang='lat' dir='ltr'><strong>et</strong></span> <span class='ocrx_word' id='word_1_83' title='bbox 233 1009 334 1086; x_wconf 85' lang='lat' dir='ltr'><strong>pituita</strong></span> <span class='ocrx_word' id='word_1_84' title='bbox 350 1006 453 1077; x_wconf 86' lang='lat' dir='ltr'><strong>debet;</strong></span> <span class='ocrx_word' id='word_1_85' title='bbox 480 1017 509 1067; x_wconf 88' lang='lat' dir='ltr'><strong>et</strong></span> <span class='ocrx_word' id='word_1_86' title='bbox 533 1009 561 1066; x_wconf 94' lang='lat' dir='ltr'><strong>in</strong></span> <span class='ocrx_word' id='word_1_87' title='bbox 582 1010 660 1066; x_wconf 89' lang='lat' dir='ltr'><strong>urina</strong></span> <span class='ocrx_word' id='word_1_88' title='bbox 686 1007 837 1070; x_wconf 85' lang='lat' dir='ltr'><strong>subsidere</strong></span> <span class='ocrx_word' id='word_1_89' title='bbox 859 1010 968 1087; x_wconf 88' lang='lat' dir='ltr'><strong>album,</strong></span> <span class='ocrx_word' id='word_1_90' title='bbox 1003 1012 1098 1087; x_wconf 87' lang='lat' dir='ltr'><strong>laeve,</strong></span> 
     </span>
     <span class='ocr_line' id='line_1_11' title="bbox 62 1090 1099 1171; baseline 0.006 -23"><span class='ocrx_word' id='word_1_91' title='bbox 62 1090 241 1168; x_wconf 76' lang='lat' dir='ltr'><strong>coaequale3</strong></span> <span class='ocrx_word' id='word_1_92' title='bbox 258 1092 300 1150; x_wconf 91' lang='lat' dir='ltr'><strong>sic</strong></span> <span class='ocrx_word' id='word_1_93' title='bbox 318 1101 347 1150; x_wconf 93' lang='lat' dir='ltr'><strong>ut</strong></span> <span class='ocrx_word' id='word_1_94' title='bbox 363 1092 464 1167; x_wconf 87' lang='lat' dir='ltr'><strong>etiarn,</strong></span> <span class='ocrx_word' id='word_1_95' title='bbox 487 1093 511 1151; x_wconf 96' lang='lat' dir='ltr'><strong>si</strong></span> <span class='ocrx_word' id='word_1_96' title='bbox 527 1110 601 1171; x_wconf 90' lang='lat' dir='ltr'><strong>quae</strong></span> <span class='ocrx_word' id='word_1_97' title='bbox 616 1093 698 1169; x_wconf 91' lang='lat' dir='ltr'><strong>quasi</strong></span> <span class='ocrx_word' id='word_1_98' title='bbox 715 1093 876 1153; x_wconf 86' lang='lat' dir='ltr'><strong>nubeculae</strong></span> <span class='ocrx_word' id='word_1_99' title='bbox 892 1097 1056 1171; x_wconf 87' lang='lat' dir='ltr'><strong>innatarint,</strong></span> <span class='ocrx_word' id='word_1_100' title='bbox 1071 1097 1099 1155; x_wconf 90' lang='lat' dir='ltr'><strong>in</strong></span> 
     </span>
     <span class='ocr_line' id='line_1_12' title="bbox 99 1174 1099 1258; baseline 0.005 -24"><span class='ocrx_word' id='word_1_101' title='bbox 99 1177 184 1234; x_wconf 93' lang='lat' dir='ltr'><strong>imum</strong></span> <span class='ocrx_word' id='word_1_102' title='bbox 201 1175 369 1235; x_wconf 84' lang='lat' dir='ltr'><strong>deierantur</strong></span> <span class='ocrx_word' id='word_1_103' title='bbox 384 1175 439 1252; x_wconf 84' lang='lat' dir='ltr'><strong>(ci.</strong></span> <span class='ocrx_word' id='word_1_104' title='bbox 456 1174 570 1255; x_wconf 77' lang='lat' dir='ltr'><strong>Proqn.</strong></span> <span class='ocrx_word' id='word_1_105' title='bbox 587 1176 608 1252; x_wconf 83' lang='lat'>§</span> <span class='ocrx_word' id='word_1_106' title='bbox 629 1175 777 1256; x_wconf 72' lang='lat'>12-13).</span> <span class='ocrx_word' id='word_1_107' title='bbox 817 1178 856 1238; x_wconf 81' lang='grc' dir='ltr'><strong>Αι</strong></span> <span class='ocrx_word' id='word_1_108' title='bbox 872 1188 975 1239; x_wconf 84' lang='lat' dir='ltr'><strong>venter</strong></span> <span class='ocrx_word' id='word_1_109' title='bbox 990 1181 1033 1256; x_wconf 91' lang='lat' dir='ltr'><strong>ei,</strong></span> <span class='ocrx_word' id='word_1_110' title='bbox 1050 1180 1099 1258; x_wconf 90' lang='lat' dir='ltr'><strong>qui</strong></span> 
     </span>
     <span class='ocr_line' id='line_1_13' title="bbox 100 1259 1099 1343; baseline 0.005 -24"><span class='ocrx_word' id='word_1_111' title='bbox 100 1277 116 1319; x_wconf 90' lang='lat' dir='ltr'><strong>a</strong></span> <span class='ocrx_word' id='word_1_112' title='bbox 139 1259 271 1338; x_wconf 88' lang='lat' dir='ltr'><strong>periculo</strong></span> <span class='ocrx_word' id='word_1_113' title='bbox 292 1268 368 1319; x_wconf 90' lang='lat' dir='ltr'><strong>tutus</strong></span> <span class='ocrx_word' id='word_1_114' title='bbox 391 1268 450 1334; x_wconf 81' lang='lat' dir='ltr'><strong>est,</strong></span> <span class='ocrx_word' id='word_1_115' title='bbox 474 1259 568 1319; x_wconf 78' lang='lat' dir='ltr'><strong>reddit</strong></span> <span class='ocrx_word' id='word_1_116' title='bbox 587 1259 703 1336; x_wconf 88' lang='lat' dir='ltr'><strong>mollia,</strong></span> <span class='ocrx_word' id='word_1_117' title='bbox 730 1260 865 1338; x_wconf 78' lang='lat' dir='ltr'><strong>figurata,</strong></span> <span class='ocrx_word' id='word_1_118' title='bbox 888 1271 973 1343; x_wconf 87' lang='lat' dir='ltr'><strong>atque</strong></span> <span class='ocrx_word' id='word_1_119' title='bbox 995 1264 1099 1324; x_wconf 88' lang='lat' dir='ltr'><strong>eodem</strong></span> 
     </span>
     <span class='ocr_line' id='line_1_14' title="bbox 99 1343 1098 1423; baseline 0.002 -19"><span class='ocrx_word' id='word_1_120' title='bbox 99 1343 163 1404; x_wconf 88' lang='lat' dir='ltr'><strong>iere</strong></span> <span class='ocrx_word' id='word_1_121' title='bbox 176 1351 327 1422; x_wconf 89' lang='lat' dir='ltr'><strong>tempore,</strong></span> <span class='ocrx_word' id='word_1_122' title='bbox 351 1360 408 1423; x_wconf 93' lang='lat' dir='ltr'><strong>quo</strong></span> <span class='ocrx_word' id='word_1_123' title='bbox 433 1343 561 1404; x_wconf 86' lang='lat' dir='ltr'><strong>secunda</strong></span> <span class='ocrx_word' id='word_1_124' title='bbox 581 1343 746 1404; x_wconf 84' lang='lat' dir='ltr'><strong>valetudine</strong></span> <span class='ocrx_word' id='word_1_125' title='bbox 762 1348 905 1422; x_wconf 81' lang='lat' dir='ltr'><strong>assuevit,</strong></span> <span class='ocrx_word' id='word_1_126' title='bbox 925 1348 1011 1408; x_wconf 93' lang='lat' dir='ltr'><strong>modo</strong></span> <span class='ocrx_word' id='word_1_127' title='bbox 1031 1365 1098 1408; x_wconf 90' lang='lat' dir='ltr'><strong>cou-</strong></span> 
     </span>
     <span class='ocr_line' id='line_1_15' title="bbox 100 1428 1099 1506; baseline 0.004 -20"><span class='ocrx_word' id='word_1_128' title='bbox 100 1429 244 1487; x_wconf 86' lang='lat' dir='ltr'><strong>venientia</strong></span> <span class='ocrx_word' id='word_1_129' title='bbox 266 1428 301 1487; x_wconf 91' lang='lat' dir='ltr'><strong>iis</strong></span> <span class='ocrx_word' id='word_1_130' title='bbox 321 1445 395 1506; x_wconf 89' lang='lat' dir='ltr'><strong>quae</strong></span> <span class='ocrx_word' id='word_1_131' title='bbox 412 1437 599 1488; x_wconf 89' lang='lat' dir='ltr'><strong>assumuntur.</strong></span> <span class='ocrx_word' id='word_1_132' title='bbox 629 1428 716 1504; x_wconf 87' lang='lat' dir='ltr'><strong>Pejor</strong></span> <span class='ocrx_word' id='word_1_133' title='bbox 731 1431 787 1488; x_wconf 88' lang='lat' dir='ltr'><strong>cita</strong></span> <span class='ocrx_word' id='word_1_134' title='bbox 805 1429 886 1489; x_wconf 81' lang='lat' dir='ltr'><strong>alvus</strong></span> <span class='ocrx_word' id='word_1_135' title='bbox 907 1439 967 1490; x_wconf 87' lang='lat' dir='ltr'><strong>est:</strong></span> <span class='ocrx_word' id='word_1_136' title='bbox 989 1431 1041 1492; x_wconf 88' lang='lat' dir='ltr'><strong>sed</strong></span> <span class='ocrx_word' id='word_1_137' title='bbox 1062 1449 1099 1491; x_wconf 91' lang='lat' dir='ltr'><strong>ne</strong></span> 
     </span>
     <span class='ocr_line' id='line_1_16' title="bbox 64 1510 1138 1594; baseline 0.008 -29"><span class='ocrx_word' id='word_1_138' title='bbox 64 1512 175 1572; x_wconf 77' lang='lat' dir='ltr'><strong>arbaco</strong></span> <span class='ocrx_word' id='word_1_139' title='bbox 195 1512 309 1591; x_wconf 91' lang='lat' dir='ltr'><strong>quidem</strong></span> <span class='ocrx_word' id='word_1_140' title='bbox 335 1522 446 1571; x_wconf 92' lang='lat' dir='ltr'><strong>terrere</strong></span> <span class='ocrx_word' id='word_1_141' title='bbox 470 1513 601 1591; x_wconf 87' lang='lat' dir='ltr'><strong>protinus</strong></span> <span class='ocrx_word' id='word_1_142' title='bbox 622 1510 726 1588; x_wconf 88' lang='lat' dir='ltr'><strong>debet,</strong></span> <span class='ocrx_word' id='word_1_143' title='bbox 750 1514 775 1571; x_wconf 92' lang='lat' dir='ltr'><strong>si</strong></span> <span class='ocrx_word' id='word_1_144' title='bbox 797 1515 939 1573; x_wconf 82' lang='lat' dir='ltr'><strong>matutinis</strong></span> <span class='ocrx_word' id='word_1_145' title='bbox 963 1517 1098 1594; x_wconf 82' lang='lat' dir='ltr'><strong>tempori·</strong></span> <span class='ocrx_word' id='word_1_146' title='bbox 1136 1523 1138 1526; x_wconf 82' lang='grc'><strong>’</strong></span> 
     </span>
     <span class='ocr_line' id='line_1_17' title="bbox 99 1595 1099 1677; baseline 0.002 -22"><span class='ocrx_word' id='word_1_147' title='bbox 99 1596 154 1655; x_wconf 94' lang='lat' dir='ltr'><strong>bus</strong></span> <span class='ocrx_word' id='word_1_148' title='bbox 175 1606 278 1655; x_wconf 84' lang='lat' dir='ltr'><strong>coacta</strong></span> <span class='ocrx_word' id='word_1_149' title='bbox 301 1597 392 1673; x_wconf 81' lang='lat' dir='ltr'><strong>magis</strong></span> <span class='ocrx_word' id='word_1_150' title='bbox 417 1605 478 1672; x_wconf 86' lang='grc' dir='ltr'><strong>εει,</strong></span> <span class='ocrx_word' id='word_1_151' title='bbox 503 1605 550 1655; x_wconf 89' lang='lat' dir='ltr'><strong>aut</strong></span> <span class='ocrx_word' id='word_1_152' title='bbox 571 1597 595 1655; x_wconf 92' lang='lat' dir='ltr'><strong>si</strong></span> <span class='ocrx_word' id='word_1_153' title='bbox 618 1595 797 1674; x_wconf 85' lang='lat' dir='ltr'><strong>procedente</strong></span> <span class='ocrx_word' id='word_1_154' title='bbox 817 1606 949 1676; x_wconf 88' lang='lat' dir='ltr'><strong>tempore</strong></span> <span class='ocrx_word' id='word_1_155' title='bbox 966 1598 1099 1677; x_wconf 89' lang='lat' dir='ltr'><strong>paulatim</strong></span> 
     </span>
     <span class='ocr_line' id='line_1_18' title="bbox 101 1679 1098 1759; baseline 0.002 -21"><span class='ocrx_word' id='word_1_156' title='bbox 101 1680 296 1755; x_wconf 80' lang='lat' dir='ltr'><strong>contrahitur,</strong></span> <span class='ocrx_word' id='word_1_157' title='bbox 319 1689 348 1739; x_wconf 89' lang='lat' dir='ltr'><strong>et</strong></span> <span class='ocrx_word' id='word_1_158' title='bbox 368 1681 431 1740; x_wconf 82' lang='lat' dir='ltr'><strong>ruia</strong></span> <span class='ocrx_word' id='word_1_159' title='bbox 448 1690 509 1754; x_wconf 87' lang='lat' dir='ltr'><strong>est,</strong></span> <span class='ocrx_word' id='word_1_160' title='bbox 532 1698 627 1759; x_wconf 91' lang='lat' dir='ltr'><strong>neque</strong></span> <span class='ocrx_word' id='word_1_161' title='bbox 646 1679 784 1739; x_wconf 81' lang='lat' dir='ltr'><strong>foeditate</strong></span> <span class='ocrx_word' id='word_1_162' title='bbox 802 1681 901 1740; x_wconf 90' lang='lat' dir='ltr'><strong>odoris</strong></span> <span class='ocrx_word' id='word_1_163' title='bbox 923 1682 1042 1741; x_wconf 89' lang='lat' dir='ltr'><strong>similem</strong></span> <span class='ocrx_word' id='word_1_164' title='bbox 1058 1682 1098 1740; x_wconf 89' lang='lat' dir='ltr'><strong>al·</strong></span> 
     </span>
     <span class='ocr_line' id='line_1_19' title="bbox 99 1763 1097 1844; baseline 0 -22"><span class='ocrx_word' id='word_1_165' title='bbox 99 1783 165 1822; x_wconf 90' lang='lat' dir='ltr'><strong>vurn</strong></span> <span class='ocrx_word' id='word_1_166' title='bbox 194 1765 254 1823; x_wconf 86' lang='lat' dir='ltr'><strong>sani</strong></span> <span class='ocrx_word' id='word_1_167' title='bbox 276 1763 398 1823; x_wconf 91' lang='lat' dir='ltr'><strong>bominis</strong></span> <span class='ocrx_word' id='word_1_168' title='bbox 421 1763 537 1823; x_wconf 86' lang='lat' dir='ltr'><strong>excedit</strong></span> <span class='ocrx_word' id='word_1_169' title='bbox 559 1763 612 1840; x_wconf 87' lang='lat' dir='ltr'><strong>(oi.</strong></span> <span class='ocrx_word' id='word_1_170' title='bbox 637 1763 750 1842; x_wconf 75' lang='lat' dir='ltr'><strong>Proque.</strong></span> <span class='ocrx_word' id='word_1_171' title='bbox 774 1763 795 1839; x_wconf 84' lang='lat'>§</span> <span class='ocrx_word' id='word_1_172' title='bbox 819 1763 882 1844; x_wconf 86' lang='lat'>11).</span> <span class='ocrx_word' id='word_1_173' title='bbox 919 1764 963 1824; x_wconf 77' lang='lat' dir='ltr'><strong>Ac</strong></span> <span class='ocrx_word' id='word_1_174' title='bbox 984 1763 1097 1824; x_wconf 88' lang='lat' dir='ltr'><strong>lumbri·</strong></span> 
     </span>
     <span class='ocr_line' id='line_1_20' title="bbox 101 1846 1099 1927; baseline -0.002 -19"><span class='ocrx_word' id='word_1_175' title='bbox 101 1865 154 1908; x_wconf 94' lang='lat' dir='ltr'><strong>cos</strong></span> <span class='ocrx_word' id='word_1_176' title='bbox 170 1865 285 1926; x_wconf 90' lang='lat' dir='ltr'><strong>quoque</strong></span> <span class='ocrx_word' id='word_1_177' title='bbox 301 1849 413 1927; x_wconf 80' lang='lat' dir='ltr'><strong>aliquos</strong></span> <span class='ocrx_word' id='word_1_178' title='bbox 431 1848 483 1907; x_wconf 93' lang='lat' dir='ltr'><strong>sub</strong></span> <span class='ocrx_word' id='word_1_179' title='bbox 505 1847 561 1907; x_wconf 87' lang='lat' dir='ltr'><strong>dne</strong></span> <span class='ocrx_word' id='word_1_180' title='bbox 581 1846 674 1905; x_wconf 92' lang='lat' dir='ltr'><strong>morbi</strong></span> <span class='ocrx_word' id='word_1_181' title='bbox 694 1847 898 1922; x_wconf 87' lang='lat' dir='ltr'><strong>descendisse,</strong></span> <span class='ocrx_word' id='word_1_182' title='bbox 921 1848 990 1907; x_wconf 91' lang='lat' dir='ltr'><strong>nihil</strong></span> <span class='ocrx_word' id='word_1_183' title='bbox 1012 1856 1099 1908; x_wconf 89' lang='lat' dir='ltr'><strong>nocet</strong></span> 
     </span>
    </p>
   </div>
   <div class='ocr_carea' id='block_1_3' title="bbox 63 1918 1097 2093">
    <p class='ocr_par' dir='ltr' id='par_1_3' title="bbox 63 1918 1097 2093">
     <span class='ocr_line' id='line_1_21' title="bbox 63 1918 1097 2012; baseline -0.002 -20"><span class='ocrx_word' id='word_1_184' title='bbox 63 1952 90 1992; x_wconf 75' lang='lat' dir='ltr'><strong>eo</strong></span> <span class='ocrx_word' id='word_1_185' title='bbox 102 1929 230 2012; x_wconf 71' lang='lat' dir='ltr'><strong>(iord).</strong></span> <span class='ocrx_word' id='word_1_186' title='bbox 274 1933 304 1992; x_wconf 88' lang='lat' dir='ltr'><strong>Si</strong></span> <span class='ocrx_word' id='word_1_187' title='bbox 325 1918 432 1992; x_wconf 78' lang='lat' dir='ltr'><strong>inda&#39;tio</strong></span> <span class='ocrx_word' id='word_1_188' title='bbox 448 1933 476 1990; x_wconf 91' lang='lat' dir='ltr'><strong>in</strong></span> <span class='ocrx_word' id='word_1_189' title='bbox 497 1930 696 2009; x_wconf 88' lang='lat' dir='ltr'><strong>superioribus</strong></span> <span class='ocrx_word' id='word_1_190' title='bbox 717 1930 845 2009; x_wconf 86' lang='lat' dir='ltr'><strong>partibus</strong></span> <span class='ocrx_word' id='word_1_191' title='bbox 862 1930 992 1990; x_wconf 91' lang='lat' dir='ltr'><strong>dolorem</strong></span> <span class='ocrx_word' id='word_1_192' title='bbox 1008 1941 1097 1991; x_wconf 93' lang='lat' dir='ltr'><strong>tumo-</strong></span> 
     </span>
     <span class='ocr_line' id='line_1_22' title="bbox 100 2014 1096 2093; baseline -0.002 -17"><span class='ocrx_word' id='word_1_193' title='bbox 100 2034 220 2093; x_wconf 88' lang='lat' dir='ltr'><strong>remque</strong></span> <span class='ocrx_word' id='word_1_194' title='bbox 236 2016 321 2091; x_wconf 86' lang='lat' dir='ltr'><strong>iecit,</strong></span> <span class='ocrx_word' id='word_1_195' title='bbox 345 2017 450 2076; x_wconf 91' lang='lat' dir='ltr'><strong>bonum</strong></span> <span class='ocrx_word' id='word_1_196' title='bbox 472 2016 582 2093; x_wconf 85' lang='lat' dir='ltr'><strong>signum</strong></span> <span class='ocrx_word' id='word_1_197' title='bbox 598 2024 643 2074; x_wconf 91' lang='lat' dir='ltr'><strong>est</strong></span> <span class='ocrx_word' id='word_1_198' title='bbox 661 2031 748 2073; x_wconf 89' lang='lat' dir='ltr'><strong>sonus</strong></span> <span class='ocrx_word' id='word_1_199' title='bbox 769 2016 877 2074; x_wconf 87' lang='lat' dir='ltr'><strong>ventris</strong></span> <span class='ocrx_word' id='word_1_200' title='bbox 892 2014 957 2073; x_wconf 89' lang='lat' dir='ltr'><strong>inde</strong></span> <span class='ocrx_word' id='word_1_201' title='bbox 974 2015 1009 2074; x_wconf 92' lang='lat' dir='ltr'><strong>ad</strong></span> <span class='ocrx_word' id='word_1_202' title='bbox 1026 2014 1096 2074; x_wconf 81' lang='lat' dir='ltr'><strong>inie-</strong></span> 
     </span>
    </p>
   </div>
   <div class='ocr_carea' id='block_1_4' title="bbox 100 2097 1098 2262">
    <p class='ocr_par' dir='ltr' id='par_1_4' title="bbox 100 2097 1098 2262">
     <span class='ocr_line' id='line_1_23' title="bbox 100 2097 1097 2178; baseline -0.002 -18"><span class='ocrx_word' id='word_1_203' title='bbox 100 2104 194 2160; x_wconf 90' lang='lat' dir='ltr'><strong>riores</strong></span> <span class='ocrx_word' id='word_1_204' title='bbox 208 2110 305 2178; x_wconf 87' lang='lat' dir='ltr'><strong>partes</strong></span> <span class='ocrx_word' id='word_1_205' title='bbox 320 2101 467 2167; x_wconf 74' lang='lat' dir='ltr'><strong>evolutus:</strong></span> <span class='ocrx_word' id='word_1_206' title='bbox 484 2100 634 2178; x_wconf 84' lang='lat' dir='ltr'><strong>magisque</strong></span> <span class='ocrx_word' id='word_1_207' title='bbox 646 2100 731 2158; x_wconf 88' lang='lat' dir='ltr'><strong>etiam</strong></span> <span class='ocrx_word' id='word_1_208' title='bbox 745 2099 770 2157; x_wconf 88' lang='lat' dir='ltr'><strong>si</strong></span> <span class='ocrx_word' id='word_1_209' title='bbox 781 2100 843 2157; x_wconf 90' lang='lat' dir='ltr'><strong>sine</strong></span> <span class='ocrx_word' id='word_1_210' title='bbox 855 2097 1022 2158; x_wconf 84' lang='lat' dir='ltr'><strong>difficultate</strong></span> <span class='ocrx_word' id='word_1_211' title='bbox 1035 2116 1097 2158; x_wconf 92' lang='lat' dir='ltr'><strong>cum</strong></span> 
     </span>
     <span class='ocr_line' id='line_1_24' title="bbox 101 2181 1098 2262; baseline -0.002 -18"><span class='ocrx_word' id='word_1_212' title='bbox 101 2195 233 2245; x_wconf 87' lang='lat' dir='ltr'><strong>stercore</strong></span> <span class='ocrx_word' id='word_1_213' title='bbox 250 2186 377 2244; x_wconf 81' lang='lat' dir='ltr'><strong>excessit</strong></span> <span class='ocrx_word' id='word_1_214' title='bbox 395 2181 489 2262; x_wconf 77' lang='lat' dir='ltr'><strong>(Apo.</strong></span> <span class='ocrx_word' id='word_1_215' title='bbox 508 2183 563 2260; x_wconf 84' lang='lat' dir='ltr'><strong>iv,</strong></span> <span class='ocrx_word' id='word_1_216' title='bbox 583 2184 638 2250; x_wconf 87' lang='lat'><strong>73;</strong></span> <span class='ocrx_word' id='word_1_217' title='bbox 656 2181 751 2243; x_wconf 79' lang='lat' dir='ltr'><strong>Coae.</strong></span> <span class='ocrx_word' id='word_1_218' title='bbox 769 2181 844 2251; x_wconf 83' lang='lat'>285;</span> <span class='ocrx_word' id='word_1_219' title='bbox 866 2182 977 2261; x_wconf 73' lang='lat' dir='ltr'><strong>Proque.</strong></span> <span class='ocrx_word' id='word_1_220' title='bbox 995 2183 1016 2259; x_wconf 83' lang='lat'>§</span> <span class='ocrx_word' id='word_1_221' title='bbox 1034 2183 1098 2262; x_wconf 87' lang='lat'><strong>11).</strong></span> 
     </span>
    </p>
   </div>
   <div class='ocr_carea' id='block_1_5' title="bbox 459 2420 740 2481">
    <p class='ocr_par' dir='ltr' id='par_1_5' title="bbox 459 2420 740 2481">
     <span class='ocr_line' id='line_1_25' title="bbox 459 2420 740 2481; baseline -0.004 -1"><span class='ocrx_word' id='word_1_222' title='bbox 459 2420 646 2481; x_wconf 77' lang='lat' dir='ltr'><strong>CAPUT</strong></span> <span class='ocrx_word' id='word_1_223' title='bbox 678 2420 740 2480; x_wconf 90' lang='lat' dir='ltr'><strong>1v.</strong></span> 
     </span>
    </p>
   </div>
   <div class='ocr_carea' id='block_1_6' title="bbox 67 2539 772 2613">
    <p class='ocr_par' dir='ltr' id='par_1_6' title="bbox 67 2539 772 2613">
     <span class='ocr_line' id='line_1_26' title="bbox 67 2539 772 2613; baseline -0.011 -19"><span class='ocrx_word' id='word_1_224' title='bbox 67 2574 93 2613; x_wconf 75' lang='lat'><strong>25</strong></span> <span class='ocrx_word' id='word_1_225' title='bbox 429 2539 494 2590; x_wconf 85' lang='lat' dir='ltr'><strong>Mala</strong></span> <span class='ocrx_word' id='word_1_226' title='bbox 511 2540 585 2606; x_wconf 84' lang='lat' dir='ltr'><strong>signa</strong></span> <span class='ocrx_word' id='word_1_227' title='bbox 603 2547 772 2605; x_wconf 79' lang='lat' dir='ltr'><strong>aegrotorum.</strong></span> 
     </span>
    </p>
   </div>
   <div class='ocr_carea' id='block_1_7' title="bbox 67 2689 1104 3594">
    <p class='ocr_par' dir='ltr' id='par_1_7' title="bbox 98 2689 1100 3018">
     <span class='ocr_line' id='line_1_27' title="bbox 166 2689 1100 2769; baseline -0.01 -17"><span class='ocrx_word' id='word_1_228' title='bbox 166 2690 273 2752; x_wconf 86' lang='lat' dir='ltr'><strong>Contra</strong></span> <span class='ocrx_word' id='word_1_229' title='bbox 295 2693 393 2769; x_wconf 78' lang='lat' dir='ltr'><strong>gravis</strong></span> <span class='ocrx_word' id='word_1_230' title='bbox 413 2692 505 2751; x_wconf 91' lang='lat' dir='ltr'><strong>morbi</strong></span> <span class='ocrx_word' id='word_1_231' title='bbox 527 2690 686 2769; x_wconf 88' lang='lat' dir='ltr'><strong>periculum</strong></span> <span class='ocrx_word' id='word_1_232' title='bbox 710 2698 771 2764; x_wconf 90' lang='lat' dir='ltr'><strong>est,</strong></span> <span class='ocrx_word' id='word_1_233' title='bbox 798 2689 846 2748; x_wconf 93' lang='lat' dir='ltr'><strong>ubi</strong></span> <span class='ocrx_word' id='word_1_234' title='bbox 868 2689 986 2766; x_wconf 90' lang='lat' dir='ltr'><strong>supinus</strong></span> <span class='ocrx_word' id='word_1_235' title='bbox 1011 2703 1100 2762; x_wconf 84' lang='lat' dir='ltr'><strong>aeger</strong></span> 
     </span>
     <span class='ocr_line' id='line_1_28' title="bbox 98 2769 1099 2855; baseline -0.009 -19"><span class='ocrx_word' id='word_1_236' title='bbox 98 2780 197 2853; x_wconf 88' lang='lat' dir='ltr'><strong>jacet,</strong></span> <span class='ocrx_word' id='word_1_237' title='bbox 219 2778 362 2855; x_wconf 90' lang='lat' dir='ltr'><strong>porrectis</strong></span> <span class='ocrx_word' id='word_1_238' title='bbox 382 2776 511 2835; x_wconf 87' lang='lat' dir='ltr'><strong>manibus</strong></span> <span class='ocrx_word' id='word_1_239' title='bbox 533 2785 562 2834; x_wconf 92' lang='lat' dir='ltr'><strong>et</strong></span> <span class='ocrx_word' id='word_1_240' title='bbox 579 2775 709 2834; x_wconf 89' lang='lat' dir='ltr'><strong>cruribus</strong></span> <span class='ocrx_word' id='word_1_241' title='bbox 732 2773 859 2851; x_wconf 69' lang='lat' dir='ltr'><strong>(Proqn.</strong></span> <span class='ocrx_word' id='word_1_242' title='bbox 878 2772 899 2847; x_wconf 55' lang='grc' dir='ltr'>ὃ</span> <span class='ocrx_word' id='word_1_243' title='bbox 915 2771 966 2850; x_wconf 84' lang='grc'><strong>3);</strong></span> <span class='ocrx_word' id='word_1_244' title='bbox 986 2769 1034 2829; x_wconf 93' lang='lat' dir='ltr'><strong>ubi</strong></span> <span class='ocrx_word' id='word_1_245' title='bbox 1055 2787 1099 2828; x_wconf 91' lang='lat' dir='ltr'><strong>re-</strong></span> 
     </span>
     <span class='ocr_line' id='line_1_29' title="bbox 103 2853 1099 2938; baseline -0.007 -20"><span class='ocrx_word' id='word_1_246' title='bbox 103 2861 201 2920; x_wconf 88' lang='lat' dir='ltr'><strong>sidere</strong></span> <span class='ocrx_word' id='word_1_247' title='bbox 223 2861 283 2920; x_wconf 88' lang='lat' dir='ltr'><strong>vult</strong></span> <span class='ocrx_word' id='word_1_248' title='bbox 302 2862 330 2920; x_wconf 92' lang='lat' dir='ltr'><strong>in</strong></span> <span class='ocrx_word' id='word_1_249' title='bbox 353 2863 418 2938; x_wconf 90' lang='lat' dir='ltr'><strong>ipso</strong></span> <span class='ocrx_word' id='word_1_250' title='bbox 440 2862 514 2919; x_wconf 89' lang='lat' dir='ltr'><strong>acuti</strong></span> <span class='ocrx_word' id='word_1_251' title='bbox 537 2857 629 2917; x_wconf 92' lang='lat' dir='ltr'><strong>morbi</strong></span> <span class='ocrx_word' id='word_1_252' title='bbox 651 2859 774 2935; x_wconf 89' lang='lat' dir='ltr'><strong>impetu,</strong></span> <span class='ocrx_word' id='word_1_253' title='bbox 803 2858 1018 2933; x_wconf 86' lang='lat' dir='ltr'><strong>praecipueque</strong></span> <span class='ocrx_word' id='word_1_254' title='bbox 1039 2853 1099 2931; x_wconf 89' lang='lat' dir='ltr'><strong>pul-</strong></span> 
     </span>
     <span class='ocr_line' id='line_1_30' title="bbox 104 2937 1100 3018; baseline -0.011 -14"><span class='ocrx_word' id='word_1_255' title='bbox 104 2944 237 3004; x_wconf 94' lang='lat' dir='ltr'><strong>monibus</strong></span> <span class='ocrx_word' id='word_1_256' title='bbox 253 2944 463 3012; x_wconf 87' lang='lat' dir='ltr'><strong>laborantibus;</strong></span> <span class='ocrx_word' id='word_1_257' title='bbox 485 2943 533 3002; x_wconf 94' lang='lat' dir='ltr'><strong>ubi</strong></span> <span class='ocrx_word' id='word_1_258' title='bbox 549 2950 688 3001; x_wconf 89' lang='lat' dir='ltr'><strong>nocturna</strong></span> <span class='ocrx_word' id='word_1_259' title='bbox 706 2939 802 3017; x_wconf 82' lang='lat' dir='ltr'><strong>vigilia</strong></span> <span class='ocrx_word' id='word_1_260' title='bbox 820 2940 971 3018; x_wconf 81' lang='lat' dir='ltr'><strong>premitur,</strong></span> <span class='ocrx_word' id='word_1_261' title='bbox 991 2937 1100 2996; x_wconf 85' lang='lat' dir='ltr'><strong>etiamsi</strong></span> 
     </span>
    </p>

    <p class='ocr_par' dir='ltr' id='par_1_8' title="bbox 67 3021 1104 3594">
     <span class='ocr_line' id='line_1_31' title="bbox 67 3021 1102 3102; baseline -0.016 -8"><span class='ocrx_word' id='word_1_262' title='bbox 67 3053 94 3093; x_wconf 90' lang='lat' dir='ltr'><strong>ao</strong></span> <span class='ocrx_word' id='word_1_263' title='bbox 106 3029 228 3088; x_wconf 89' lang='lat' dir='ltr'><strong>interdiu</strong></span> <span class='ocrx_word' id='word_1_264' title='bbox 250 3048 365 3089; x_wconf 91' lang='lat' dir='ltr'><strong>somnus</strong></span> <span class='ocrx_word' id='word_1_265' title='bbox 386 3026 514 3095; x_wconf 87' lang='lat' dir='ltr'><strong>accedit;</strong></span> <span class='ocrx_word' id='word_1_266' title='bbox 542 3044 579 3085; x_wconf 83' lang='lat' dir='ltr'><strong>ex</strong></span> <span class='ocrx_word' id='word_1_267' title='bbox 601 3042 657 3102; x_wconf 93' lang='lat' dir='ltr'><strong>quo</strong></span> <span class='ocrx_word' id='word_1_268' title='bbox 680 3034 774 3084; x_wconf 86' lang='lat' dir='ltr'><strong>tamen</strong></span> <span class='ocrx_word' id='word_1_269' title='bbox 796 3025 881 3101; x_wconf 86' lang='lat' dir='ltr'><strong>pejor</strong></span> <span class='ocrx_word' id='word_1_270' title='bbox 904 3032 948 3081; x_wconf 92' lang='lat' dir='ltr'><strong>est</strong></span> <span class='ocrx_word' id='word_1_271' title='bbox 965 3021 1013 3099; x_wconf 95' lang='lat' dir='ltr'><strong>qui</strong></span> <span class='ocrx_word' id='word_1_272' title='bbox 1028 3021 1102 3078; x_wconf 88' lang='lat' dir='ltr'><strong>inter</strong></span> 
     </span>
     <span class='ocr_line' id='line_1_32' title="bbox 105 3107 1100 3191; baseline -0.013 -19"><span class='ocrx_word' id='word_1_273' title='bbox 105 3123 233 3191; x_wconf 83' lang='lat' dir='ltr'><strong>quartam</strong></span> <span class='ocrx_word' id='word_1_274' title='bbox 248 3113 346 3172; x_wconf 89' lang='lat' dir='ltr'><strong>horam</strong></span> <span class='ocrx_word' id='word_1_275' title='bbox 363 3122 390 3172; x_wconf 92' lang='lat' dir='ltr'><strong>et</strong></span> <span class='ocrx_word' id='word_1_276' title='bbox 409 3121 525 3171; x_wconf 91' lang='lat' dir='ltr'><strong>noctem</strong></span> <span class='ocrx_word' id='word_1_277' title='bbox 548 3118 608 3182; x_wconf 90' lang='lat' dir='ltr'><strong>est,</strong></span> <span class='ocrx_word' id='word_1_278' title='bbox 625 3126 709 3186; x_wconf 90' lang='lat' dir='ltr'><strong>quam</strong></span> <span class='ocrx_word' id='word_1_279' title='bbox 725 3109 773 3186; x_wconf 96' lang='lat' dir='ltr'><strong>qui</strong></span> <span class='ocrx_word' id='word_1_280' title='bbox 790 3107 952 3165; x_wconf 88' lang='lat' dir='ltr'><strong>amatutino</strong></span> <span class='ocrx_word' id='word_1_281' title='bbox 969 3113 1100 3179; x_wconf 88' lang='lat' dir='ltr'><strong>tempore</strong></span> 
     </span>
     <span class='ocr_line' id='line_1_33' title="bbox 104 3188 1102 3277; baseline -0.015 -21"><span class='ocrx_word' id='word_1_282' title='bbox 104 3197 140 3256; x_wconf 89' lang='lat' dir='ltr'><strong>ad</strong></span> <span class='ocrx_word' id='word_1_283' title='bbox 157 3206 286 3277; x_wconf 90' lang='lat' dir='ltr'><strong>quartam</strong></span> <span class='ocrx_word' id='word_1_284' title='bbox 305 3196 432 3277; x_wconf 81' lang='lat' dir='ltr'><strong>(Proqn.</strong></span> <span class='ocrx_word' id='word_1_285' title='bbox 451 3196 472 3272; x_wconf 81' lang='lat'>§</span> <span class='ocrx_word' id='word_1_286' title='bbox 490 3195 554 3273; x_wconf 86' lang='lat'>10).</span> <span class='ocrx_word' id='word_1_287' title='bbox 588 3192 745 3252; x_wconf 88' lang='lat' dir='ltr'><strong>Pessimum</strong></span> <span class='ocrx_word' id='word_1_288' title='bbox 761 3201 854 3249; x_wconf 89' lang='lat' dir='ltr'><strong>tamen</strong></span> <span class='ocrx_word' id='word_1_289' title='bbox 870 3197 928 3263; x_wconf 91' lang='lat' dir='ltr'><strong>est,</strong></span> <span class='ocrx_word' id='word_1_290' title='bbox 945 3188 968 3244; x_wconf 93' lang='lat' dir='ltr'><strong>si</strong></span> <span class='ocrx_word' id='word_1_291' title='bbox 987 3203 1102 3244; x_wconf 88' lang='lat' dir='ltr'><strong>somnus</strong></span> 
     </span>
     <span class='ocr_line' id='line_1_34' title="bbox 105 3268 1103 3360; baseline -0.014 -21"><span class='ocrx_word' id='word_1_292' title='bbox 105 3300 200 3359; x_wconf 87' lang='lat' dir='ltr'><strong>neque</strong></span> <span class='ocrx_word' id='word_1_293' title='bbox 216 3291 319 3358; x_wconf 90' lang='lat' dir='ltr'><strong>noctu,</strong></span> <span class='ocrx_word' id='word_1_294' title='bbox 338 3300 432 3360; x_wconf 93' lang='lat' dir='ltr'><strong>neque</strong></span> <span class='ocrx_word' id='word_1_295' title='bbox 447 3279 570 3339; x_wconf 91' lang='lat' dir='ltr'><strong>interdiu</strong></span> <span class='ocrx_word' id='word_1_296' title='bbox 586 3277 698 3336; x_wconf 83' lang='lat' dir='ltr'><strong>accedit</strong></span> <span class='ocrx_word' id='word_1_297' title='bbox 713 3274 840 3352; x_wconf 75' lang='lat' dir='ltr'><strong>(Proque.</strong></span> <span class='ocrx_word' id='word_1_298' title='bbox 856 3272 878 3347; x_wconf 82' lang='lat'>§</span> <span class='ocrx_word' id='word_1_299' title='bbox 897 3273 967 3349; x_wconf 89' lang='lat'>10):</span> <span class='ocrx_word' id='word_1_300' title='bbox 985 3268 1013 3327; x_wconf 96' lang='lat' dir='ltr'><strong>id</strong></span> <span class='ocrx_word' id='word_1_301' title='bbox 1029 3269 1103 3327; x_wconf 93' lang='lat' dir='ltr'><strong>enim</strong></span> 
     </span>
     <span class='ocr_line' id='line_1_35' title="bbox 105 3352 1102 3436; baseline -0.014 -13"><span class='ocrx_word' id='word_1_302' title='bbox 105 3366 168 3424; x_wconf 89' lang='lat' dir='ltr'><strong>fere</strong></span> <span class='ocrx_word' id='word_1_303' title='bbox 197 3368 258 3424; x_wconf 90' lang='lat' dir='ltr'><strong>sine</strong></span> <span class='ocrx_word' id='word_1_304' title='bbox 287 3367 421 3426; x_wconf 90' lang='lat' dir='ltr'><strong>continuo</strong></span> <span class='ocrx_word' id='word_1_305' title='bbox 450 3364 552 3424; x_wconf 90' lang='lat' dir='ltr'><strong>dolore</strong></span> <span class='ocrx_word' id='word_1_306' title='bbox 580 3377 728 3422; x_wconf 90' lang='lat' dir='ltr'><strong>essenon</strong></span> <span class='ocrx_word' id='word_1_307' title='bbox 755 3365 853 3435; x_wconf 89' lang='lat' dir='ltr'><strong>potest</strong></span> <span class='ocrx_word' id='word_1_308' title='bbox 880 3352 992 3436; x_wconf 82' lang='lat' dir='ltr'><strong>(Coeo.</strong></span> <span class='ocrx_word' id='word_1_309' title='bbox 1013 3352 1102 3431; x_wconf 79' lang='lat'>497).</span> 
     </span>
     <span class='ocr_line' id='line_1_36' title="bbox 71 3437 1104 3584; baseline -0.012 -77"><span class='ocrx_word' id='word_1_310' title='bbox 71 3448 211 3526; x_wconf 75' lang='lat' dir='ltr'><strong>seneque</strong></span> <span class='ocrx_word' id='word_1_311' title='bbox 232 3467 304 3509; x_wconf 91' lang='lat' dir='ltr'><strong>vero</strong></span> <span class='ocrx_word' id='word_1_312' title='bbox 329 3451 440 3526; x_wconf 79' lang='lat' dir='ltr'><strong>signum</strong></span> <span class='ocrx_word' id='word_1_313' title='bbox 468 3447 570 3507; x_wconf 89' lang='lat' dir='ltr'><strong>malum</strong></span> <span class='ocrx_word' id='word_1_314' title='bbox 592 3457 636 3506; x_wconf 88' lang='lat' dir='ltr'><strong>est</strong></span> <span class='ocrx_word' id='word_1_315' title='bbox 655 3446 738 3505; x_wconf 84' lang='lat' dir='ltr'><strong>etiam</strong></span> <span class='ocrx_word' id='word_1_316' title='bbox 760 3456 861 3500; x_wconf 88' lang='lat' dir='ltr'><strong>somno</strong></span> <span class='ocrx_word' id='word_1_317' title='bbox 884 3438 958 3584; x_wconf 67' lang='lat' dir='ltr'><strong>ultr3a</strong></span> <span class='ocrx_word' id='word_1_318' title='bbox 979 3437 1104 3498; x_wconf 89' lang='lat' dir='ltr'><strong>debiturn</strong></span> 
     </span>
     <span class='ocr_line' id='line_1_37' title="bbox 155 3553 285 3594; baseline 0.023 -3"><span class='ocrx_word' id='word_1_319' title='bbox 155 3553 250 3594; x_wconf 82' lang='lat' dir='ltr'><strong>causus</strong></span> <span class='ocrx_word' id='word_1_320' title='bbox 267 3554 285 3594; x_wconf 87' lang='lat' dir='ltr'><strong>r.</strong></span> 
     </span>
    </p>
   </div>
   <div class='ocr_carea' id='block_1_8' title="bbox 0 0 1212 3924">
    <p class='ocr_par' dir='ltr' id='par_1_9' title="bbox 0 0 1212 3924">
     <span class='ocr_line' id='line_1_38' title="bbox 0 0 1212 3924; baseline 0 0"><span class='ocrx_word' id='word_1_321' title='bbox 0 0 1212 3924; x_wconf 95' lang='lat' dir='ltr'><strong> </strong></span> 
     </span>
    </p>
   </div>
  </div>
 </body>
</html>
