2414 3924
420 208 489 254 urs.
504 207 554 254 111.
574 205 649 253 one.
666 208 723 253 xx.
736 207 811 254 εει.
1051 194 1110 254 105

115 373 180 424 tuor
201 359 347 440 amphoris
369 369 458 420 toturn
479 378 534 439 per
552 369 637 439 caput
658 360 884 439 perfundendum
898 370 952 420 εει.
983 359 1042 419 Sed
1055 359 1113 420 boc

115 456 236 521 utemur,
253 447 278 505 si
293 443 424 522 aequalis
446 461 537 522 aegro
553 445 670 523 spiritus
687 447 756 521 erit,
772 445 797 504 si
810 446 909 504 mollia
925 443 1112 523 praecordia:

116 532 160 590 sin
183 531 267 589 aliter
286 528 359 588 haec
380 537 478 604 erunt,
498 546 532 588 ea
555 530 684 606 potiora,
706 546 778 606 quac
802 546 889 608 supra
904 527 1113 607 comprehensa

116 623 189 674 sunt.
220 613 274 688 Ει,
297 611 374 691 quod
395 612 430 671 ad
447 629 574 684 somnum
590 612 702 690 quidem
724 613 862 692 pertinet,
884 612 1114 672 commodissima

91 700 189 767 abaco
222 697 294 757 ratio
322 705 375 755 εει.
419 696 551 756 Medendi
577 706 671 755 autem
697 715 799 773 causa,
829 706 915 775 caput
942 695 1112 764 radendum;

115 780 220 841 deinde
235 797 326 858 posca
341 780 495 840 fovendum
510 789 570 851 εει,
594 783 621 838 in
638 798 692 858 qua
708 781 819 856 laurus,
843 789 890 840 εει
910 790 971 840 ruta
992 780 1114 840 decocta

116 868 152 924 sit
165 863 212 942 *):
235 865 328 925 altero
349 864 395 924 dic
416 864 617 942 imponendum
637 874 815 939 castoreum5
839 873 886 923 εει
900 874 962 924 ruta
977 883 1014 923 ex
1028 873 1114 924 aceto

118 950 254 1025 contrita,
277 957 324 1008 aut
345 948 417 1008 lauri
438 949 563 1024 baccae,
592 957 640 1007 aut
661 948 768 1007 hedera
790 966 855 1007 cum
875 966 943 1009 rosa
970 957 998 1008 ει
1019 957 1113 1008 εεειο.

118 1033 334 1111 Praecipueque
357 1033 488 1111 proiicit,
513 1040 542 1091 ει
565 1032 600 1091 ad
624 1032 803 1092 excitandum
819 1031 976 1108 bominem,
997 1032 1114 1092 naribus

82 1143 108 1182 10
119 1116 278 1194 admotum,
295 1126 324 1176 et
338 1117 374 1175 ad
390 1117 520 1176 morbum
536 1117 628 1195 ipsum
644 1116 864 1194 depellendum,
887 1118 973 1194 capiti
988 1115 1113 1176 frontive

117 1201 280 1277 impositum
295 1202 397 1278 sinapi.
429 1199 556 1260 Gestatio
574 1202 657 1260 etiarn
670 1203 698 1259 in
714 1200 773 1259 boe
787 1200 888 1261 rnorbo
902 1199 1040 1279 prodest;
1055 1219 1112 1260 ma·

116 1286 250 1362 ximeque
269 1294 432 1363 opportune
448 1284 528 1344 cibus
546 1283 644 1359 datus,
660 1284 688 1343 id
704 1286 790 1343 estin
806 1286 991 1360 remissione,
1010 1292 1114 1363 quanta

116 1369 239 1428 maxima
255 1370 376 1427 inveniri
392 1370 509 1447 poterit.
540 1368 695 1446 Aptissima
707 1377 801 1428 autem
816 1370 936 1429 sorbitio
951 1378 1005 1445 εει,
1020 1368 1114 1428 donec

116 1451 233 1510 morbus
246 1452 420 1511 decrescere
433 1453 565 1530 incipiat:
582 1454 636 1527 sic,
650 1461 682 1513 ,ει
694 1455 718 1512 si
733 1452 859 1531 quotidie
873 1455 970 1530 gravis
980 1455 1113 1513 accessio

84 1564 108 1604 η
118 1544 172 1609 εει,
188 1535 261 1595 haec
276 1537 402 1613 quotidie
420 1535 518 1608 detur;
538 1539 563 1596 si
578 1536 706 1613 alternis,
720 1546 787 1615 post
802 1539 965 1613 graviorem
980 1537 1113 1612 sorbitio,

118 1629 184 1699 post
205 1619 344 1679 leviorem
365 1620 455 1679 mulsa
485 1639 568 1699 aqua.
600 1620 702 1679 Vinum
722 1638 837 1699 quoque
859 1639 921 1679 cum
941 1622 1113 1698 tempestivo

118 1703 184 1763 cibo
208 1702 302 1764 datum
324 1722 381 1764 non
407 1705 593 1764 mediocriter
615 1704 739 1780 adjuvat,
771 1703 854 1779 Quod
875 1705 898 1762 si
920 1714 988 1782 post
1009 1705 1115 1781 longas

117 1787 216 1846 febres
232 1789 371 1862 ejusmodi
386 1799 487 1866 torpor
503 1790 638 1863 accessit,
656 1797 754 1848 cetera
769 1788 867 1848 eadem
880 1787 1022 1848 servanda
1033 1797 1112 1847 sunt:

119 1879 184 1929 ante
201 1873 397 1931 accessionem
414 1882 521 1948 autem,
544 1871 632 1930 tribus
649 1881 808 1950 quatuorve
828 1871 924 1947 horis,
942 1882 1113 1948 castoreum,

83 1983 110 2023 20
122 1956 145 2013 si
161 1964 261 2014 venter
275 1955 428 2015 adstrictus
445 1965 505 2030 εει,
527 1957 643 2015 mixtum
662 1973 724 2015 cum
740 1958 926 2023 scammonia;
945 1959 969 2015 si
986 1964 1113 2031 nonest,

121 2057 173 2116 per
197 2057 229 2098 se
250 2042 343 2118 ipsum
366 2059 428 2100 curn
452 2058 523 2117 aqua
546 2040 666 2099 dandum
686 2049 740 2099 εει.
756 2044 759 2047 ’
774 2041 804 2099 Si
829 2040 996 2119 praecordia
1017 2038 1114 2098 mollia

119 2133 198 2198 sunt,
222 2123 293 2183 cibis
316 2124 449 2184 utendum
471 2133 515 2182 est
531 2124 723 2202 plenioribus;
745 2126 769 2184 si
785 2124 870 2200 dura,
891 2126 918 2182 in
937 2124 1037 2184 iisdem
1053 2140 1113 2182 soc

118 2206 273 2267 bitionibus
289 2207 513 2274 subsistendum;
539 2204 797 2286 imponendumque
821 2208 1016 2287 praecordiis,
1038 2206 1115 2286 quod

119 2292 200 2349 simul
216 2301 244 2350 et
260 2294 410 2370 reprimat,
430 2301 459 2351 et
474 2292 610 2352 emolliat.

84 2557 108 2594 ns
453 2529 634 2591 CAPUT
665 2532 775 2590 XXI.

429 2661 433 2668 ·
514 2649 550 2697 De
566 2647 719 2712 hydropicis.

184 2797 241 2856 Sed
262 2797 308 2856 hic
332 2798 445 2874 quidem
468 2808 567 2857 acutus
597 2808 640 2857 εει
663 2797 789 2857 morbus.
826 2799 942 2874 Longus
962 2816 1033 2858 vero
1053 2799 1116 2858 fieri

120 2890 217 2959 potest
233 2899 345 2956 eorum,
363 2899 436 2959 quos
453 2900 525 2960 aqua
541 2883 614 2940 inter
630 2891 722 2940 cutem
739 2881 813 2940 male
829 2881 929 2951 babet;
948 2884 1001 2941 nisi
1017 2884 1115 2960 primis

120 2965 220 3023 diebus
245 2965 391 3024 discussus
414 2975 472 3023 est:
498 2954 637 3042 ὕδρωπα
658 2964 761 3024 Graeci
784 2974 898 3023 vocant.
935 2965 1029 3042 Atque
1052 2965 1114 3038 ejus

84 3059 179 3107 autres
201 3051 318 3127 species
343 3059 416 3107 εεει.
452 3048 523 3107 Nam
546 3047 647 3122 modo,
669 3056 770 3105 ventre
791 3047 977 3108 vehementer
996 3051 1114 3122 intento,

119 3134 222 3192 creber
244 3137 318 3192 intus
334 3152 371 3192 ex
392 3141 470 3191 motu
492 3134 608 3211 spiritus
627 3149 714 3189 sonus
730 3139 788 3189 est:
811 3130 896 3190 modo
911 3150 1015 3208 corpus
1037 3133 1114 3189 inae·

186 3353 215 3417 *)
233 3353 330 3404 Caelius
347 3352 499 3401 Aurelianus
514 3351 556 3400 lib.
582 3351 613 3398 ΙΙ.
646 3347 730 3398 Morb.
753 3347 825 3397 Acut.
845 3363 899 3414 cap.
924 3349 940 3400 9
965 3351 1000 3399 itu
1014 3342 1071 3398 εεεί1

118 3423 271 3473 Heraclides
288 3429 364 3484 caput
377 3436 455 3483 posca
471 3421 547 3484 fouet,
565 3421 590 3468 in
607 3433 656 3483 qua
671 3421 757 3466 laurus
772 3417 851 3480 suerit
868 3420 983 3480 decocta,
1001 3423 1028 3468 et
1042 3426 1067 3465 rt

118 3493 186 3540 raeda
206 3507 300 3556 quoque
318 3492 415 3552 capillis
434 3491 502 3553 unpit
518 3495 632 3538 castoreo
650 3495 695 3537 ειε.
