2414 3924
129 207 170 269 76
425 217 459 266 r.
475 216 505 267 c.
522 217 620 267 cuasa
636 216 830 265 numerumn

129 373 222 449 tibus,
246 373 323 431 scire
340 371 410 430 licet
430 371 610 446 increscere,
632 371 657 431 si
673 387 790 430 somnus
804 373 930 430 incertus
953 379 1012 443 est,
1036 370 1061 429 si
1078 370 1127 429 de·

129 458 219 518 terior
235 456 408 530 concoctio,
424 456 447 513 si
464 454 634 514 foetidiorcs
649 452 839 530 dejectiones,
858 456 880 513 si
893 455 1001 514 tardior
1013 471 1127 530 sensus,

129 542 154 600 si
169 539 282 619 pigrior
296 556 396 612 mens,
421 538 444 596 si
471 539 612 616 percurrit
628 555 735 616 corpus
751 537 843 615 frigus
860 548 906 598 aut
929 537 1025 611 calor,
1050 539 1076 596 si
1100 537 1128 596 id

128 625 221 699 magis
242 621 341 699 pailet.
372 621 414 680 Ea
430 637 517 697 vero,
531 617 613 700 'quae
630 621 773 681 contraria
795 622 841 680 bis
858 630 937 697 sunt,
959 620 1128 682 decedentis

130 708 194 781 ejns
210 713 296 765 notae
312 713 385 763 sunt.
418 703 536 764 Praeter
551 705 625 764 baec
647 705 676 762 in
697 705 787 764 acutis
802 705 911 765 morbis
927 705 1019 764 serius
1037 722 1151 782 aegere

130 789 251 849 alendus
269 796 328 863 est,
345 805 401 846 nec
418 788 472 846 nisi
483 788 543 861 jam
557 787 715 847 inclinatis:
740 795 769 845 ut
791 789 883 866 primo
900 788 994 848 demta
1009 790 1129 849 materia

130 875 263 950 impetum
285 871 416 947 frangat:
445 871 474 928 in
494 869 590 948 longis
613 872 764 945 maturius,
790 879 819 930 ut
841 873 982 930 sustinere
1006 873 1128 949 spatium

129 957 259 1017 affecturi
280 954 346 1013 maii
364 954 465 1030 possit.
497 953 544 1013 Ac
564 955 588 1012 si
608 954 720 1033 quaudo
740 956 765 1012 is
783 970 839 1013 non
861 957 890 1014 in
907 964 967 1014 toto
991 972 1127 1032 corpore,

129 1039 230 1100 sedin
253 1046 335 1117 parte
353 1046 412 1106 est;
435 1039 528 1114 magis
553 1045 647 1097 tamen
670 1038 781 1096 adrem
804 1042 945 1114 pertinet,
967 1040 1025 1097 vim
1040 1041 1128 1099 totius

130 1124 264 1202 corporis
288 1121 398 1193 moliri,
423 1139 506 1198 quam
528 1122 647 1198 proprie
665 1121 881 1200 (proprisset)
907 1122 998 1199 partis
1018 1140 1127 1199 aegrae
1138 1137 1163 1176 ro

129 1208 278 1266 sanitatem
294 1205 349 1282 (ci.
366 1203 429 1280 v11,
447 1205 494 1281 3).
522 1203 640 1264 Multum
658 1205 743 1264 etiam
758 1206 895 1280 interest,
915 1204 951 1264 ab
968 1207 1048 1264 initio
1065 1207 1128 1284 quis

128 1297 210 1349 recte
226 1296 341 1346 curatus
352 1289 398 1361 sit,
412 1305 447 1346 an
462 1304 629 1367 perperam:
646 1289 712 1365 quia
724 1289 834 1347 curatio
846 1291 937 1348 minus
949 1289 984 1347 iis
997 1289 1128 1368 prodest,

129 1374 158 1431 in
174 1371 277 1450 quibus
297 1370 411 1430 assidue
426 1371 532 1430 frustra
546 1369 607 1430 iuit.
640 1371 671 1429 Si
686 1372 749 1449 quis
766 1380 873 1431 temere
889 1371 1019 1446 babitus,
1036 1372 1129 1432 adbuc

129 1456 250 1531 integris
269 1453 377 1512 viribus
393 1455 476 1530 vivit,
501 1453 614 1513 admota
631 1457 778 1514 curatione
799 1464 943 1514 momento
959 1458 1127 1515 restituitur.

191 1538 249 1597 Sed
272 1555 355 1616 quum
378 1537 413 1596 ab
438 1539 472 1596 iis
497 1538 643 1616 coeperim
660 1537 713 1617 (Π,
728 1538 783 1615 2),
806 1557 879 1616 quae
894 1547 977 1598 notas
992 1539 1128 1618 quasdam
1140 1556 1162 1595 ra

128 1623 240 1682 futurae
267 1620 407 1681 adversae
433 1621 603 1681 valetudinis
626 1621 778 1698 exhibent,
810 1623 986 1682 curationum
1011 1640 1128 1701 quoque

129 1706 299 1785 principium
315 1703 350 1764 ab
363 1704 611 1764 animadversione
628 1704 758 1780 ejusdem
772 1708 911 1783 temporis
929 1707 1041 1766 faciam.
1069 1706 1127 1782 lgi-

128 1799 173 1848 tur
189 1786 292 1868 siquid
307 1807 345 1847 ex
363 1790 406 1864 iis,
422 1807 495 1868 quae
507 1791 658 1867 proposita
669 1799 744 1864 sunt,
761 1788 869 1865 incidit,
885 1792 1006 1849 omnium
1021 1792 1128 1868 optima

130 1881 195 1932 sunt
210 1874 292 1950 quies
308 1880 336 1930 et
351 1871 538 1940 abstinentia;
561 1873 585 1931 si
601 1872 668 1950 quid
686 1871 841 1932 bibendum
856 1883 916 1948 est,
934 1891 1021 1952 aqua;
1040 1872 1127 1953 idque

129 1956 268 2016 interdum
282 1972 336 2014 uuo
349 1955 395 2014 die
407 1955 468 2014 beri
483 1957 553 2017 satis
568 1965 627 2022 est:
645 1956 793 2032 interdum,
809 1957 833 2014 si
852 1960 987 2017 terrentia
1002 1967 1126 2035 manent,
1136 1974 1162 2014 ro

129 2040 232 2099 biduo:
252 2041 442 2118 proximeque
460 2039 659 2099 abstinentiam
673 2039 827 2100 sumendus
839 2050 884 2099 est
897 2040 977 2100 cibus
993 2044 1126 2117 exiguus,

128 2123 253 2182 bibenda
269 2141 356 2202 aqua;
383 2133 503 2203 postero
526 2123 572 2181 die
595 2124 679 2182 etiam
694 2126 805 2193 rinum;
827 2124 930 2184 deinde
945 2127 1068 2185 invicem
1087 2126 1126 2185 al·

39 2279 42 2283 ¹
128 2209 216 2268 ternis
227 2206 337 2283 diebus,
353 2207 439 2266 modo
453 2225 542 2284 aqua,
558 2206 645 2266 modo
658 2208 751 2267 vinum
764 2208 818 2287 (ci.
833 2207 856 2284 1,
871 2209 918 2286 4),
931 2208 1024 2269 donec
1035 2211 1126 2269 omnis

129 2309 234 2351 causae
253 2299 346 2349 metus
368 2291 488 2349 finiatur.
518 2289 574 2349 Per
596 2290 670 2351 baec
690 2293 765 2351 enirn
790 2309 879 2369 saepe
898 2294 1006 2353 instans
1028 2294 1127 2370 gravis

127 2373 244 2432 morbus
269 2374 427 2436 discutitur.
459 2372 631 2452 Plurimique
652 2374 803 2450 falluntur,
825 2376 889 2434 dum
911 2394 944 2435 se
964 2377 1057 2454 primo
1080 2377 1161 2436 diets

128 2458 259 2535 protinus
277 2455 441 2515 sublaturos
458 2456 628 2533 languorem
646 2467 693 2517 aut
708 2460 927 2533 exercitatione,
945 2468 992 2517 aut
1009 2459 1127 2536 balneo,

128 2549 175 2600 aut
192 2548 294 2598 coacta
309 2539 484 2614 dejectione,
503 2550 549 2599 aut
564 2542 684 2617 vomitu,
700 2551 748 2601 aut
763 2541 976 2618 sudationibus,
993 2551 1041 2602 aut
1057 2547 1126 2603 vino

128 2630 254 2701 sperant.
287 2621 352 2681 Non
369 2639 425 2700 quo
442 2640 498 2682 non
513 2624 654 2683 interdum
673 2626 702 2684 id
718 2624 835 2702 incidat,
857 2625 910 2686 sed
930 2642 987 2703 quo
1010 2629 1127 2704 saepius

128 2705 215 2781 fallat,
234 2706 354 2783 solaque
369 2704 540 2767 abstinentia
555 2710 617 2766 sine
634 2708 693 2768 ullo
709 2708 840 2789 periculo
854 2709 1018 2778 medentum
1042 2729 1125 2790 quum

128 2791 295 2867 praesertim
316 2792 400 2849 etiam
424 2809 476 2869 pro
497 2791 582 2851 modo
607 2795 728 2852 terroris
751 2793 894 2852 moderari
916 2793 1020 2861 liceat:
1049 2805 1077 2854 et
1100 2797 1124 2853 si
1135 2810 1160 2850 sc

127 2872 238 2932 leviora
256 2873 358 2933 indicia
373 2874 488 2950 fuerint,
507 2876 576 2933 satis
592 2877 627 2934 sit
643 2894 659 2935 a
674 2878 741 2934 vino
757 2885 863 2935 tantum
874 2876 1029 2951 abstinere,
1049 2878 1125 2957 qaod

127 2956 301 3016 subtractum
325 2958 406 3035 plus,
436 2961 567 3035 quamsi
595 2957 661 3017 cibo
691 2959 757 3038 quid
777 2959 919 3035 dematur,
944 2960 1073 3036 adjuvat:
1101 2962 1125 3019 si

127 3040 212 3121 paulo
234 3042 384 3116 graviora,
407 3059 464 3100 nou
489 3059 590 3118 aquam
612 3050 718 3102 tautum
735 3043 853 3119 bibere,
879 3044 930 3103 sed
953 3047 1036 3104 etium
1058 3044 1124 3102 cibo
1168 3034 1181 3055 ”

127 3143 242 3185 carnem
257 3124 440 3193 subtrahere;
459 3125 600 3183 interdum
618 3129 700 3202 panis
716 3144 831 3205 quoque
845 3128 953 3203 minus,
971 3144 1053 3206 quam
1069 3143 1123 3205 pro

127 3209 333 3267 consuetudine
356 3227 519 3283 assumere,
541 3208 714 3287 humidoque
731 3210 797 3269 cibo
813 3229 881 3269 esse
897 3219 1073 3286 contentum,
1096 3220 1160 3270 etas

128 3291 208 3350 olere
227 3293 420 3368 potissimum:
445 3294 574 3368 satisque
591 3294 644 3366 sit,
668 3303 736 3353 tunc
752 3312 788 3352 ex
803 3303 866 3353 toto
883 3312 899 3353 a
916 3294 996 3370 cibo,
1012 3313 1028 3354 a
1045 3297 1123 3369 rino,

126 3373 162 3431 ab
186 3376 261 3434 omni
292 3384 369 3434 motu
402 3377 536 3451 corporis
564 3375 728 3453 abstinere,
755 3394 839 3454 quum
862 3375 1049 3438 vehementes
1072 3396 1123 3439 no·

125 3465 172 3513 tac
194 3465 366 3516 terruerunt.
397 3457 498 3535 Neque
516 3457 629 3518 dubium
646 3468 708 3535 est,
733 3461 800 3538 quin
817 3460 867 3519 rix
889 3462 1053 3539 quisquam,
1075 3463 1124 3539 qui
