2414 3924
452 205 747 256 mmmm
1059 200 1099 262 to

97 362 193 427 luatur
218 363 265 440 qui
288 378 341 439 per
367 362 462 420 omnia
480 361 634 436 jucundam
658 363 721 437 eJus
742 361 921 441 disciplinam
945 383 1012 425 essc
1032 383 1099 426 con·

99 447 218 526 cipiunt.
250 443 279 505 ls
302 446 377 504 enim
397 444 582 505 ulterioribus
604 446 718 522 quidem
738 446 840 506 diebus
863 447 993 508 cubantis
1015 450 1101 509 etiarn

98 530 230 595 luxuriae
256 530 443 607 subscripsit;
475 528 573 606 primis
598 547 670 588 vero
695 532 814 590 tortoris
839 533 934 590 vicem
961 532 1100 592 exhibuit.

97 614 165 692 Ego
178 621 272 674 autem
287 612 559 674 medicamentorum
574 612 633 672 dari
650 616 793 691 potiones,
811 623 840 673 et
853 615 947 675 alvum
962 615 1027 674 duci
1042 634 1101 676 non

72 699 154 759 anisi
169 714 235 759 raro
258 696 383 773 debere,
400 695 546 764 concedo;
569 713 625 755 non
649 696 715 757 ideo
736 706 831 758 tamen
846 698 874 757 id
895 699 1052 776 agendum,
1070 709 1102 759 ut

99 784 182 859 aegri
198 782 277 841 vires
294 779 510 856 convellantur,
534 781 682 849 existimo;
700 784 833 858 quoniam
848 801 886 841 ex
905 782 1111 844 imbecillitate

98 883 237 927 summum
256 864 414 945 periculum
435 873 489 925 est.
516 864 604 924 bliuui
626 881 699 940 ergo
720 873 826 925 tantum
846 868 994 926 materiam
1014 885 1100 946 supe·

98 960 208 1012 rantem
227 959 359 1027 oportet,
376 966 450 1026 qnae
467 947 634 1008 naturaliter
651 946 805 1026 digeritur,
821 949 868 1009 ubi
886 950 955 1010 nihil
969 952 1038 1011 novi
1053 969 1100 1011 ac·

100 1034 186 1096 cedit.
214 1033 317 1112 ltaque
340 1030 526 1092 abstinendus
549 1050 566 1090 a
589 1032 654 1090 cibo
678 1034 777 1109 primis
798 1033 913 1110 diebus,
935 1044 964 1095 et
985 1036 1013 1093 in
1034 1034 1100 1095 luce

65 1117 248 1180 nohabendus
263 1135 370 1194 aeger,
385 1116 439 1175 nisi
454 1116 597 1189 infirmus,
620 1115 742 1175 interdiu
758 1127 818 1192 est,
842 1121 975 1195 quoniam
993 1135 1102 1196 corpus

99 1207 154 1265 ista
169 1219 284 1282 quoque
300 1201 420 1277 digerit;
444 1201 526 1276 isque
543 1199 650 1259 cubare
665 1217 748 1278 quam
762 1203 885 1261 maximo
903 1201 1036 1261 conclavi
1051 1201 1099 1262 dc·

99 1288 158 1347 bet.
191 1285 277 1361 onoc
292 1285 327 1344 ad
349 1287 422 1344 sitim
443 1300 514 1343 vero
530 1300 716 1361 somnumque
737 1287 875 1361 pertinet,
898 1284 1100 1346 moderandum

101 1380 163 1446 est,
187 1378 217 1429 ιιι
233 1368 356 1427 interdiu
378 1366 496 1444 vigilet;
513 1377 617 1441 noctu,
636 1369 661 1426 si
677 1368 740 1426 fieri
757 1378 871 1448 potest,
893 1371 1099 1447 conquiescat:

101 1474 135 1515 ac
151 1470 246 1531 neque
266 1461 363 1531 potet,
386 1469 481 1529 neque
501 1453 615 1511 nimium
633 1453 680 1511 siti
696 1453 848 1512 crucietur.
879 1452 919 1512 Os
936 1456 1021 1512 etiam
1037 1454 1101 1527 ejus

66 1540 159 1599 uolui
179 1545 291 1615 potest,
312 1536 361 1595 ubi
384 1545 413 1595 et
437 1536 546 1594 siccum
568 1545 628 1610 est,
654 1545 682 1594 et
703 1537 758 1613 ipsi
780 1535 887 1605 foetet;
916 1539 1044 1615 quamvis
1072 1536 1100 1595 id

100 1633 213 1701 tempus
242 1621 352 1697 potioni
377 1627 472 1697 aptum
499 1637 557 1678 non
582 1628 636 1679 est.
675 1618 890 1698 Commodeque
910 1620 1101 1680 Erasistratus

100 1706 177 1781 dixit,
197 1720 303 1782 saepe,
322 1704 461 1762 interiore
478 1712 559 1780 parte
575 1703 723 1763 humorem
737 1721 794 1762 non
816 1706 997 1782 requirente,
1022 1720 1056 1762 os
1071 1712 1101 1762 et

99 1791 199 1849 iauces
213 1789 378 1865 requirere;
402 1803 497 1862 neque
516 1786 551 1846 ad
571 1805 648 1858 rem,
672 1788 745 1846 male
761 1786 861 1847 haberi
876 1805 1010 1864 aegrum,
1034 1804 1099 1865 per·

100 1876 201 1932 tinere.

65 1977 91 2017 ao
163 1954 208 2014 Ac
224 1956 315 2032 primo
331 1954 444 2032 quidem
466 1955 508 2012 sic
529 1953 669 2012 tenendus
685 1964 738 2013 est.
772 1954 913 2033 Optimum
928 1972 998 2013 vero
1014 1953 1100 2013 nredi·

102 2048 260 2101 camentunr
283 2045 344 2113 est,
366 2047 530 2115 opportune
552 2037 632 2095 cibus
654 2038 751 2097 datus:
775 2039 822 2116 qui
844 2037 956 2115 quando
980 2041 1100 2114 primum

101 2124 162 2184 dari
183 2122 302 2195 debeat,
329 2123 484 2199 quaeritur.
521 2119 655 2198 Plerique
677 2140 714 2180 ex
737 2122 861 2198 antiquis
883 2121 963 2179 tarde
987 2120 1099 2197 dabant,

102 2225 192 2283 saepe
209 2208 306 2283 quinto
323 2204 380 2278 die,
398 2222 488 2281 saepe
504 2213 604 2264 sexto:
625 2214 654 2263 et
670 2205 697 2263 id
712 2204 838 2264 fortasse
854 2204 901 2263 vel
917 2205 945 2262 in
957 2204 1036 2281 Asia,
1052 2204 1100 2263 vel

101 2296 129 2351 in
144 2290 294 2367 Aegypto,
311 2288 387 2348 coeli
402 2289 474 2347 ratio
489 2290 595 2366 patitur
607 2288 662 2366 (ci.
677 2288 700 2362 l,
712 2288 879 2366 proceru).
896 2286 1099 2367 Asclepiades,

66 2375 150 2434 rsubi
173 2390 291 2449 aegrum
311 2372 405 2431 triduo
430 2389 482 2449 per
505 2373 597 2431 omnia
626 2371 814 2448 fatigaverat,
841 2381 943 2450 quarto
964 2372 1010 2432 die
1034 2371 1101 2431 cibo

103 2456 272 2517 destinabat.
301 2455 341 2514 At
356 2456 510 2515 Themison
524 2474 626 2533 nuper,
642 2474 699 2515 non
711 2456 824 2534 quando
839 2459 987 2533 coepisset
1001 2455 1100 2531 febris,

104 2539 154 2600 sed
176 2539 288 2618 quando
310 2539 460 2612 desiisset,
483 2548 529 2597 aut
545 2548 625 2598 certe
646 2539 741 2599 levata
762 2549 856 2616 esset,
883 2539 1100 2608 considerabat;

103 2634 132 2684 et
153 2624 188 2683 ab
209 2622 260 2683 illo
283 2632 609 2701 tempore,exspectat0
628 2623 674 2682 die
689 2625 791 2698 tertio,
815 2625 839 2682 si
857 2640 915 2681 non
935 2631 1103 2683 accesserat

102 2708 204 2780 lebris,
220 2709 330 2775 statim;
347 2709 371 2766 si
386 2716 564 2781 accesserat,
581 2705 628 2764 ubi
645 2725 678 2765 ea
694 2707 742 2766 vel
757 2706 893 2780 desierat,
909 2708 973 2782 vel,
992 2711 1015 2766 si
1031 2707 1101 2765 assi·

66 2792 157 2855 adue
174 2790 357 2865 inhaerebat,
381 2798 460 2849 certe
476 2808 542 2849 sese
563 2790 766 2864 inclinaverat,
790 2790 882 2849 cibum
898 2790 991 2849 dabat.
1025 2788 1102 2848 Nihil

102 2884 195 2936 autern
213 2873 314 2933 horum
337 2875 432 2951 utique
456 2882 625 2951 perpetuum
649 2882 701 2931 est.
733 2873 804 2932 Nanr
824 2881 921 2950 potest
942 2869 1032 2950 primo
1055 2871 1102 2931 die

103 2959 212 3036 primus
235 2957 316 3016 cibus
336 2957 444 3017 dandus
469 2975 552 3029 esse,
584 2964 683 3034 potest
705 2957 852 3029 secundo,
886 2965 984 3032 potest
1005 2957 1102 3030 tertio,

103 3050 201 3120 potest
222 3059 279 3100 non
298 3042 353 3099 nisi
368 3050 486 3118 quarto,
503 3049 549 3099 aut
563 3040 676 3116 quinto;
699 3048 796 3116 potest
812 3047 878 3115 post
898 3056 980 3096 unam
1001 3054 1102 3097 acces·

103 3129 231 3198 sionem,
255 3134 353 3202 potest
375 3133 443 3202 post
460 3123 546 3197 duas,
571 3131 668 3198 potest
690 3131 755 3200 post
770 3121 878 3198 plures.
912 3121 1014 3183 Relert
1028 3121 1102 3178 enim

67 3225 93 3265 aa
102 3209 195 3287 qualis
211 3208 328 3267 morbus
345 3210 397 3280 sit,
421 3208 506 3286 quale
522 3223 645 3282 corpus,
667 3204 752 3283 quale
768 3203 899 3279 coelum,
918 3221 992 3280 quae
1010 3211 1101 3277 aetas,

103 3291 182 3370 quod
195 3301 309 3370 tempus
329 3295 408 3367 anni,
429 3293 601 3367 minimeque
623 3291 651 3346 in
669 3287 757 3347 rebus
777 3287 893 3346 multum
909 3288 982 3346 inter
998 3304 1031 3344 se
1048 3284 1102 3343 dil·

102 3375 277 3451 lerentibus,
300 3385 468 3454 perpetuum
485 3375 552 3451 esse
573 3381 760 3451 praeceptum
776 3372 915 3450 temporis
932 3378 1040 3447 potest.
1068 3368 1102 3428 ln

102 3459 219 3536 morbo,
241 3462 288 3537 qui
311 3459 375 3536 plus
397 3461 497 3517 virium
518 3458 627 3532 aulert,
658 3456 782 3516 celerius
807 3454 889 3515 cibus
909 3452 1018 3513 dandus
1039 3462 1103 3513 ast?
