2414 3924
460 81 680 148 ..33-

54 248 131 311 quae
156 235 261 289 autem
283 245 353 288 cum
376 230 459 288 nasci
481 229 636 306 coeperint
658 226 706 287 liis
728 229 823 306 signis
845 237 1079 306 cognoscuntur.

53 321 84 379 in
110 319 222 398 primis
251 317 370 378 dolores
394 318 527 376 sentiunt
554 322 742 395 aegrotantes
765 333 835 376 cum
860 316 1078 400 obripilatione,

54 415 84 468 et
102 416 174 487 post
193 406 307 485 aliquot
325 404 390 465 dies
409 404 501 465 veluti
518 404 651 465 lautores
669 403 796 465 anomali
814 407 924 465 iterum
943 407 1093 467 efficiun-⁴

53 506 103 556 tur
127 513 200 556 cum
222 494 325 555 dolore
345 501 377 554 et
394 492 611 573 obripilatione.
649 501 766 554 etcum
791 495 945 572 coeperint
963 497 1077 556 saniem

53 587 186 664 nutrire,
220 586 311 644 ctiam
342 581 443 642 febres
475 581 660 642 inordinatae
687 588 833 642 secuntur
860 599 928 640 cnm
959 583 1105 643 fastidius

54 673 201 734 ciborum.
244 679 275 733 et
298 688 368 732 cum
392 688 482 750 supra
505 678 639 730 ventrem
669 672 817 730 lacuerint
839 669 1008 731 laborantes
1031 671 1077 731 vel

55 763 83 821 in
111 762 243 822 alterum
271 779 304 820 se
333 761 479 819 verterint
506 758 584 820 latus
611 759 641 819 id
670 765 716 819 est
743 776 848 820 sanum
879 759 958 836 quod
986 760 1078 821 luerit

56 853 180 929 patienti
209 849 296 909 lateri
324 850 522 928 contrarium,
554 847 646 907 veluti
677 847 867 926 gravedinem
897 848 1077 925 pendentem

57 941 84 998 iu
107 937 308 999 interioribus
332 938 478 1010 sentiunt,
502 943 533 996 et
555 934 713 1014 aliquando
736 938 831 1015 ipsius
853 935 911 995 loci
936 938 1076 1015 patientis

58 1028 193 1088 exaltatio
223 1026 362 1086 eilleitur.
406 1033 478 1086 tunc
502 1042 571 1084 cum
599 1025 689 1084 nimie
718 1026 867 1085 creverint
895 1033 1075 1104 apostemata
1091 1044 1119 1083 ιο

57 1117 284 1196 eruptionisque
313 1114 617 1196 appropinquaverint
644 1113 724 1194 dies,
751 1115 879 1173 vomitus
909 1113 986 1174 fellis
1009 1113 1076 1174 ssavi

58 1207 195 1267 efficitur.
232 1201 391 1281 aliquando
414 1205 445 1262 in
464 1201 689 1262 similitudinem
712 1201 821 1262 coloris
844 1201 984 1262 loliorum
1008 1205 1076 1263 viri-

59 1295 136 1354 dium
159 1295 246 1373 porri
266 1291 416 1352 choleram
434 1297 557 1351 vomunt
580 1309 669 1369 quam
692 1290 849 1370 prasoiden
870 1298 984 1372 vocant,
1006 1309 1076 1352 cnm

60 1384 170 1462 ingenti
194 1382 287 1441 animi
308 1379 427 1441 defectu
451 1396 540 1458 quem
562 1379 754 1458 lipotbymian
778 1387 897 1460 vocant,
926 1398 996 1440 cum
1019 1379 1077 1440 levi

60 1470 167 1533 sudore
195 1471 228 1529 in
255 1471 352 1548 capite
379 1475 410 1528 et
436 1469 516 1528 circa
544 1471 715 1546 superiores
742 1475 843 1547 partes
870 1469 1008 1529 thoracis,
1045 1476 1076 1529 et
1091 1487 1117 1526 rr,

62 1563 81 1620 si
102 1576 227 1620 sursum
250 1565 302 1618 aut
324 1559 356 1617 in
378 1556 479 1617 lateris
503 1574 617 1616 summa
640 1559 763 1635 regione
789 1559 945 1635 eruperint
968 1563 998 1617 et
1022 1575 1077 1636 per

63 1650 201 1708 vomitum
220 1645 428 1725 depurgantur
441 1654 471 1705 et
489 1652 558 1723 post
571 1647 741 1726 ruptionem
762 1648 787 1704 si
806 1644 940 1705 lebribus
955 1647 1077 1705 minime

10 1770 12 1829 4
64 1737 211 1797 caruerint
234 1742 434 1813 aegrotantes,
457 1741 584 1794 mortem
607 1734 738 1794 futuram
758 1733 926 1814 denuntiat,
950 1734 1077 1792 maxime

10 1834 12 1907 ξ
65 1827 85 1884 si
109 1823 222 1904 grande
250 1824 342 1883 suerit
369 1830 528 1903 apostema.
571 1824 596 1882 si
624 1841 694 1883 vero
722 1824 753 1882 in
781 1820 905 1882 renibus
933 1824 1076 1901 eruperit,

10 1954 12 1971 .
65 1915 144 1974 urina
165 1911 328 1993 purulenta
356 1913 417 1972 sive
442 1912 558 1972 saniosa
587 1911 755 1972 excluditur
778 1918 808 1971 et
831 1910 975 1971 ulceratio
998 1912 1076 1989 peri·
1092 1931 1118 1970 rc

10 2054 12 2061 .
64 2002 159 2062 eulosa
186 2004 218 2060 in
249 2000 374 2060 renibus
402 2000 592 2079 significatur.
637 2003 663 2060 si
685 2019 756 2060 vero
779 2001 811 2060 in
834 2000 970 2059 inferiori
992 2007 1076 2079 parte

10 2186 13 2215 ,
129 2138 264 2191 tantem
281 2152 327 2206 ge:
347 2151 397 2190 om.
411 2152 442 2205 9.
554 2137 708 2205 2919914)
727 2134 951 2205 oripilationep.
1061 2142 1077 2188 3

66 2208 146 2262 veluti
169 2207 294 2261 leniores
317 2223 360 2261 an.
384 2223 431 2275 99,
454 2206 574 2260 leniores
597 2207 687 2261 veluti
710 2224 791 2275 amp
817 2208 877 2276 (qui
899 2207 1018 2260 leniores
1037 2208 1078 2260 oi·

65 2280 156 2334 tiosam
179 2295 236 2333 esse
259 2279 355 2343 999911,
380 2280 443 2344 fort.
463 2294 516 2345 pro
540 2277 672 2332 leniores.
723 2279 758 2344 cf.
783 2278 855 2333 Cael.
879 2279 933 2332 etr.
963 2283 994 2343 5,
1022 2280 1078 2344 94).

66 2350 222 2420 tceperint
239 2366 271 2419 g:
291 2348 364 2402 -rit
381 2365 423 2417 cp.
527 2353 542 2401 5
563 2353 694 2403 secuntur
713 2350 789 2417 (seori
808 2351 847 2402 sic
866 2352 890 2416 9)
909 2365 969 2417 999.
1061 2355 1077 2402 8

11 2424 15 2479 ἶ
65 2422 228 2487 pendentem
246 2437 273 2489 9,
291 2418 501 2489 pendenti[bus]
521 2435 548 2472 c:
567 2420 685 2488 pcedete
700 2436 730 2489 p.
823 2426 855 2474 10
875 2419 1010 2473 exaltatio
1030 2436 1076 2488 cp:

11 2502 16 2601 ἱ
65 2493 179 2565 ablatio
200 2511 232 2576 (i.
258 2525 279 2562 e.
302 2507 444 2562 exhalatio
462 2512 504 2575 9⁰)
522 2523 547 2575 9.
669 2507 808 2563 creverint
831 2510 1010 2576 apostemata
1032 2524 1077 2575 gc:

13 2610 17 2641 ι,
66 2582 176 2636 creverit
195 2582 344 2648 apostema
357 2597 388 2646 p.
489 2583 520 2630 11
541 2597 595 2647 que
610 2598 644 2648 p:
671 2596 720 2634 om.
740 2596 773 2648 99
792 2579 956 2648 (eruptionis
977 2596 1076 2647 appro-

13 2648 17 2729 Ι
66 2650 261 2720 pinquaverint
276 2667 307 2719 9,
331 2648 484 2717 eruptionis
504 2653 522 2715 q
541 2650 789 2720 appropinquare?
805 2668 840 2719 p,
861 2667 897 2703 er.
920 2650 1079 2719 propinqua

14 2734 17 2791 t
66 2720 310 2793 propinquaverint
327 2722 367 2774 sic
385 2724 418 2788 9).
515 2720 970 2790 119119119999911191991999.
1046 2725 1077 2772 13

14 2804 17 2837 ῑ
66 2795 149 2849 colera
167 2810 194 2862 9,
216 2791 361 2858 99119999,
381 2791 502 2844 coleram
518 2810 547 2860 p.
647 2793 723 2860 quod
741 2809 771 2860 9,
791 2809 859 2860 quos
879 2809 901 2859 9,
920 2797 939 2861 q
958 2793 1033 2860 (que)
1048 2808 1078 2858 p.

14 2840 19 2891 l
67 2861 649 2933 99991119999999911191199911919199.
725 2869 758 2916 14
777 2881 860 2931 quem
879 2880 907 2931 g:
934 2879 1018 2930 quam
1037 2877 1079 2928 cp.

67 2933 227 3005 lipotomian
245 2950 271 3001 9,
289 2933 476 3001 liupothomia
495 2951 517 3002 c,
536 2935 687 3003 lipotum1a
701 2951 731 3002 p.
836 2934 892 2988 levi
910 2950 957 3002 ge:
976 2931 1034 2984 leni
1048 2947 1079 2997 p.

70 3011 92 3060 a
110 3005 217 3061 toraeis
234 3021 295 3074 gcp.
384 3009 416 3057 16
435 3005 465 3058 19
483 3004 501 3059 l.
521 3022 571 3059 sua
589 3005 701 3074 regione
725 3005 833 3074 ruperit
852 3005 912 3072 (sic)
931 3000 1078 3071 991919-

69 3077 124 3130 teris
144 3083 227 3130 numa
245 3074 389 3143 regionem
408 3075 551 3145 eruperint
564 3094 594 3145 p.
683 3078 723 3129 et:
743 3080 837 3142 9919,
857 3090 956 3141 91999.
1046 3078 1077 3124 l‘i

71 3146 253 3218 depurgentur
270 3161 316 3214 99,
334 3147 516 3215 purgaverint
530 3165 561 3215 p.
635 3147 660 3200 si
677 3164 706 3216 9ε
726 3163 775 3200 om.
796 3162 836 3216 cp.
923 3143 1010 3197 febris
1029 3143 1080 3196 mi-

72 3217 134 3274 nime
153 3237 177 3275 9.
198 3234 221 3286 9,
240 3217 332 3270 febres
351 3234 406 3270 non
426 3217 583 3273 dimiserint
597 3236 627 3285 p.
703 3223 736 3270 18
756 3219 915 3289 egrotantes
934 3231 978 3283 ge:
1001 3232 1080 3284 egro-

74 3288 186 3344 bntibus
202 3305 232 3358 9,
321 3288 480 3343 denuntiat:
501 3291 586 3342 —ant
604 3305 663 3358 999.
738 3295 769 3343 19
790 3288 894 3357 grande
910 3304 946 3376 p:
966 3284 1088 3363 grandis

76 3373 103 3423 99.
172 3365 208 3414 21
228 3359 355 3413 inferiori
374 3360 437 3427 (sic)
457 3377 518 3429 999.

115 3459 234 3500 cassius
249 3458 336 3498 Felix
362 3459 397 3500 ed.
412 3460 439 3498 V.
453 3459 522 3501 Rosa.
904 3454 919 3500 3
