2414 3924
397 243 466 290 urs.
478 243 516 290 11.
532 243 607 292 cun.
624 244 681 291 xv.
700 244 771 292 xvr.
1041 233 1077 295 61

89 417 128 460 ex
141 406 203 458 toto
218 415 368 477 numquam
380 399 490 475 gestari
503 415 611 477 corpus
623 398 726 460 dolens
741 398 837 476 debet,
853 402 916 461 sive
927 399 955 459 id
969 401 997 459 in
1008 409 1083 478 toto,

90 484 152 543 sive
171 484 200 542 in
223 491 306 560 parte
327 491 386 551 est;
410 483 464 541 nisi
478 490 573 542 tamen
588 482 659 543 solis
674 486 772 544 nervis
792 483 972 552 dolentibus;
988 502 1084 561 nequa

90 583 220 646 umquam
244 569 427 627 increscente
450 565 548 642 febre,
574 567 626 626 sed
640 569 669 627 iu
683 570 854 628 remissione
870 569 942 644 ejus.
970 568 1083 629 Genera

90 660 183 712 autem
198 652 370 728 gestationis
384 649 467 729 plura
484 660 562 720 sunt;
586 668 661 729 qnae
676 651 836 712 adhibenda
851 661 916 712 sunt
931 661 961 712 et
976 670 1029 731 pro
1044 653 1083 711 vi·

65 735 170 795 aribus
185 736 342 813 cujusque,
365 743 394 793 et
409 751 462 811 pro
480 734 597 813 opibus;
619 754 655 794 ne
677 745 725 795 aut
743 735 916 797 imbecillum
940 735 1084 797 bominem

89 820 172 878 nimis
188 819 330 896 digerant,
347 827 395 878 aut
409 817 506 878 humili
523 819 626 878 desint.
655 818 813 881 Lenissima
829 829 874 880 est
890 821 972 897 navi,
988 821 1036 880 vel
1053 823 1084 880 in

90 912 192 983 portu,
213 901 260 961 vel
282 905 310 960 in
333 902 462 969 dumine;
483 903 682 963 vehementior
700 904 749 963 vel
769 907 797 964 in
818 905 875 966 alto
892 903 966 983 (vid.
983 922 1011 983 p.
1031 905 1082 982 65,

89 987 110 1046 l.
129 987 203 1065 38),
221 986 267 1046 vel
289 987 409 1053 lectica;
428 988 578 1047 etiamnum
596 990 693 1047 acrior
715 989 860 1049 vehiculo.
893 988 990 1067 Atque
1011 988 1084 1049 baec

91 1072 155 1150 ipsa
170 1079 199 1130 et
213 1070 319 1130 intendi
334 1079 363 1130 et
378 1071 460 1129 leniri
477 1080 607 1148 possunt.
640 1073 670 1131 Si
682 1072 751 1132 nihil
763 1073 862 1132 borum
876 1082 930 1150 est,
946 1071 1084 1152 suspendi

58 1155 184 1216 inlectus
204 1152 305 1233 debct,
325 1164 354 1214 et
373 1157 500 1215 moveri:
523 1157 547 1215 si
568 1174 604 1215 ne
626 1156 654 1216 id
678 1157 792 1235 quidem
813 1165 873 1233 est,
895 1165 923 1216 at
942 1167 1021 1216 certe
1037 1157 1084 1217 uni

92 1239 158 1318 pedi
174 1239 382 1313 subjiciendum
397 1238 563 1299 fulmentum
579 1249 634 1316 est,
651 1250 736 1319 atque
751 1243 789 1301 ita
804 1241 896 1302 lectus
908 1240 963 1301 buc
975 1250 1005 1301 ct
1015 1241 1084 1301 illuc

92 1340 174 1383 mann
189 1322 381 1403 impellendus
398 1324 454 1402 (ci.
471 1322 551 1383 Orib.
566 1323 599 1384 Τ.
616 1323 639 1401 Ι,
655 1343 684 1404 ρ.
701 1324 788 1404 661).

155 1408 192 1468 lit
205 1408 280 1468 lenia
291 1407 403 1487 quidem
415 1425 524 1485 genera
536 1410 753 1469 exercitationis
765 1411 883 1470 iniirmis
896 1412 1068 1470 conveniunt

92 1492 252 1553 valentiora
278 1509 348 1551 vero
369 1494 421 1567 iis,
444 1494 491 1570 qui
510 1494 571 1569 Jam
593 1493 722 1572 pluribus
744 1493 844 1554 diebus
865 1494 947 1555 iebre
971 1493 1084 1554 liberati

59 1593 83 1634 rc
93 1586 172 1645 sunt;
187 1586 234 1637 aut
248 1577 292 1653 iis,
309 1577 356 1655 qui
371 1578 501 1653 gravium
513 1577 676 1637 morborum
692 1579 770 1638 initia
785 1581 827 1637 sic
845 1581 979 1654 sentiunt,
997 1587 1026 1638 ut
1037 1577 1084 1638 ad-

92 1661 148 1721 buc
165 1661 249 1720 febre
265 1668 384 1735 vacent,
407 1660 484 1739 quod
500 1671 530 1720 et
548 1663 576 1720 in
591 1662 674 1738 tabe,
698 1671 727 1721 et
741 1663 769 1720 io
786 1662 924 1722 stomachi
941 1664 1034 1739 vitiis,
1057 1669 1086 1721 et

92 1762 176 1825 mom
191 1762 263 1823 aqua
281 1753 374 1803 cutem
390 1744 489 1821 subiit,
512 1754 540 1804 et
553 1744 692 1805 interdum
706 1748 734 1804 in
750 1745 851 1806 morbo
867 1749 949 1824 regio
971 1748 1016 1815 ilt;
1037 1753 1086 1805 aut

92 1828 140 1888 ubi
158 1829 269 1907 quidam
289 1828 395 1905 morbi,
413 1828 505 1908 qualis
523 1829 689 1902 comitialis,
712 1829 804 1909 qualis
819 1831 927 1890 insania
942 1839 1001 1907 cst,
1023 1831 1085 1888 sine

93 1911 192 1990 febre,
208 1914 335 1991 quamvis
351 1912 412 1989 diu,
434 1923 558 1972 manent.
587 1912 620 1973 ln
635 1913 738 1992 quibus
754 1914 903 1974 affectibus
920 1932 953 1974 ea
970 1930 1085 1993 quoque

57 2015 202 2074 mgenera
223 1999 459 2057 exercitationum
481 1999 647 2058 necessaria
667 2007 746 2072 sunt,
770 2016 843 2076 quae
867 1995 1084 2076 comprehendi·

91 2100 153 2141 mus
170 2099 205 2141 eo
221 2081 306 2156 loco,
323 2099 396 2160 quo,
420 2081 653 2160 quemadmodum
672 2082 744 2158 sani,
763 2100 856 2160 neque
873 2083 944 2142 iirmi
955 2082 1085 2141 homines

92 2183 123 2223 se
140 2174 286 2242 gererent,
303 2168 503 2243 praecepimus
520 2165 557 2245 (l,
573 2166 619 2245 2).

419 2401 601 2463 CAPUT
631 2404 737 2464 XVI.
798 2443 802 2450 ·

478 2516 514 2565 De
533 2516 694 2569 abstinentia.

56 2693 82 2732 25
155 2663 354 2726 Abstinentiae
377 2686 448 2727 vero
478 2669 533 2727 duo
556 2686 666 2744 genera
688 2677 768 2728 sunt:
792 2668 926 2743 alterum,
950 2666 997 2727 ubi
1018 2668 1087 2727 nibil

93 2750 210 2808 assumit
233 2767 337 2827 aeger;
363 2751 498 2829 alterum,
522 2751 569 2812 ubi
591 2770 648 2812 non
670 2754 725 2811 nisi
747 2751 824 2830 quod
848 2762 974 2831 oportet.
1006 2752 1087 2812 Initia

92 2832 257 2893 morborum
279 2839 397 2912 primum
420 2836 522 2895 famem
540 2838 671 2913 sitimque
693 2836 871 2895 desiderant:
902 2837 957 2915 ipsi
984 2836 1087 2896 deinde

92 2917 185 2978 morbi
199 2918 441 2995 moderationem,
465 2930 494 2981 ut
516 2939 609 2998 neque
633 2919 708 2978 aliud
730 2935 812 2998 quam
832 2917 966 2996 expedit,
995 2936 1088 2997 neque

92 3003 156 3079 ejus
176 3005 266 3082 ipsius
291 3007 402 3063 nimium
419 3015 558 3070 sumatur:
580 3021 674 3080 neque
699 3005 771 3061 enim
794 3003 928 3060 convenit
943 3004 1026 3075 juxta
1048 3004 1088 3060 in·

57 3087 185 3154 acediam
202 3089 333 3165 protinus
348 3091 506 3148 satietatem
523 3106 599 3146 esse.
634 3086 717 3159 Quod
743 3087 767 3144 si
790 3087 867 3144 sanis
888 3102 1003 3162 quoque
1025 3103 1088 3143 cor-

93 3172 211 3250 poribus
228 3173 326 3232 inutile
343 3183 396 3249 est,
413 3173 461 3232 ubi
473 3172 566 3249 aliqua
582 3170 742 3228 necessitas
757 3168 859 3226 famem
875 3167 959 3232 iecit:
983 3176 1088 3245 quanto

92 3257 216 3315 inutilius
233 3266 278 3316 est
294 3259 322 3315 in
341 3274 467 3334 corpore
486 3257 571 3314 etiam
587 3248 700 3329 aegro?
725 3250 828 3329 Neque
845 3251 905 3309 ulle
924 3269 973 3309 res
996 3251 1089 3326 magis

92 3338 208 3415 adjuvat
223 3340 416 3417 laborantem,
442 3358 523 3419 quem
544 3337 716 3416 tempestiva
737 3334 917 3394 abstinentia.
944 3333 1089 3412 Intempe-

92 3433 189 3483 rantes
210 3423 343 3483 bomines
364 3425 439 3503 apud
461 3443 515 3484 nos
538 3424 593 3502 ipsi
613 3420 668 3481 cibi
688 3429 818 3499 tempora
834 3418 997 3478 curantibus
1012 3418 1072 3478 dan*

57 3506 204 3569 scllursus
223 3509 272 3567 alii
294 3516 425 3585 tempora
446 3508 565 3568 medicis
588 3524 641 3585 pro
664 3504 739 3564 dono
760 3505 921 3580 remittunt,
944 3503 998 3562 sibi
1017 3503 1060 3582 ips
