2414 3924
525 215 765 281 -148—

222 364 253 422 iu
291 358 496 422 curationibus
528 379 599 420 vero
630 362 769 440 primitus
802 370 956 441 aegrotum
989 363 1149 442 trispormo

135 448 372 531 cataplasmabis,
400 448 430 510 id
454 458 501 510 est
522 447 619 510 tribus
643 448 807 511 seminibus
831 468 867 511 ex
895 452 973 512 laeui
998 452 1099 530 graeci
1122 460 1153 512 et

134 541 256 599 seminis
285 538 339 598 lini
370 547 400 599 et
429 537 534 599 hordei
561 536 722 617 pollinibus
757 556 826 600 oum
854 557 930 618 aqua
962 549 992 601 et
1023 538 1089 599 oleo
1122 548 1152 599 et

135 626 251 688 modico
274 625 361 688 melle
390 629 548 688 concoctis.
592 635 622 687 et
649 635 806 706 postquam
836 627 941 689 tuleris
964 627 1152 708 cataplasma,

107 719 198 796 ⁵ipsa
220 715 285 777 loca
303 715 398 776 calido
422 714 531 776 sabano
555 715 693 794 deterges
717 725 747 777 et
770 716 835 776 oleo
860 719 980 777 arretino
1003 717 1151 796 tepefacto

133 823 314 885 perungues‚
334 812 364 864 et
382 806 426 865 sio
444 803 510 864 lana
533 804 644 865 munda
665 821 700 865 ac
718 804 799 865 molli
817 807 935 884 operies
954 815 984 866 et
1004 804 1151 866 lasciabis.

134 895 223 954 etiam
251 902 281 954 et
308 892 424 972 oxymel
451 892 567 953 diurnis
595 891 701 954 diebus
731 894 840 954 ieiunis
863 911 933 954 cum
956 911 1032 972 aqua
1054 897 1150 973 apiata

135 980 227 1042 calida
250 980 342 1042 dabis,
379 984 462 1042 novit
483 983 563 1041 enim
586 980 815 1043 crassitudinem
840 981 986 1060 llegmatis
1009 982 1150 1058 incidere.

135 1073 223 1131 etiam
251 1079 281 1132 et
308 1071 411 1131 urinas
439 1087 544 1130 eorum
571 1069 747 1149 provocabis
770 1089 806 1130 ex
836 1070 1011 1132 decoctione
1039 1073 1098 1151 apii
1122 1081 1152 1132 et

95 1174 121 1213 ιο
135 1158 257 1220 feniculi
286 1159 418 1220 radicum
454 1160 575 1219 cortice.
621 1160 709 1219 etiam
742 1167 773 1219 et
800 1167 935 1219 ventrem
967 1159 1074 1239 llegma
1101 1158 1151 1219 de·
1186 1228 1188 1232 7

16 1240 20 1246 ’
136 1246 315 1308 ducentibus
351 1255 382 1308 ot
419 1249 562 1309 vomitum
598 1265 635 1308 ex
666 1245 816 1308 radicibus
848 1247 1031 1326 provocabis.
1082 1259 1151 1327 post

136 1335 209 1398 haec
233 1336 375 1415 epithima
398 1334 445 1397 dia
468 1344 639 1416 spermaton
662 1353 802 1416 appones.

468 1494 528 1555 LX.
564 1495 613 1556 Ad
636 1487 820 1578 e2iemcras.

227 1618 382 1698 Simplices
410 1617 510 1679 lebres
537 1617 779 1699 Hippocrates
809 1620 954 1680 elemeras
986 1618 1151 1700 appellavit,

97 1723 123 1763 15
137 1710 227 1770 sicuti
240 1707 395 1769 Galenus
415 1707 451 1767 ad
465 1706 646 1768 Glauconem
661 1706 796 1768 scribens
814 1710 911 1788 primo
930 1707 1006 1768 libro
1023 1707 1152 1768 edocuit.

137 1804 167 1858 et
190 1799 366 1877 contingunt
394 1796 568 1874 frequenter
591 1813 628 1856 ex
651 1794 839 1856 antecedenti
866 1794 967 1856 labore
996 1803 1047 1857 aut
1069 1798 1171 1855 rino.

135 1886 226 1947 leutia
257 1894 308 1948 aut
340 1884 494 1947 iracundia
525 1892 576 1945 aut
607 1886 728 1946 tristitia
756 1893 807 1946 aut
838 1903 874 1944 ex
903 1882 1151 1963 indigestionibus

136 1983 188 2036 aut
215 1974 312 2054 aliqua
339 1976 517 2053 cogitatione
545 1974 636 2033 animi
666 1972 847 2047 vehementi,
875 1972 1032 2052 aliquando
1062 1980 1092 2033 et
1116 1991 1152 2032 ex

135 2065 291 2143 inguinum
311 2061 422 2141 dolore,
443 2063 582 2141 quotiens
600 2060 772 2141 glandulosa
795 2070 915 2140 praeter
934 2061 1030 2140 aliqua
1049 2061 1151 2122 ulcera

89 2167 124 2209 ‚ro
139 2151 250 2210 luerint
273 2153 336 2229 ipsa
360 2151 489 2229 inguine.

210 2292 223 2339 1
243 2285 407 2353 iuspermon
426 2300 452 2352 c,
471 2283 653 2353 trispemmon
666 2302 697 2354 p.
794 2289 810 2338 2
830 2284 972 2355 fenugreci
990 2300 1017 2352 c,
1039 2279 1107 2356 teng
1120 2303 1151 2354 p.

137 2363 153 2410 3
177 2355 228 2409 lini
251 2371 301 2409 om.
315 2372 346 2424 p.
455 2360 471 2408 5
491 2355 597 2410 sabano
610 2373 646 2426 p:
671 2372 774 2425 sepone
794 2371 816 2412 c.
932 2362 948 2409 6
966 2371 1105 2425 perunges
1120 2373 1151 2424 p.

136 2428 203 2482 lena
221 2443 247 2480 c:
268 2443 332 2480 oum
350 2425 417 2481 lans.
429 2443 461 2496 p.
540 2442 574 2480 ac
592 2443 619 2481 ez
638 2428 667 2481 et
681 2444 712 2496 p.
795 2426 887 2495 operis
906 2443 947 2496 ep.
1031 2427 1152 2481 ‘letiam

137 2500 179 2553 et:
200 2497 286 2552 etiam
300 2515 332 2567 p,
352 2500 381 2552 et
399 2514 420 2553 e.
494 2496 615 2552 oximell’
637 2515 659 2565 e,
679 2496 783 2553 oximel
791 2515 822 2566 p.
896 2497 1034 2551 diuturnis
1053 2497 1152 2551 diebus

137 2586 164 2637 c,
183 2569 282 2624 diebus
300 2568 440 2622 diuturnis
453 2584 484 2636 p.
574 2567 681 2623 ieiunii
700 2585 721 2624 e.
814 2585 878 2622 cum
897 2566 993 2636 apieta
1013 2566 1105 2620 calida
1119 2585 1151 2637 p,

137 2657 201 2695 cum
220 2656 295 2708 aqua
312 2639 411 2708 tepido
432 2640 512 2708 piata
530 2638 623 2694 calida
642 2656 664 2696 c.
774 2645 789 2694 8
808 2637 931 2693 incidere
944 2654 979 2706 p:
1004 2637 1110 2718 seidone
1129 2656 1152 2693 e.

138 2711 365 2766 vetimento
388 2716 413 2764 et
431 2716 494 2765 outo
512 2726 581 2766 corr.
596 2727 628 2779 p.
720 2717 753 2765 10
776 2709 854 2792 radic
875 2725 916 2778 ep.
1007 2710 1152 2775 corticeo,

137 2799 232 2907 macrii
247 2869 270 2918 c,
292 2782 903 2934 Ibdnftdbilibribnblclimeriffp9(bibn?iigdtlgrdb
917 2787 1018 2918 iredlb,
1030 2779 1081 2904 [db
1095 2780 1153 2906 {id-

138 2939 234 2978 meron
252 2924 310 2978 irad.
322 2925 364 2993 p).
439 2929 473 2976 14
491 2938 609 2992 ypocras
623 2939 646 2993 c,
663 2923 898 2992 ypocratrco(e?)s
917 2939 945 2991 p.
1018 2922 1153 2977 elemeras

138 3011 165 3060 c,
185 2993 322 3050 effimeras
336 3011 366 3063 p.
449 2993 590 3063 appell’ar'r
604 3011 640 3062 p,
659 2993 755 3049 -lstia
773 3010 795 3049 c.
870 2999 902 3047 15
922 2992 1050 3063 galienus
1069 3010 1095 3062 e,
1120 2994 1152 3058 G²

137 3066 240 3134 (simp
259 3065 334 3133 (Gal.
356 3065 421 3132 XI,
441 3068 479 3132 6).
570 3064 683 3120 edocuit
700 3082 727 3130 e,
750 3064 895 3140 redomuit
912 3081 942 3133 p.
1035 3070 1069 3119 16
1089 3081 1154 3120 con-

137 3155 224 3224 erngc
242 3170 284 3224 ep.
364 3152 500 3208 uolentia
513 3171 549 3223 p,
572 3153 716 3209 vindemie
734 3139 812 3222 eof.
831 3150 924 3223 pseu
943 3153 1027 3223 oet).
1119 3160 1152 3210 ιε

138 3250 156 3297 {a
179 3229 237 3314 ohil
263 3243 409 3314 comiaco}
432 3242 520 3296 animi
542 3258 570 3310 c,
593 3243 643 3296 aut
665 3241 730 3298 filiis
754 3240 828 3327 (eliis
846 3248 882 3312 ΡΘ
904 3244 936 3297 iu
958 3244 1055 3312 rnorg.)
1076 3245 1153 3312 cogi-

137 3331 293 3386 tationibus
311 3331 399 3386 animi
412 3348 444 3399 p.
528 3330 708 3386 vehementer
727 3331 861 3401 (-i1·1tp)
880 3347 922 3400 cp.
1009 3335 1038 3385 et
1056 3347 1106 3386 om.
1121 3349 1151 3401 p.

137 3417 172 3455 ex
190 3402 247 3472 ing.
267 3403 362 3458 dolore
377 3401 528 3471 (contingit
546 3402 613 3457 odd.
623 3404 669 3470 p):
689 3397 735 3455 ἐπὶ
751 3403 873 3474 poeticine
888 3402 950 3458 Gal.
1026 3407 1058 3456 1o
1073 3402 1153 3471 glan·

137 3472 237 3527 duloss
255 3476 319 3541 pter
338 3472 434 3540 aliqua
453 3472 526 3527 ulc'a
543 3471 600 3526 luit
618 3489 641 3539 e,
659 3471 827 3541 glandulosa
846 3473 999 3542 aliquando
1017 3473 1068 3545 <et
1086 3475 1152 3529 odd.
