<?xml version="1.0" encoding="UTF-8"?>
<!DOCTYPE html PUBLIC "-//W3C//DTD XHTML 1.0 Transitional//EN"
    "http://www.w3.org/TR/xhtml1/DTD/xhtml1-transitional.dtd">
<html xmlns="http://www.w3.org/1999/xhtml" xml:lang="en" lang="en">
 <head>
  <title>
</title>
<meta http-equiv="Content-Type" content="text/html;charset=utf-8" />
  <meta name='ocr-system' content='tesseract 3.04.00' />
  <meta name='ocr-capabilities' content='ocr_page ocr_carea ocr_par ocr_line ocrx_word'/>
</head>
<body>
  <div class='ocr_page' id='page_1' title='image "./cassiifelicisde00rosegoog_0175.png"; bbox 0 0 2414 3924; ppageno 0'>
   <div class='ocr_carea' id='block_1_1' title="bbox 530 195 866 266">
    <p class='ocr_par' dir='ltr' id='par_1_1' title="bbox 530 195 866 266">
     <span class='ocr_line' id='line_1_1' title="bbox 530 195 866 266; baseline 0.018 -6"><span class='ocrx_word' id='word_1_1' title='bbox 530 195 866 266; x_wconf 79' lang='lat'><strong>-160-,</strong></span> 
     </span>
    </p>
   </div>
   <div class='ocr_carea' id='block_1_2' title="bbox 24 340 1202 2015">
    <p class='ocr_par' dir='ltr' id='par_1_2' title="bbox 24 340 1202 1309">
     <span class='ocr_line' id='line_1_2' title="bbox 140 340 1157 423; baseline 0 -20"><span class='ocrx_word' id='word_1_2' title='bbox 140 360 213 423; x_wconf 87' lang='lat' dir='ltr'><strong>pora</strong></span> <span class='ocrx_word' id='word_1_3' title='bbox 236 343 410 421; x_wconf 80' lang='lat' dir='ltr'><strong>frequenter</strong></span> <span class='ocrx_word' id='word_1_4' title='bbox 431 340 529 403; x_wconf 90' lang='lat' dir='ltr'><strong>hieme</strong></span> <span class='ocrx_word' id='word_1_5' title='bbox 552 350 583 403; x_wconf 88' lang='lat' dir='ltr'><strong>et</strong></span> <span class='ocrx_word' id='word_1_6' title='bbox 601 344 737 404; x_wconf 81' lang='lat' dir='ltr'><strong>autumni</strong></span> <span class='ocrx_word' id='word_1_7' title='bbox 759 343 818 402; x_wconf 89' lang='lat' dir='ltr'><strong>tine</strong></span> <span class='ocrx_word' id='word_1_8' title='bbox 837 343 993 423; x_wconf 87' lang='lat' dir='ltr'><strong>contingit,</strong></span> <span class='ocrx_word' id='word_1_9' title='bbox 1013 349 1044 403; x_wconf 92' lang='lat' dir='ltr'><strong>et</strong></span> <span class='ocrx_word' id='word_1_10' title='bbox 1063 346 1157 422; x_wconf 87' lang='lat' dir='ltr'><strong>magis</strong></span> 
     </span>
     <span class='ocr_line' id='line_1_3' title="bbox 141 429 1157 512; baseline 0 -20"><span class='ocrx_word' id='word_1_11' title='bbox 141 430 259 510; x_wconf 87' lang='lat' dir='ltr'><strong>quando</strong></span> <span class='ocrx_word' id='word_1_12' title='bbox 282 430 378 491; x_wconf 88' lang='lat' dir='ltr'><strong>hiems</strong></span> <span class='ocrx_word' id='word_1_13' title='bbox 400 429 572 512; x_wconf 90' lang='lat' dir='ltr'><strong>inchoatur,</strong></span> <span class='ocrx_word' id='word_1_14' title='bbox 599 449 691 492; x_wconf 85' lang='lat' dir='ltr'><strong>verno</strong></span> <span class='ocrx_word' id='word_1_15' title='bbox 715 438 814 491; x_wconf 91' lang='lat' dir='ltr'><strong>autem</strong></span> <span class='ocrx_word' id='word_1_16' title='bbox 838 437 868 491; x_wconf 86' lang='lat' dir='ltr'><strong>et</strong></span> <span class='ocrx_word' id='word_1_17' title='bbox 890 438 1003 491; x_wconf 80' lang='lat' dir='ltr'><strong>aestate</strong></span> <span class='ocrx_word' id='word_1_18' title='bbox 1027 431 1157 493; x_wconf 86' lang='lat' dir='ltr'><strong>difficile.</strong></span> 
     </span>
     <span class='ocr_line' id='line_1_4' title="bbox 228 519 1157 601; baseline 0.001 -22"><span class='ocrx_word' id='word_1_19' title='bbox 228 519 464 599; x_wconf 81' lang='lat' dir='ltr'><strong>peripleumonia</strong></span> <span class='ocrx_word' id='word_1_20' title='bbox 495 537 566 580; x_wconf 81' lang='lat' dir='ltr'><strong>vero</strong></span> <span class='ocrx_word' id='word_1_21' title='bbox 603 529 649 581; x_wconf 86' lang='lat' dir='ltr'><strong>est</strong></span> <span class='ocrx_word' id='word_1_22' title='bbox 681 521 812 580; x_wconf 87' lang='lat' dir='ltr'><strong>causatio</strong></span> <span class='ocrx_word' id='word_1_23' title='bbox 844 521 876 580; x_wconf 89' lang='lat' dir='ltr'><strong>in</strong></span> <span class='ocrx_word' id='word_1_24' title='bbox 908 527 972 580; x_wconf 88' lang='lat' dir='ltr'><strong>toto</strong></span> <span class='ocrx_word' id='word_1_25' title='bbox 1006 519 1157 601; x_wconf 82' lang='lat' dir='ltr'><strong>pulmone,</strong></span> 
     </span>
     <span class='ocr_line' id='line_1_5' title="bbox 141 606 1158 687; baseline 0 -18"><span class='ocrx_word' id='word_1_26' title='bbox 141 627 178 669; x_wconf 84' lang='lat' dir='ltr'><strong>ex</strong></span> <span class='ocrx_word' id='word_1_27' title='bbox 202 626 259 687; x_wconf 88' lang='lat' dir='ltr'><strong>qua</strong></span> <span class='ocrx_word' id='word_1_28' title='bbox 279 610 425 687; x_wconf 90' lang='lat' dir='ltr'><strong>contingit</strong></span> <span class='ocrx_word' id='word_1_29' title='bbox 443 616 543 669; x_wconf 86' lang='lat' dir='ltr'><strong>tumor</strong></span> <span class='ocrx_word' id='word_1_30' title='bbox 561 609 627 669; x_wconf 84' lang='lat' dir='ltr'><strong>heri</strong></span> <span class='ocrx_word' id='word_1_31' title='bbox 644 610 675 668; x_wconf 93' lang='lat' dir='ltr'><strong>in</strong></span> <span class='ocrx_word' id='word_1_32' title='bbox 693 606 867 668; x_wconf 90' lang='lat' dir='ltr'><strong>visceribus.</strong></span> <span class='ocrx_word' id='word_1_33' title='bbox 900 611 1038 687; x_wconf 84' lang='lat' dir='ltr'><strong>sequitur</strong></span> <span class='ocrx_word' id='word_1_34' title='bbox 1055 617 1158 670; x_wconf 90' lang='lat' dir='ltr'><strong>autem</strong></span> 
     </span>
     <span class='ocr_line' id='line_1_6' title="bbox 113 695 1202 777; baseline 0.001 -20"><span class='ocrx_word' id='word_1_35' title='bbox 113 704 279 777; x_wconf 73' lang='lat' dir='ltr'><strong>anagrates</strong></span> <span class='ocrx_word' id='word_1_36' title='bbox 309 696 401 758; x_wconf 89' lang='lat' dir='ltr'><strong>lebris</strong></span> <span class='ocrx_word' id='word_1_37' title='bbox 425 705 523 771; x_wconf 86' lang='lat' dir='ltr'><strong>acuta,</strong></span> <span class='ocrx_word' id='word_1_38' title='bbox 547 696 677 757; x_wconf 85' lang='lat' dir='ltr'><strong>thoracis</strong></span> <span class='ocrx_word' id='word_1_39' title='bbox 700 695 828 775; x_wconf 61' lang='lat' dir='ltr'><strong>maredo</strong></span> <span class='ocrx_word' id='word_1_40' title='bbox 851 714 920 757; x_wconf 93' lang='lat' dir='ltr'><strong>cum</strong></span> <span class='ocrx_word' id='word_1_41' title='bbox 944 699 1157 777; x_wconf 86' lang='lat' dir='ltr'><strong>contractione,</strong></span> <span class='ocrx_word' id='word_1_42' title='bbox 1201 706 1202 709; x_wconf 76' lang='grc'>’</span> 
     </span>
     <span class='ocr_line' id='line_1_7' title="bbox 141 783 1156 866; baseline -0.001 -19"><span class='ocrx_word' id='word_1_43' title='bbox 141 795 172 847; x_wconf 88' lang='lat' dir='ltr'><strong>et</strong></span> <span class='ocrx_word' id='word_1_44' title='bbox 195 787 302 866; x_wconf 91' lang='lat' dir='ltr'><strong>supino</strong></span> <span class='ocrx_word' id='word_1_45' title='bbox 322 788 415 866; x_wconf 89' lang='lat' dir='ltr'><strong>magis</strong></span> <span class='ocrx_word' id='word_1_46' title='bbox 439 784 588 846; x_wconf 90' lang='lat' dir='ltr'><strong>schemate</strong></span> <span class='ocrx_word' id='word_1_47' title='bbox 612 792 643 845; x_wconf 87' lang='lat' dir='ltr'><strong>et</strong></span> <span class='ocrx_word' id='word_1_48' title='bbox 666 783 753 845; x_wconf 89' lang='lat' dir='ltr'><strong>altius</strong></span> <span class='ocrx_word' id='word_1_49' title='bbox 772 787 868 864; x_wconf 88' lang='lat' dir='ltr'><strong>capito</strong></span> <span class='ocrx_word' id='word_1_50' title='bbox 891 787 988 845; x_wconf 85' lang='lat' dir='ltr'><strong>iacere</strong></span> <span class='ocrx_word' id='word_1_51' title='bbox 1007 784 1156 846; x_wconf 87' lang='lat' dir='ltr'><strong>delectan-</strong></span> 
     </span>
     <span class='ocr_line' id='line_1_8' title="bbox 141 872 1157 956; baseline 0 -21"><span class='ocrx_word' id='word_1_52' title='bbox 141 883 206 956; x_wconf 87' lang='lat' dir='ltr'><strong>tur,</strong></span> <span class='ocrx_word' id='word_1_53' title='bbox 243 877 275 935; x_wconf 91' lang='lat' dir='ltr'><strong>in</strong></span> <span class='ocrx_word' id='word_1_54' title='bbox 311 874 388 936; x_wconf 90' lang='lat' dir='ltr'><strong>latus</strong></span> <span class='ocrx_word' id='word_1_55' title='bbox 425 892 496 934; x_wconf 89' lang='lat' dir='ltr'><strong>vero</strong></span> <span class='ocrx_word' id='word_1_56' title='bbox 535 872 663 934; x_wconf 88' lang='lat' dir='ltr'><strong>dilticile.</strong></span> <span class='ocrx_word' id='word_1_57' title='bbox 708 881 796 952; x_wconf 88' lang='lat' dir='ltr'><strong>sputa</strong></span> <span class='ocrx_word' id='word_1_58' title='bbox 828 875 917 934; x_wconf 89' lang='lat' dir='ltr'><strong>etiam</strong></span> <span class='ocrx_word' id='word_1_59' title='bbox 950 873 1086 935; x_wconf 87' lang='lat' dir='ltr'><strong>similiter</strong></span> <span class='ocrx_word' id='word_1_60' title='bbox 1123 885 1157 935; x_wconf 92' lang='lat' dir='ltr'><strong>ut</strong></span> 
     </span>
     <span class='ocr_line' id='line_1_9' title="bbox 140 960 1157 1043; baseline 0.001 -21"><span class='ocrx_word' id='word_1_61' title='bbox 140 962 298 1042; x_wconf 89' lang='lat' dir='ltr'><strong>pleuretici</strong></span> <span class='ocrx_word' id='word_1_62' title='bbox 316 965 467 1043; x_wconf 85' lang='lat' dir='ltr'><strong>proiciunt</strong></span> <span class='ocrx_word' id='word_1_63' title='bbox 481 972 511 1023; x_wconf 90' lang='lat' dir='ltr'><strong>et</strong></span> <span class='ocrx_word' id='word_1_64' title='bbox 529 961 658 1041; x_wconf 88' lang='lat' dir='ltr'><strong>linguam</strong></span> <span class='ocrx_word' id='word_1_65' title='bbox 678 960 861 1022; x_wconf 90' lang='lat' dir='ltr'><strong>subalbidam</strong></span> <span class='ocrx_word' id='word_1_66' title='bbox 880 962 1047 1041; x_wconf 80' lang='lat' dir='ltr'><strong>proterunt.</strong></span> <span class='ocrx_word' id='word_1_67' title='bbox 1083 972 1157 1023; x_wconf 90' lang='lat' dir='ltr'><strong>tunc</strong></span> 
     </span>
     <span class='ocr_line' id='line_1_10' title="bbox 24 1049 1157 1132; baseline 0 -20"><span class='ocrx_word' id='word_1_68' title='bbox 24 1086 26 1090; x_wconf 94' lang='lat'>·</span> <span class='ocrx_word' id='word_1_69' title='bbox 142 1053 320 1112; x_wconf 83' lang='lat' dir='ltr'><strong>accessionis</strong></span> <span class='ocrx_word' id='word_1_70' title='bbox 345 1059 479 1131; x_wconf 89' lang='lat' dir='ltr'><strong>tempore</strong></span> <span class='ocrx_word' id='word_1_71' title='bbox 497 1049 645 1111; x_wconf 88' lang='lat' dir='ltr'><strong>anhelitus</strong></span> <span class='ocrx_word' id='word_1_72' title='bbox 669 1052 824 1132; x_wconf 86' lang='lat' dir='ltr'><strong>increscit,</strong></span> <span class='ocrx_word' id='word_1_73' title='bbox 847 1049 941 1112; x_wconf 86' lang='lat' dir='ltr'><strong>rubor</strong></span> <span class='ocrx_word' id='word_1_74' title='bbox 960 1050 1104 1112; x_wconf 91' lang='lat' dir='ltr'><strong>malarum</strong></span> <span class='ocrx_word' id='word_1_75' title='bbox 1126 1054 1157 1112; x_wconf 89' lang='lat' dir='ltr'><strong>in</strong></span> 
     </span>
     <span class='ocr_line' id='line_1_11' title="bbox 101 1139 1158 1218; baseline 0.006 -23"><span class='ocrx_word' id='word_1_76' title='bbox 101 1154 127 1194; x_wconf 89' lang='grc' dir='ltr'><strong>ιο</strong></span> <span class='ocrx_word' id='word_1_77' title='bbox 142 1139 224 1201; x_wconf 89' lang='lat' dir='ltr'><strong>vultu</strong></span> <span class='ocrx_word' id='word_1_78' title='bbox 244 1140 420 1201; x_wconf 87' lang='lat' dir='ltr'><strong>ostenditur.</strong></span> <span class='ocrx_word' id='word_1_79' title='bbox 456 1141 610 1218; x_wconf 90' lang='lat' dir='ltr'><strong>peiorante</strong></span> <span class='ocrx_word' id='word_1_80' title='bbox 628 1157 699 1199; x_wconf 80' lang='lat' dir='ltr'><strong>vero</strong></span> <span class='ocrx_word' id='word_1_81' title='bbox 717 1140 855 1218; x_wconf 88' lang='lat' dir='ltr'><strong>passione</strong></span> <span class='ocrx_word' id='word_1_82' title='bbox 876 1157 945 1200; x_wconf 93' lang='lat' dir='ltr'><strong>cum</strong></span> <span class='ocrx_word' id='word_1_83' title='bbox 963 1139 1000 1200; x_wconf 93' lang='lat' dir='ltr'><strong>ad</strong></span> <span class='ocrx_word' id='word_1_84' title='bbox 1018 1139 1158 1201; x_wconf 93' lang='lat' dir='ltr'><strong>ultimum</strong></span> 
     </span>
     <span class='ocr_line' id='line_1_12' title="bbox 140 1227 1158 1309; baseline 0.002 -21"><span class='ocrx_word' id='word_1_85' title='bbox 140 1230 277 1289; x_wconf 85' lang='lat' dir='ltr'><strong>venerint</strong></span> <span class='ocrx_word' id='word_1_86' title='bbox 300 1236 503 1309; x_wconf 79' lang='lat' dir='ltr'><strong>aegrotantes,</strong></span> <span class='ocrx_word' id='word_1_87' title='bbox 527 1227 638 1288; x_wconf 86' lang='lat' dir='ltr'><strong>stridor</strong></span> <span class='ocrx_word' id='word_1_88' title='bbox 660 1227 709 1288; x_wconf 92' lang='lat' dir='ltr'><strong>ille</strong></span> <span class='ocrx_word' id='word_1_89' title='bbox 733 1230 859 1288; x_wconf 88' lang='lat' dir='ltr'><strong>interior</strong></span> <span class='ocrx_word' id='word_1_90' title='bbox 882 1230 1013 1307; x_wconf 84' lang='lat' dir='ltr'><strong>gutturis</strong></span> <span class='ocrx_word' id='word_1_91' title='bbox 1036 1240 1158 1290; x_wconf 88' lang='lat' dir='ltr'><strong>resonat</strong></span> 
     </span>
    </p>

    <p class='ocr_par' dir='ltr' id='par_1_3' title="bbox 87 1314 1158 1841">
     <span class='ocr_line' id='line_1_13' title="bbox 87 1314 686 1399; baseline -0.002 -22"><span class='ocrx_word' id='word_1_92' title='bbox 87 1349 90 1354; x_wconf 40' lang='lat' dir='ltr'>v</span> <span class='ocrx_word' id='word_1_93' title='bbox 141 1334 231 1396; x_wconf 91' lang='lat' dir='ltr'><strong>quem</strong></span> <span class='ocrx_word' id='word_1_94' title='bbox 254 1314 360 1377; x_wconf 89' lang='lat' dir='ltr'><strong>Graeci</strong></span> <span class='ocrx_word' id='word_1_95' title='bbox 383 1334 508 1399; x_wconf 88' lang='lat' dir='ltr'><strong>rogmon</strong></span> <span class='ocrx_word' id='word_1_96' title='bbox 530 1315 686 1395; x_wconf 90' lang='lat' dir='ltr'><strong>appellant.</strong></span> 
     </span>
     <span class='ocr_line' id='line_1_14' title="bbox 230 1403 1157 1484; baseline 0 -19"><span class='ocrx_word' id='word_1_97' title='bbox 230 1405 402 1466; x_wconf 81' lang='lat' dir='ltr'><strong>efficiuntur</strong></span> <span class='ocrx_word' id='word_1_98' title='bbox 443 1405 617 1483; x_wconf 82' lang='lat' dir='ltr'><strong>frequenter</strong></span> <span class='ocrx_word' id='word_1_99' title='bbox 658 1423 696 1464; x_wconf 86' lang='lat' dir='ltr'><strong>ex</strong></span> <span class='ocrx_word' id='word_1_100' title='bbox 736 1403 982 1467; x_wconf 88' lang='lat' dir='ltr'><strong>antecedentibus</strong></span> <span class='ocrx_word' id='word_1_101' title='bbox 1020 1404 1157 1484; x_wconf 88' lang='lat' dir='ltr'><strong>similiter</strong></span> 
     </span>
     <span class='ocr_line' id='line_1_15' title="bbox 111 1491 1158 1573; baseline 0.002 -20"><span class='ocrx_word' id='word_1_102' title='bbox 111 1524 114 1529; x_wconf 93' lang='lat'>·</span> <span class='ocrx_word' id='word_1_103' title='bbox 142 1494 240 1554; x_wconf 87' lang='lat' dir='ltr'><strong>causis</strong></span> <span class='ocrx_word' id='word_1_104' title='bbox 263 1491 372 1573; x_wconf 87' lang='lat' dir='ltr'><strong>quibus</strong></span> <span class='ocrx_word' id='word_1_105' title='bbox 391 1502 422 1554; x_wconf 90' lang='lat' dir='ltr'><strong>ct</strong></span> <span class='ocrx_word' id='word_1_106' title='bbox 442 1493 619 1573; x_wconf 79' lang='lat' dir='ltr'><strong>synanchica</strong></span> <span class='ocrx_word' id='word_1_107' title='bbox 641 1494 740 1572; x_wconf 91' lang='lat' dir='ltr'><strong>passio</strong></span> <span class='ocrx_word' id='word_1_108' title='bbox 763 1493 902 1555; x_wconf 78' lang='lat' dir='ltr'><strong>eflicitur.</strong></span> <span class='ocrx_word' id='word_1_109' title='bbox 939 1492 1095 1573; x_wconf 89' lang='lat' dir='ltr'><strong>aliquando</strong></span> <span class='ocrx_word' id='word_1_110' title='bbox 1119 1513 1158 1555; x_wconf 79' lang='lat' dir='ltr'><strong>er</strong></span> 
     </span>
     <span class='ocr_line' id='line_1_16' title="bbox 101 1581 1156 1662; baseline 0.005 -24"><span class='ocrx_word' id='word_1_111' title='bbox 101 1594 128 1636; x_wconf 76' lang='lat'><strong>1⁵</strong></span> <span class='ocrx_word' id='word_1_112' title='bbox 141 1581 271 1642; x_wconf 88' lang='lat' dir='ltr'><strong>violento</strong></span> <span class='ocrx_word' id='word_1_113' title='bbox 294 1600 441 1661; x_wconf 89' lang='lat' dir='ltr'><strong>percussu</strong></span> <span class='ocrx_word' id='word_1_114' title='bbox 463 1583 608 1660; x_wconf 86' lang='lat' dir='ltr'><strong>contingit</strong></span> <span class='ocrx_word' id='word_1_115' title='bbox 631 1589 683 1642; x_wconf 89' lang='lat' dir='ltr'><strong>aut</strong></span> <span class='ocrx_word' id='word_1_116' title='bbox 701 1581 863 1643; x_wconf 87' lang='lat' dir='ltr'><strong>concubitu</strong></span> <span class='ocrx_word' id='word_1_117' title='bbox 886 1581 1014 1662; x_wconf 89' lang='lat' dir='ltr'><strong>plurimo</strong></span> <span class='ocrx_word' id='word_1_118' title='bbox 1037 1590 1089 1644; x_wconf 90' lang='lat' dir='ltr'><strong>aut</strong></span> <span class='ocrx_word' id='word_1_119' title='bbox 1112 1585 1156 1643; x_wconf 91' lang='lat' dir='ltr'><strong>in·</strong></span> 
     </span>
     <span class='ocr_line' id='line_1_17' title="bbox 140 1668 1157 1750; baseline 0.001 -20"><span class='ocrx_word' id='word_1_120' title='bbox 140 1670 319 1749; x_wconf 83' lang='lat' dir='ltr'><strong>digestione,</strong></span> <span class='ocrx_word' id='word_1_121' title='bbox 348 1679 400 1731; x_wconf 89' lang='lat' dir='ltr'><strong>aut</strong></span> <span class='ocrx_word' id='word_1_122' title='bbox 427 1673 453 1732; x_wconf 91' lang='lat' dir='ltr'><strong>si</strong></span> <span class='ocrx_word' id='word_1_123' title='bbox 480 1671 547 1750; x_wconf 90' lang='lat' dir='ltr'><strong>quis</strong></span> <span class='ocrx_word' id='word_1_124' title='bbox 573 1670 691 1749; x_wconf 90' lang='lat' dir='ltr'><strong>pondus</strong></span> <span class='ocrx_word' id='word_1_125' title='bbox 718 1688 806 1749; x_wconf 87' lang='lat' dir='ltr'><strong>grave</strong></span> <span class='ocrx_word' id='word_1_126' title='bbox 833 1668 1008 1732; x_wconf 84' lang='lat' dir='ltr'><strong>baiulavcrit</strong></span> <span class='ocrx_word' id='word_1_127' title='bbox 1030 1678 1061 1730; x_wconf 89' lang='lat' dir='ltr'><strong>et</strong></span> <span class='ocrx_word' id='word_1_128' title='bbox 1088 1681 1157 1750; x_wconf 93' lang='lat' dir='ltr'><strong>post</strong></span> 
     </span>
     <span class='ocr_line' id='line_1_18' title="bbox 139 1758 1157 1841; baseline 0 -21"><span class='ocrx_word' id='word_1_129' title='bbox 139 1761 240 1840; x_wconf 89' lang='lat' dir='ltr'><strong>ipsum</strong></span> <span class='ocrx_word' id='word_1_130' title='bbox 275 1758 407 1820; x_wconf 89' lang='lat' dir='ltr'><strong>laborem</strong></span> <span class='ocrx_word' id='word_1_131' title='bbox 445 1761 548 1820; x_wconf 90' lang='lat' dir='ltr'><strong>sitiens</strong></span> <span class='ocrx_word' id='word_1_132' title='bbox 586 1760 674 1820; x_wconf 91' lang='lat' dir='ltr'><strong>nimis</strong></span> <span class='ocrx_word' id='word_1_133' title='bbox 711 1758 848 1841; x_wconf 79' lang='lat' dir='ltr'><strong>frigidam</strong></span> <span class='ocrx_word' id='word_1_134' title='bbox 884 1760 1036 1839; x_wconf 85' lang='lat' dir='ltr'><strong>potionem</strong></span> <span class='ocrx_word' id='word_1_135' title='bbox 1071 1777 1157 1838; x_wconf 85' lang='lat' dir='ltr'><strong>prae-</strong></span> 
     </span>
    </p>

    <p class='ocr_par' dir='ltr' id='par_1_4' title="bbox 139 1850 311 1928">
     <span class='ocr_line' id='line_1_19' title="bbox 139 1850 311 1928; baseline -0.006 -19"><span class='ocrx_word' id='word_1_136' title='bbox 139 1850 311 1928; x_wconf 87' lang='lat' dir='ltr'><strong>sumpserit.</strong></span> 
     </span>
    </p>

    <p class='ocr_par' dir='ltr' id='par_1_5' title="bbox 229 1935 1157 2015">
     <span class='ocr_line' id='line_1_20' title="bbox 229 1935 1157 2015; baseline -0.001 -17"><span class='ocrx_word' id='word_1_137' title='bbox 229 1939 260 1998; x_wconf 93' lang='lat' dir='ltr'><strong>in</strong></span> <span class='ocrx_word' id='word_1_138' title='bbox 284 1935 489 1998; x_wconf 89' lang='lat' dir='ltr'><strong>curationibus</strong></span> <span class='ocrx_word' id='word_1_139' title='bbox 514 1943 613 1996; x_wconf 90' lang='lat' dir='ltr'><strong>autem</strong></span> <span class='ocrx_word' id='word_1_140' title='bbox 639 1938 664 1996; x_wconf 93' lang='lat' dir='ltr'><strong>si</strong></span> <span class='ocrx_word' id='word_1_141' title='bbox 688 1937 806 1997; x_wconf 87' lang='lat' dir='ltr'><strong>nimius</strong></span> <span class='ocrx_word' id='word_1_142' title='bbox 821 1937 912 1997; x_wconf 85' lang='lat' dir='ltr'><strong>luerit</strong></span> <span class='ocrx_word' id='word_1_143' title='bbox 935 1935 1020 1996; x_wconf 87' lang='lat' dir='ltr'><strong>dolor</strong></span> <span class='ocrx_word' id='word_1_144' title='bbox 1038 1944 1157 2015; x_wconf 88' lang='lat' dir='ltr'><strong>oportet</strong></span> 
     </span>
    </p>
   </div>
   <div class='ocr_carea' id='block_1_3' title="bbox 100 2023 1157 2547">
    <p class='ocr_par' dir='ltr' id='par_1_6' title="bbox 100 2023 1157 2547">
     <span class='ocr_line' id='line_1_21' title="bbox 100 2023 1156 2106; baseline 0.004 -25"><span class='ocrx_word' id='word_1_145' title='bbox 100 2040 127 2081; x_wconf 83' lang='lat' dir='ltr'><strong>so</strong></span> <span class='ocrx_word' id='word_1_146' title='bbox 140 2027 171 2086; x_wconf 90' lang='lat' dir='ltr'><strong>in</strong></span> <span class='ocrx_word' id='word_1_147' title='bbox 194 2024 316 2086; x_wconf 91' lang='lat' dir='ltr'><strong>brachio</strong></span> <span class='ocrx_word' id='word_1_148' title='bbox 339 2024 540 2085; x_wconf 89' lang='lat' dir='ltr'><strong>llebotomiam</strong></span> <span class='ocrx_word' id='word_1_149' title='bbox 563 2023 717 2106; x_wconf 88' lang='lat' dir='ltr'><strong>adhibere,</strong></span> <span class='ocrx_word' id='word_1_150' title='bbox 741 2027 767 2085; x_wconf 89' lang='lat' dir='ltr'><strong>si</strong></span> <span class='ocrx_word' id='word_1_151' title='bbox 790 2033 889 2086; x_wconf 83' lang='lat' dir='ltr'><strong>tamen</strong></span> <span class='ocrx_word' id='word_1_152' title='bbox 912 2026 1025 2085; x_wconf 85' lang='lat' dir='ltr'><strong>ventris</strong></span> <span class='ocrx_word' id='word_1_153' title='bbox 1048 2023 1156 2085; x_wconf 91' lang='lat' dir='ltr'><strong>solutio</strong></span> 
     </span>
     <span class='ocr_line' id='line_1_22' title="bbox 140 2112 1157 2193; baseline 0.001 -20"><span class='ocrx_word' id='word_1_154' title='bbox 140 2116 261 2174; x_wconf 84' lang='lat' dir='ltr'><strong>minime</strong></span> <span class='ocrx_word' id='word_1_155' title='bbox 294 2113 476 2193; x_wconf 90' lang='lat' dir='ltr'><strong>impedierit,</strong></span> <span class='ocrx_word' id='word_1_156' title='bbox 514 2131 550 2173; x_wconf 86' lang='lat' dir='ltr'><strong>ex</strong></span> <span class='ocrx_word' id='word_1_157' title='bbox 583 2131 619 2173; x_wconf 92' lang='lat' dir='ltr'><strong>eo</strong></span> <span class='ocrx_word' id='word_1_158' title='bbox 652 2112 765 2174; x_wconf 86' lang='lat' dir='ltr'><strong>scilicet</strong></span> <span class='ocrx_word' id='word_1_159' title='bbox 798 2113 918 2174; x_wconf 85' lang='lat' dir='ltr'><strong>brachio</strong></span> <span class='ocrx_word' id='word_1_160' title='bbox 953 2112 1034 2192; x_wconf 87' lang='lat' dir='ltr'><strong>quod</strong></span> <span class='ocrx_word' id='word_1_161' title='bbox 1066 2114 1157 2174; x_wconf 85' lang='lat' dir='ltr'><strong>luerit</strong></span> 
     </span>
     <span class='ocr_line' id='line_1_23' title="bbox 139 2201 1157 2283; baseline 0.002 -22"><span class='ocrx_word' id='word_1_162' title='bbox 139 2203 264 2282; x_wconf 90' lang='lat' dir='ltr'><strong>patienti</strong></span> <span class='ocrx_word' id='word_1_163' title='bbox 287 2201 373 2262; x_wconf 87' lang='lat' dir='ltr'><strong>lateri</strong></span> <span class='ocrx_word' id='word_1_164' title='bbox 403 2203 600 2276; x_wconf 87' lang='lat' dir='ltr'><strong>contrarium,</strong></span> <span class='ocrx_word' id='word_1_165' title='bbox 627 2202 658 2262; x_wconf 88' lang='lat' dir='ltr'><strong>id</strong></span> <span class='ocrx_word' id='word_1_166' title='bbox 686 2202 766 2281; x_wconf 92' lang='lat' dir='ltr'><strong>quod</strong></span> <span class='ocrx_word' id='word_1_167' title='bbox 789 2203 952 2282; x_wconf 86' lang='lat' dir='ltr'><strong>antispasin</strong></span> <span class='ocrx_word' id='word_1_168' title='bbox 976 2210 1096 2283; x_wconf 91' lang='lat' dir='ltr'><strong>vocant,</strong></span> <span class='ocrx_word' id='word_1_169' title='bbox 1127 2212 1157 2263; x_wconf 90' lang='lat' dir='ltr'><strong>et</strong></span> 
     </span>
     <span class='ocr_line' id='line_1_24' title="bbox 140 2288 1157 2370; baseline 0.001 -21"><span class='ocrx_word' id='word_1_170' title='bbox 140 2298 256 2351; x_wconf 86' lang='lat' dir='ltr'><strong>tantum</strong></span> <span class='ocrx_word' id='word_1_171' title='bbox 286 2288 443 2350; x_wconf 85' lang='lat' dir='ltr'><strong>detrahere</strong></span> <span class='ocrx_word' id='word_1_172' title='bbox 477 2298 621 2369; x_wconf 91' lang='lat' dir='ltr'><strong>quantum</strong></span> <span class='ocrx_word' id='word_1_173' title='bbox 653 2299 734 2351; x_wconf 90' lang='lat' dir='ltr'><strong>aetas</strong></span> <span class='ocrx_word' id='word_1_174' title='bbox 766 2297 797 2351; x_wconf 89' lang='lat' dir='ltr'><strong>et</strong></span> <span class='ocrx_word' id='word_1_175' title='bbox 828 2293 936 2352; x_wconf 81' lang='lat' dir='ltr'><strong>virium</strong></span> <span class='ocrx_word' id='word_1_176' title='bbox 968 2289 1094 2370; x_wconf 89' lang='lat' dir='ltr'><strong>quahtas</strong></span> <span class='ocrx_word' id='word_1_177' title='bbox 1128 2303 1157 2350; x_wconf 91' lang='lat' dir='ltr'><strong>et</strong></span> 
     </span>
     <span class='ocr_line' id='line_1_25' title="bbox 139 2379 1157 2459; baseline 0.001 -22"><span class='ocrx_word' id='word_1_178' title='bbox 139 2379 223 2457; x_wconf 89' lang='lat' dir='ltr'><strong>regio</strong></span> <span class='ocrx_word' id='word_1_179' title='bbox 247 2386 278 2438; x_wconf 89' lang='lat' dir='ltr'><strong>et</strong></span> <span class='ocrx_word' id='word_1_180' title='bbox 300 2385 418 2458; x_wconf 88' lang='lat' dir='ltr'><strong>tempus</strong></span> <span class='ocrx_word' id='word_1_181' title='bbox 442 2385 473 2439; x_wconf 90' lang='lat' dir='ltr'><strong>et</strong></span> <span class='ocrx_word' id='word_1_182' title='bbox 496 2396 584 2438; x_wconf 91' lang='lat' dir='ltr'><strong>causa</strong></span> <span class='ocrx_word' id='word_1_183' title='bbox 607 2387 637 2439; x_wconf 91' lang='lat' dir='ltr'><strong>et</strong></span> <span class='ocrx_word' id='word_1_184' title='bbox 659 2380 831 2459; x_wconf 90' lang='lat' dir='ltr'><strong>magnitudo</strong></span> <span class='ocrx_word' id='word_1_185' title='bbox 854 2381 1033 2459; x_wconf 90' lang='lat' dir='ltr'><strong>poposcerit.</strong></span> <span class='ocrx_word' id='word_1_186' title='bbox 1078 2388 1107 2439; x_wconf 89' lang='lat' dir='ltr'><strong>et</strong></span> <span class='ocrx_word' id='word_1_187' title='bbox 1132 2382 1157 2439; x_wconf 90' lang='lat' dir='ltr'><strong>si</strong></span> 
     </span>
     <span class='ocr_line' id='line_1_26' title="bbox 100 2465 1156 2547; baseline 0.007 -26"><span class='ocrx_word' id='word_1_188' title='bbox 100 2474 244 2527; x_wconf 77' lang='lat' dir='ltr'><strong>rarenter</strong></span> <span class='ocrx_word' id='word_1_189' title='bbox 281 2484 342 2527; x_wconf 93' lang='lat' dir='ltr'><strong>non</strong></span> <span class='ocrx_word' id='word_1_190' title='bbox 379 2467 497 2547; x_wconf 85' lang='lat' dir='ltr'><strong>lecerit,</strong></span> <span class='ocrx_word' id='word_1_191' title='bbox 533 2465 640 2528; x_wconf 91' lang='lat' dir='ltr'><strong>blando</strong></span> <span class='ocrx_word' id='word_1_192' title='bbox 678 2476 708 2528; x_wconf 89' lang='lat' dir='ltr'><strong>et</strong></span> <span class='ocrx_word' id='word_1_193' title='bbox 744 2467 902 2529; x_wconf 90' lang='lat' dir='ltr'><strong>chalastico</strong></span> <span class='ocrx_word' id='word_1_194' title='bbox 939 2467 1066 2546; x_wconf 78' lang='lat' dir='ltr'><strong>clystere</strong></span> <span class='ocrx_word' id='word_1_195' title='bbox 1106 2468 1156 2528; x_wconf 91' lang='lat' dir='ltr'><strong>de-</strong></span> 
     </span>
    </p>
   </div>
   <div class='ocr_carea' id='block_1_4' title="bbox 212 2619 1155 2691">
    <p class='ocr_par' dir='ltr' id='par_1_7' title="bbox 212 2619 1155 2691">
     <span class='ocr_line' id='line_1_27' title="bbox 212 2619 1155 2691; baseline 0 -18"><span class='ocrx_word' id='word_1_196' title='bbox 212 2619 385 2690; x_wconf 82' lang='lat' dir='ltr'><strong>leontingit</strong></span> <span class='ocrx_word' id='word_1_197' title='bbox 396 2637 432 2689; x_wconf 81' lang='lat' dir='ltr'><strong>p·</strong></span> <span class='ocrx_word' id='word_1_198' title='bbox 451 2636 502 2675; x_wconf 83' lang='lat' dir='ltr'><strong>om.</strong></span> <span class='ocrx_word' id='word_1_199' title='bbox 522 2637 543 2676; x_wconf 91' lang='lat' dir='ltr'><strong>c.</strong></span> <span class='ocrx_word' id='word_1_200' title='bbox 622 2624 651 2675; x_wconf 82' lang='lat' dir='ltr'><strong>et</strong></span> <span class='ocrx_word' id='word_1_201' title='bbox 669 2620 805 2691; x_wconf 82' lang='lat' dir='ltr'><strong>magiso:</strong></span> <span class='ocrx_word' id='word_1_202' title='bbox 830 2637 881 2679; x_wconf 87' lang='lat' dir='ltr'><strong>om</strong></span> <span class='ocrx_word' id='word_1_203' title='bbox 895 2636 926 2690; x_wconf 72' lang='lat' dir='ltr'><strong>p.</strong></span> <span class='ocrx_word' id='word_1_204' title='bbox 1008 2619 1155 2687; x_wconf 73' lang='lat' dir='ltr'><strong>equando</strong></span> 
     </span>
    </p>
   </div>
   <div class='ocr_carea' id='block_1_5' title="bbox 138 2696 1155 2849">
    <p class='ocr_par' dir='ltr' id='par_1_8' title="bbox 138 2696 1155 2849">
     <span class='ocr_line' id='line_1_28' title="bbox 138 2696 1155 2790; baseline 0.002 -30"><span class='ocrx_word' id='word_1_205' title='bbox 138 2707 242 2762; x_wconf 85' lang='lat' dir='ltr'><strong>hiems:</strong></span> <span class='ocrx_word' id='word_1_206' title='bbox 262 2707 393 2790; x_wconf 79' lang='lat' dir='ltr'><strong>quotiens</strong></span> <span class='ocrx_word' id='word_1_207' title='bbox 412 2709 477 2778; x_wconf 83' lang='lat' dir='ltr'><strong>(pro</strong></span> <span class='ocrx_word' id='word_1_208' title='bbox 501 2727 556 2779; x_wconf 91' lang='lat' dir='ltr'><strong>quo</strong></span> <span class='ocrx_word' id='word_1_209' title='bbox 574 2708 699 2778; x_wconf 84' lang='lat' dir='ltr'><strong>iems)e‚</strong></span> <span class='ocrx_word' id='word_1_210' title='bbox 720 2696 832 2778; x_wconf 88' lang='lat' dir='ltr'><strong>q(quo)</strong></span> <span class='ocrx_word' id='word_1_211' title='bbox 846 2709 980 2782; x_wconf 79' lang='lat' dir='ltr'><strong>yemisp</strong></span> <span class='ocrx_word' id='word_1_212' title='bbox 1053 2713 1155 2777; x_wconf 71' lang='lat' dir='ltr'><strong>tqp</strong></span> 
     </span>
     <span class='ocr_line' id='line_1_29' title="bbox 139 2769 1154 2849; baseline 0.003 -18"><span class='ocrx_word' id='word_1_213' title='bbox 139 2795 236 2846; x_wconf 84' lang='lat' dir='ltr'><strong>quoe.</strong></span> <span class='ocrx_word' id='word_1_214' title='bbox 343 2779 497 2849; x_wconf 35' lang='grc' dir='ltr'><strong>ἰηοιηηρ</strong></span> <span class='ocrx_word' id='word_1_215' title='bbox 605 2783 811 2836; x_wconf 39' lang='grc' dir='ltr'>ιιιιὴειιιοτιιηο</span> <span class='ocrx_word' id='word_1_216' title='bbox 914 2769 1002 2837; x_wconf 78' lang='lat' dir='ltr'><strong>cleb</strong></span> <span class='ocrx_word' id='word_1_217' title='bbox 1004 2778 1154 2849; x_wconf 82' lang='lat' dir='ltr'><strong>c(eic)p.</strong></span> 
     </span>
    </p>
   </div>
   <div class='ocr_carea' id='block_1_6' title="bbox 138 2874 1157 3382">
    <p class='ocr_par' dir='ltr' id='par_1_9' title="bbox 138 2874 1157 3382">
     <span class='ocr_line' id='line_1_30' title="bbox 139 2874 1155 2970; baseline 0.002 -32"><span class='ocrx_word' id='word_1_218' title='bbox 139 2886 294 2951; x_wconf 73' lang='lat' dir='ltr'><strong>otrecoen</strong></span> <span class='ocrx_word' id='word_1_219' title='bbox 312 2892 414 2954; x_wconf 72' lang='lat' dir='ltr'><strong>stoep</strong></span> <span class='ocrx_word' id='word_1_220' title='bbox 433 2874 555 2956; x_wconf 76' lang='lat' dir='ltr'><strong>(octitb&#39;e</strong></span> <span class='ocrx_word' id='word_1_221' title='bbox 568 2888 623 2970; x_wconf 53' lang='grc' dir='ltr'><strong>ρο)</strong></span> <span class='ocrx_word' id='word_1_222' title='bbox 697 2888 870 2956; x_wconf 70' lang='lat' dir='ltr'><strong>trepitec:</strong></span> <span class='ocrx_word' id='word_1_223' title='bbox 891 2874 1066 2957; x_wconf 81' lang='lat' dir='ltr'><strong>acepitop.</strong></span> <span class='ocrx_word' id='word_1_224' title='bbox 1139 2894 1155 2941; x_wconf 89' lang='lat'>8</span> 
     </span>
     <span class='ocr_line' id='line_1_31' title="bbox 140 2955 1157 3048; baseline 0.003 -39"><span class='ocrx_word' id='word_1_225' title='bbox 140 2955 315 3025; x_wconf 77' lang='lat' dir='ltr'><strong>propiciante</strong></span> <span class='ocrx_word' id='word_1_226' title='bbox 333 2957 506 3027; x_wconf 84' lang='lat' dir='ltr'><strong>linguamc,</strong></span> <span class='ocrx_word' id='word_1_227' title='bbox 529 2958 670 3026; x_wconf 81' lang='lat' dir='ltr'><strong>proiciunt</strong></span> <span class='ocrx_word' id='word_1_228' title='bbox 690 2958 822 3048; x_wconf 79' lang='lat' dir='ltr'><strong>linguam</strong></span> <span class='ocrx_word' id='word_1_229' title='bbox 834 2976 865 3027; x_wconf 77' lang='lat' dir='ltr'><strong>p.</strong></span> <span class='ocrx_word' id='word_1_230' title='bbox 976 2964 1009 3012; x_wconf 90' lang='lat'><strong>10</strong></span> <span class='ocrx_word' id='word_1_231' title='bbox 1029 2958 1065 3013; x_wconf 77' lang='lat' dir='ltr'><strong>ed</strong></span> <span class='ocrx_word' id='word_1_232' title='bbox 1084 2957 1157 3012; x_wconf 79' lang='lat' dir='ltr'><strong>ultio</strong></span> 
     </span>
     <span class='ocr_line' id='line_1_32' title="bbox 139 3026 1156 3112; baseline 0.003 -32"><span class='ocrx_word' id='word_1_233' title='bbox 139 3028 236 3082; x_wconf 78' lang='lat' dir='ltr'><strong>venirit</strong></span> <span class='ocrx_word' id='word_1_234' title='bbox 254 3027 450 3098; x_wconf 82' lang='lat' dir='ltr'><strong>egritudiesc</strong></span> <span class='ocrx_word' id='word_1_235' title='bbox 537 3035 570 3082; x_wconf 95' lang='lat'><strong>11</strong></span> <span class='ocrx_word' id='word_1_236' title='bbox 589 3026 698 3098; x_wconf 77' lang='lat' dir='ltr'><strong>illelt‘</strong></span> <span class='ocrx_word' id='word_1_237' title='bbox 695 3045 787 3098; x_wconf 73' lang='lat' dir='ltr'><strong>torp,</strong></span> <span class='ocrx_word' id='word_1_238' title='bbox 806 3029 855 3084; x_wconf 90' lang='lat' dir='ltr'><strong>ille</strong></span> <span class='ocrx_word' id='word_1_239' title='bbox 873 3028 1028 3084; x_wconf 86' lang='lat' dir='ltr'><strong>inferiore.</strong></span> <span class='ocrx_word' id='word_1_240' title='bbox 1115 3046 1156 3112; x_wconf 84' lang='lat' dir='ltr'><strong>re-</strong></span> 
     </span>
     <span class='ocr_line' id='line_1_33' title="bbox 139 3099 1156 3183; baseline 0.002 -31"><span class='ocrx_word' id='word_1_241' title='bbox 139 3105 758 3183; x_wconf 64' lang='lat' dir='ltr'><strong>sopensp312ragmonc,regmonp</strong></span> <span class='ocrx_word' id='word_1_242' title='bbox 834 3105 866 3154; x_wconf 81' lang='lat'><strong>13</strong></span> <span class='ocrx_word' id='word_1_243' title='bbox 886 3100 1046 3154; x_wconf 80' lang='lat' dir='ltr'><strong>efficiturc</strong></span> <span class='ocrx_word' id='word_1_244' title='bbox 1120 3099 1156 3154; x_wconf 90' lang='lat' dir='ltr'><strong>si·</strong></span> 
     </span>
     <span class='ocr_line' id='line_1_34' title="bbox 139 3168 1155 3240; baseline 0.001 -17"><span class='ocrx_word' id='word_1_245' title='bbox 139 3168 244 3226; x_wconf 85' lang='lat' dir='ltr'><strong>militer</strong></span> <span class='ocrx_word' id='word_1_246' title='bbox 262 3172 302 3225; x_wconf 79' lang='lat' dir='ltr'><strong>eie</strong></span> <span class='ocrx_word' id='word_1_247' title='bbox 321 3187 361 3239; x_wconf 79' lang='lat' dir='ltr'><strong>op.</strong></span> <span class='ocrx_word' id='word_1_248' title='bbox 441 3177 475 3224; x_wconf 84' lang='lat'><strong>14</strong></span> <span class='ocrx_word' id='word_1_249' title='bbox 493 3170 664 3236; x_wconf 83' lang='lat' dir='ltr'><strong>sinenciac,</strong></span> <span class='ocrx_word' id='word_1_250' title='bbox 684 3171 800 3225; x_wconf 84' lang='lat' dir='ltr'><strong>-chics</strong></span> <span class='ocrx_word' id='word_1_251' title='bbox 812 3188 843 3240; x_wconf 84' lang='lat' dir='ltr'><strong>p.</strong></span> <span class='ocrx_word' id='word_1_252' title='bbox 924 3170 1044 3225; x_wconf 83' lang='lat' dir='ltr'><strong>efficitur</strong></span> <span class='ocrx_word' id='word_1_253' title='bbox 1062 3186 1112 3225; x_wconf 85' lang='lat' dir='ltr'><strong>om</strong></span> <span class='ocrx_word' id='word_1_254' title='bbox 1133 3188 1155 3229; x_wconf 85' lang='lat' dir='ltr'><strong>c,</strong></span> 
     </span>
     <span class='ocr_line' id='line_1_35' title="bbox 140 3212 1156 3311; baseline 0.004 -19"><span class='ocrx_word' id='word_1_255' title='bbox 140 3243 204 3293; x_wconf 79' lang='lat'><strong>15·</strong></span> <span class='ocrx_word' id='word_1_256' title='bbox 192 3259 224 3294; x_wconf 81' lang='lat' dir='ltr'><strong>on</strong></span> <span class='ocrx_word' id='word_1_257' title='bbox 241 3259 328 3310; x_wconf 70' lang='lat' dir='ltr'><strong>marg</strong></span> <span class='ocrx_word' id='word_1_258' title='bbox 342 3248 378 3309; x_wconf 73' lang='lat'><strong>1²⁰</strong></span> <span class='ocrx_word' id='word_1_259' title='bbox 396 3239 553 3296; x_wconf 76' lang='lat' dir='ltr'><strong>idccuta</strong></span> <span class='ocrx_word' id='word_1_260' title='bbox 634 3212 667 3296; x_wconf 80' lang='grc'><strong>11</strong></span> <span class='ocrx_word' id='word_1_261' title='bbox 687 3243 839 3311; x_wconf 85' lang='lat' dir='ltr'><strong>sumpserit</strong></span> <span class='ocrx_word' id='word_1_262' title='bbox 852 3259 882 3310; x_wconf 75' lang='lat' dir='ltr'><strong>p.</strong></span> <span class='ocrx_word' id='word_1_263' title='bbox 961 3247 994 3296; x_wconf 82' lang='grc'><strong>19</strong></span> <span class='ocrx_word' id='word_1_264' title='bbox 1014 3243 1156 3296; x_wconf 82' lang='lat' dir='ltr'><strong>euteme</strong></span> 
     </span>
     <span class='ocr_line' id='line_1_36' title="bbox 138 3308 1157 3382; baseline 0.001 -18"><span class='ocrx_word' id='word_1_265' title='bbox 138 3326 250 3380; x_wconf 83' lang='lat' dir='ltr'><strong>verop.</strong></span> <span class='ocrx_word' id='word_1_266' title='bbox 335 3318 368 3366; x_wconf 87' lang='grc'><strong>11</strong></span> <span class='ocrx_word' id='word_1_267' title='bbox 389 3329 423 3367; x_wconf 84' lang='lat' dir='ltr'><strong>ex</strong></span> <span class='ocrx_word' id='word_1_268' title='bbox 442 3329 484 3368; x_wconf 91' lang='lat' dir='ltr'><strong>eo</strong></span> <span class='ocrx_word' id='word_1_269' title='bbox 504 3330 525 3366; x_wconf 83' lang='lat' dir='ltr'><strong>a.</strong></span> <span class='ocrx_word' id='word_1_270' title='bbox 540 3329 574 3381; x_wconf 79' lang='lat' dir='ltr'><strong>p.</strong></span> <span class='ocrx_word' id='word_1_271' title='bbox 594 3315 623 3367; x_wconf 84' lang='lat' dir='ltr'><strong>ct</strong></span> <span class='ocrx_word' id='word_1_272' title='bbox 640 3329 671 3367; x_wconf 92' lang='lat' dir='ltr'><strong>os</strong></span> <span class='ocrx_word' id='word_1_273' title='bbox 690 3311 825 3368; x_wconf 84' lang='lat' dir='ltr'><strong>silibetc.</strong></span> <span class='ocrx_word' id='word_1_274' title='bbox 912 3319 946 3366; x_wconf 88' lang='grc'><strong>11</strong></span> <span class='ocrx_word' id='word_1_275' title='bbox 965 3313 996 3367; x_wconf 87' lang='lat' dir='ltr'><strong>id</strong></span> <span class='ocrx_word' id='word_1_276' title='bbox 1015 3313 1103 3382; x_wconf 89' lang='lat' dir='ltr'><strong>quod:</strong></span> <span class='ocrx_word' id='word_1_277' title='bbox 1123 3308 1157 3366; x_wconf 89' lang='lat' dir='ltr'><strong>ut</strong></span> 
     </span>
    </p>
   </div>
   <div class='ocr_carea' id='block_1_7' title="bbox 138 3381 1154 3530">
    <p class='ocr_par' dir='ltr' id='par_1_10' title="bbox 138 3381 1154 3519">
     <span class='ocr_line' id='line_1_37' title="bbox 138 3381 1154 3454; baseline 0.005 -21"><span class='ocrx_word' id='word_1_278' title='bbox 138 3381 170 3448; x_wconf 80' lang='lat' dir='ltr'><strong>(sl</strong></span> <span class='ocrx_word' id='word_1_279' title='bbox 183 3383 217 3450; x_wconf 79' lang='lat' dir='ltr'><strong>p)</strong></span> <span class='ocrx_word' id='word_1_280' title='bbox 236 3384 311 3451; x_wconf 86' lang='lat' dir='ltr'><strong>quod</strong></span> <span class='ocrx_word' id='word_1_281' title='bbox 326 3385 355 3451; x_wconf 82' lang='lat' dir='ltr'><strong>(q</strong></span> <span class='ocrx_word' id='word_1_282' title='bbox 369 3383 394 3451; x_wconf 88' lang='lat' dir='ltr'><strong>e)</strong></span> <span class='ocrx_word' id='word_1_283' title='bbox 408 3399 450 3451; x_wconf 82' lang='lat' dir='ltr'><strong>cp.</strong></span> <span class='ocrx_word' id='word_1_284' title='bbox 523 3383 714 3454; x_wconf 80' lang='lat' dir='ltr'><strong>antispasinc,</strong></span> <span class='ocrx_word' id='word_1_285' title='bbox 733 3402 751 3438; x_wconf 81' lang='lat' dir='ltr'><strong>c</strong></span> <span class='ocrx_word' id='word_1_286' title='bbox 764 3385 852 3454; x_wconf 82' lang='lat' dir='ltr'><strong>tipesi</strong></span> <span class='ocrx_word' id='word_1_287' title='bbox 861 3401 891 3453; x_wconf 79' lang='lat' dir='ltr'><strong>p.</strong></span> <span class='ocrx_word' id='word_1_288' title='bbox 966 3389 1000 3438; x_wconf 77' lang='lat'><strong>25</strong></span> <span class='ocrx_word' id='word_1_289' title='bbox 1016 3386 1154 3439; x_wconf 83' lang='lat' dir='ltr'><strong>veniere:</strong></span> 
     </span>
     <span class='ocr_line' id='line_1_38' title="bbox 138 3452 483 3530; baseline 0.015 -27"><span class='ocrx_word' id='word_1_290' title='bbox 138 3453 264 3519; x_wconf 83' lang='lat' dir='ltr'><strong>untrep.</strong></span> <span class='ocrx_word' id='word_1_291' title='bbox 340 3452 483 3530; x_wconf 84' lang='lat' dir='ltr'><strong>clistsrie</strong></span> 
     </span>
    </p>
   </div>
   <div class='ocr_carea' id='block_1_8' title="bbox 0 0 1212 3924">
    <p class='ocr_par' dir='ltr' id='par_1_11' title="bbox 0 0 1212 3924">
     <span class='ocr_line' id='line_1_39' title="bbox 0 0 1212 3924; baseline 0 0"><span class='ocrx_word' id='word_1_292' title='bbox 0 0 1212 3924; x_wconf 95' lang='lat' dir='ltr'><strong> </strong></span> 
     </span>
    </p>
   </div>
  </div>
 </body>
</html>
