2414 3924
38 291 39 294 Ἴ
102 290 105 295 st
139 209 179 272 86
437 216 841 266 u.c.orrns1mnnromns

138 371 180 452 ut',
194 392 279 453 quum
295 373 415 451 primum
430 371 560 431 medicus
576 371 668 447 venit,
691 370 856 432 sollicitudo
871 374 953 450 aegri
977 370 1142 447 dubitantis,

138 457 284 538 quomodo
299 456 341 514 illi
356 474 388 515 se
403 454 514 515 babere
528 454 674 531 videatur,
696 472 746 514 eas
761 465 885 515 moveat.
915 455 959 514 0b
976 473 1059 533 quam
1075 472 1142 514 cau·

137 560 208 618 sam,
228 539 314 620 periti
329 539 433 599 medici
454 548 515 614 est,
541 555 598 597 non
615 539 744 617 protinus
759 548 789 598 ιιι
802 541 897 616 venit,
921 538 1143 619 apprehendere

136 645 221 686 manu
236 623 398 683 brachium:
417 622 468 682 sed
485 623 605 701 primum
621 621 751 682 residere
770 623 853 683 hilari
870 623 962 699 vultu,
987 631 1142 701 perconta-

135 712 236 789 rique,
260 706 498 784 quemadmodum
517 723 549 764 sa
564 704 684 775 babeat;
711 715 739 764 et
762 708 786 765 si
810 709 875 785 quis
891 707 955 782 ejus
977 714 1070 765 metus
1087 715 1168 782 est,s

137 812 201 854 eum
223 790 366 870 probabili
390 808 525 850 sermone
541 790 648 857 lenire;
671 799 729 849 tum
748 789 852 849 deinde
874 791 937 866 ejus
953 792 1070 868 corpori
1085 807 1143 849 ma·

136 895 201 937 num
218 875 383 935 admovere.
419 874 498 948 Quas
510 890 599 932 venas
615 882 709 932 autem
726 883 903 952 conspectus
917 874 1021 933 medici
1034 882 1142 948 movet,

137 977 221 1039 quam
239 959 327 1018 facile
342 957 421 1015 mille
437 975 486 1015 res
502 955 630 1016 turbanti
662 956 764 1016 Altera
782 976 830 1017 res
847 967 907 1034 est,
930 960 975 1018 cui
992 957 1143 1033 credimus,

138 1045 236 1119 calor,
260 1059 353 1118 aeque
375 1040 482 1100 fallax:
506 1057 570 1098 nam
587 1040 633 1099 hio
665 1056 780 1116 quoque
807 1040 951 1098 excitatur
972 1049 1072 1117 aestu,
1102 1040 1142 1100 la·

136 1129 218 1204 bore,
235 1142 350 1199 somno,
369 1133 456 1199 metu,
477 1123 681 1189 sollicitudine.
711 1124 804 1201 Igitur
813 1127 915 1184 intueri
927 1125 1040 1204 quidem
1054 1125 1141 1182 etiam
1156 1140 1178 1179 ro

136 1214 190 1272 ista
207 1218 339 1288 oportet;
356 1207 409 1266 sed
422 1206 467 1266 bis
482 1225 539 1266 non
552 1208 645 1266 omnia
662 1207 794 1267 credere.
825 1208 870 1268 Ao
886 1211 1015 1286 protinus
1028 1207 1142 1285 quidem

137 1296 231 1369 scire,
246 1308 305 1350 non
319 1288 489 1350 febricitare
504 1308 583 1368 eum,
602 1291 683 1366 cujus
701 1310 793 1363 venae
811 1293 977 1352 naturaliter
993 1291 1142 1351 ordinatae

137 1387 216 1453 sunt,
236 1385 380 1452 teporque
396 1373 464 1433 talis
481 1383 541 1450 est,
557 1374 650 1453 qualis
666 1393 733 1434 esse
749 1378 810 1435 sani
825 1376 915 1436 solet:
936 1394 994 1435 non
1010 1377 1142 1456 protinus

136 1470 230 1522 autem
254 1457 306 1518 sub
330 1457 429 1517 calore
444 1467 581 1535 motuque
602 1457 713 1517 febrem
735 1477 801 1518 esse
824 1462 994 1538 concipere;
1019 1459 1071 1518 sed
1091 1459 1149 1534 ita,

136 1546 161 1605 si
175 1560 282 1603 summa
306 1559 424 1619 quoque
445 1541 522 1600 arida
545 1542 734 1620 inaequaliter
751 1544 823 1603 cutis
839 1553 898 1611 est;
922 1545 946 1603 si
966 1543 1048 1602 calor
1064 1551 1093 1601 et
1113 1545 1177 1600 inm

136 1629 231 1688 fronte
247 1635 307 1702 est,
331 1635 361 1684 et
376 1642 414 1683 ex
429 1626 493 1682 imis
510 1626 690 1703 praecordiis
706 1628 810 1695 oritur;
835 1628 859 1685 si
880 1628 997 1707 spiritus
1016 1644 1052 1685 ex
1067 1626 1141 1685 uari-

135 1712 189 1771 bus
206 1729 269 1771 oum
285 1710 404 1768 fervore
421 1709 597 1788 prorumpit:
621 1711 644 1768 si
660 1709 743 1769 color
757 1719 805 1770 aut
821 1709 945 1786 rubore,
967 1719 1014 1769 aut
1028 1709 1141 1788 pallore

134 1812 212 1855 novo
229 1801 353 1853 mutatus
368 1801 428 1860 est;
447 1792 472 1850 si
491 1791 568 1851 oculi
584 1810 704 1869 graves,
727 1802 756 1852 et
779 1803 827 1853 aut
847 1796 992 1873 persicci,
1013 1801 1060 1852 aut
1075 1791 1141 1851 sub·
1174 1814 1177 1822 ’

134 1879 240 1939 bumidi
258 1885 337 1944 sunt;
360 1877 382 1933 si
405 1875 494 1935 sudor
508 1894 593 1954 quum
613 1877 659 1952 iit,
677 1878 834 1954 inaequalis
850 1887 909 1946 est;
934 1879 957 1937 si
975 1894 1067 1935 venae
1083 1893 1141 1935 non

135 1961 305 2040 aequalibus
327 1958 487 2018 intervallis
507 1969 668 2019 moventur.
704 1959 747 2018 Ob
770 1978 853 2038 quam
876 1979 990 2021 causam
1012 1960 1141 2018 medicus
1151 1982 1176 2021 oo

134 2064 230 2124 neque
246 2046 273 2103 in
289 2042 435 2119 tenebris,
456 2060 552 2120 neque
570 2062 586 2103 a
603 2046 698 2123 capite
714 2046 795 2120 aegri
812 2044 898 2103 debet
919 2044 1065 2112 residere;
1089 2042 1141 2101 sed

133 2130 237 2189 illustri
261 2129 329 2187 loco
352 2125 507 2200 adversus,
534 2137 564 2187 ut
587 2144 687 2187 omnes
707 2136 790 2186 notas
807 2146 844 2186 ex
859 2128 938 2186 vultu
960 2143 1075 2204 quoque
1093 2144 1140 2185 cu-

134 2213 228 2272 bantis
245 2212 397 2291 percipiat.
427 2209 484 2270 Ubi
502 2228 573 2269 vero
591 2211 681 2271 febris
696 2211 765 2285 fuit,
782 2201 823 2270 ac'
832 2211 980 2285 decrevit,
1005 2218 1141 2288 spectare

135 2305 262 2374 oportet,
280 2312 345 2352 num
361 2302 504 2370 tempora,
522 2304 658 2370 partesve
678 2297 812 2372 corporis
828 2295 901 2354 aliae
918 2294 1032 2372 paulum
1045 2292 1140 2351 mude-

135 2388 227 2455 scaot,
245 2395 318 2455 quae
335 2375 470 2433 sudorem
487 2385 636 2436 venturum
654 2397 722 2438 esse
738 2386 894 2437 testentur:
911 2396 946 2437 ac
962 2378 1054 2454 siqua
1071 2385 1140 2435 nota
1151 2396 1175 2435 rs

135 2471 196 2534 cst,
219 2469 286 2518 tunc
308 2458 420 2517 demum
441 2458 510 2517 darc
533 2463 611 2537 potui
634 2462 752 2520 calidam
771 2479 887 2538 aquam,
912 2463 995 2536 cujus
1017 2459 1142 2518 salubris

138 2544 261 2603 ellectus
279 2550 340 2615 est,
364 2543 387 2598 si
409 2541 542 2601 sudorem
560 2563 612 2622 per
628 2547 720 2604 omnia
741 2543 868 2603 membra
885 2543 1021 2604 diffundit.
1049 2542 1141 2617 Huius

138 2635 232 2687 autem
247 2626 289 2684 rei
307 2641 402 2699 causa,
421 2626 569 2685 continere
585 2646 675 2704 aeger
692 2628 745 2688 sub
761 2637 844 2687 veste
861 2630 930 2687 satis
942 2626 1029 2685 multa
1040 2643 1141 2685 manus

137 2711 238 2776 debet;
262 2708 420 2785 eademque
443 2726 543 2785 crura,
565 2711 713 2789 pedesque
737 2720 913 2788 contegere:
936 2728 991 2788 qua
1008 2710 1140 2788 plerique

137 2794 287 2870 aegrosin
303 2793 369 2869 ipso
385 2791 476 2850 febris
491 2793 596 2871 impetu
613 2796 687 2853 male
705 2795 821 2854 habent.
853 2796 884 2854 Si
906 2793 1009 2853 sudare
1030 2810 1137 2871 corpus
1149 2811 1175 2852 so

138 2877 246 2955 coepit,
261 2876 379 2934 linteum
395 2876 564 2952 tepefacere
577 2888 703 2955 oportet,
720 2878 915 2955 paulatimque
928 2877 1040 2953 singula
1053 2893 1140 2934 mem·

136 2961 187 3020 bra
203 2960 367 3037 detergere.
394 2958 433 3018 m
449 2958 496 3017 ubi
515 2960 603 3019 sudor
623 2964 713 3021 omnis
728 2963 822 3021 imitus
840 2971 899 3038 est,
921 2970 970 3021 aut
993 2963 1015 3019 si
1040 2960 1064 3018 is
1080 2976 1140 3018 non

133 3047 222 3120 venit,
240 3044 288 3103 ubi
307 3061 392 3121 quam
406 3044 528 3102 maxime
545 3047 650 3123 potuit,
676 3046 797 3104 idoneus
819 3064 886 3104 esse
909 3045 974 3104 cibo
991 3061 1083 3120 aeger
1098 3044 1139 3101 vi·

134 3129 231 3204 detur,
262 3127 315 3186 sub
337 3136 420 3185 veste
440 3126 545 3187 leuiter
576 3131 727 3205 ungendus
757 3138 814 3206 est,
846 3139 904 3187 tum
930 3125 1138 3204 detergendus,

134 3213 237 3272 deinde
256 3213 282 3270 ei
300 3211 380 3270 cibus
396 3210 513 3270 dandus.
546 3211 574 3271 ls
590 3222 683 3272 autem
700 3212 929 3273 febricitantibus
944 3211 1073 3271 humidus
1093 3219 1175 3272 estas

133 3298 296 3372 aptissimus
312 3292 408 3373 (Aple.
425 3294 448 3369 l,
470 3294 541 3374 16),
566 3305 613 3354 aut
633 3295 743 3356 humori
766 3307 845 3356 certe
868 3315 952 3374 quam
973 3297 1138 3375 proximus:

133 3379 231 3457 utique
247 3398 283 3439 ex
301 3379 419 3437 materia
441 3395 524 3454 quam
546 3379 710 3455 levissima,
730 3381 909 3459 maximeque
926 3379 1065 3453 sorbitio,
1091 3396 1138 3437 ea·

135 3476 206 3538 que,
228 3466 252 3522 si
272 3479 394 3538 magnae
410 3460 510 3521 febres
527 3463 649 3539 fuerint,
674 3482 758 3542 quam
776 3465 941 3523 tenuissima
957 3482 1025 3523 esse
1040 3461 1138 3521 debet.
