2414 3924
448 234 516 282 urs.
532 234 577 279 vr.
601 232 675 280 cnr.
691 233 738 280 vr.
1035 220 1095 282 237

160 388 216 450 32
229 386 366 465 Caligare
382 405 453 446 vero
467 387 542 447 oculi
553 405 765 466 nonnumquam
778 405 816 448 ex
828 387 1011 467 lippitudine,
1027 402 1095 445 non-

96 490 249 552 numquam
261 474 348 531 etiam
360 472 423 530 sine
434 470 500 547 hac,
511 481 631 550 propter
643 480 823 531 senectutem
831 470 1096 530 imbecillitatemve

98 557 196 634 aliam,
218 565 403 616 consuerunt
439 556 470 614 Si
488 574 526 615 ex
540 556 671 634 reliquus
679 555 864 653 lrpprtudrms
882 555 910 614 rd
924 555 1021 613 vrtrum
1038 562 1093 627 est
1156 613 1159 616 ι

97 642 214 717 adjuvat
231 640 401 715 collyrium,
422 640 499 717 quod
513 629 705 716 Ἀσκληπιός
723 640 899 709 nominatum
922 638 1038 714 adjuvat
1055 636 1095 714 id,

75 724 177 803 squod
192 742 230 783 ex
247 733 479 800 crocomagmate
495 725 534 782 lit.

161 807 212 869 33
233 808 355 885 Proprie
376 809 460 867 etiam
482 807 516 867 ad
542 807 569 866 id
592 807 790 904 compopitur,
807 806 884 885 quod
898 795 954 866 διὰ
969 797 1096 886 κρόκου

96 901 211 952 vocant.
243 891 337 951 Habet
352 910 463 970 prperrs
479 909 508 970 p
521 891 550 970 )·
554 891 578 969 (.
592 904 615 948 1
630 891 709 949 croci
727 891 823 965 cilicii,
841 889 996 967 papaveris
1012 889 1095 949 lacri-

96 994 176 1050 mae,
193 994 341 1047 cerussae,
359 975 538 1051 singulorum
555 992 583 1053 p.
601 973 656 1053 )-(.
673 987 709 1032 11.
727 975 988 1054 psorici,gummis‚
999 975 1096 1049 singu·

98 1060 191 1118 lorum
206 1078 234 1137 p.
250 1058 371 1137 )-(.1v.

64 1164 89 1204 ro
161 1142 210 1202 34.
236 1143 275 1202 Αι
293 1143 317 1201 εἰ
336 1161 374 1201 ex
388 1149 539 1200 senectute
557 1142 652 1200 aliave
672 1141 868 1201 imbecillitate
886 1141 991 1214 idest,
1014 1150 1095 1200 recte

97 1228 196 1303 inungi
211 1235 310 1303 potest
326 1235 354 1284 et
369 1226 456 1283 melle
477 1243 560 1303 quam
576 1226 702 1302 optimo,
720 1234 748 1283 et
764 1227 901 1303 cyprino,
920 1235 948 1283 et
964 1225 1031 1284 olco
1044 1243 1094 1284 ve-

97 1320 171 1374 tere.
208 1307 475 1368 Commodissimum
498 1318 591 1367 tamen
615 1318 659 1367 cst
680 1308 800 1368 balsami
821 1318 932 1386 partem
947 1327 1044 1386 uuam,
1066 1317 1096 1367 et

99 1394 157 1453 olei
180 1395 305 1468 veteris,
329 1402 376 1451 aut
399 1394 511 1471 cyprini
528 1402 626 1470 partes
643 1393 730 1469 duas,
752 1392 846 1451 mellis
863 1410 946 1470 quam
963 1391 1095 1451 acerrimi

99 1486 197 1556 partes
218 1487 279 1536 tres
304 1478 437 1535 miscere.
475 1474 561 1534 Utilia
576 1474 632 1534 huc
651 1495 767 1555 quoque
789 1476 996 1535 medicamenta
1018 1485 1094 1552 suut,

64 1584 89 1623 rs
100 1579 174 1639 quae
195 1562 230 1621 ad
253 1560 405 1637 caliginem
427 1560 577 1638 proxime,
604 1577 736 1638 quaeque
753 1559 789 1620 ad
808 1560 1004 1619 extenuandas
1019 1561 1094 1619 eica-

99 1647 187 1704 trices
203 1662 290 1723 supra
307 1643 516 1722 comprehensa
531 1652 605 1702 sunt.
624 1642 802 1721 Cuicumque
814 1661 885 1703 vero
899 1643 976 1702 oculi
989 1643 1093 1719 caliga·

99 1728 183 1806 bunt,
203 1729 269 1787 huic
291 1746 365 1806 opus
381 1728 435 1786 erit
451 1726 538 1786 multa
555 1726 747 1786 ambulatione
764 1738 851 1805 atque
867 1728 1093 1795 exercitatione;

100 1812 243 1888 frequenti
258 1811 378 1881 balneo;
395 1809 443 1869 ubi
459 1819 549 1869 totum
566 1811 680 1888 quidem
695 1830 803 1910 corpus
816 1810 1026 1890 perfricandum
1040 1818 1093 1886 est,

101 1896 257 1972 praecipue
275 1904 370 1954 tamen
387 1903 490 1973 caput
510 1903 538 1953 et
554 1895 689 1972 quidem
682 1913 771 1972 rrmo
789 1894 1025 1963 donecinsudet;
1044 1911 1093 1952 ve-

65 1987 90 2028 20
102 1979 272 2057 laudumque
290 1987 403 2057 postea,
420 1996 475 2037 nec
487 1979 689 2054 detegendum,
707 1988 857 2058 antequam
870 1979 958 2038 sudor
973 1986 1002 2037 et
1014 1967 1094 2036 calor

100 2063 175 2122 domi
194 2063 383 2141 conquierint
419 2061 488 2121 'lum
507 2061 578 2120 cibis
593 2063 727 2121 utendum
742 2063 856 2121 acribus
871 2072 899 2122 et
918 2062 1093 2121 extenuanti-

99 2147 166 2205 bus·
160 2145 564 2224 interposrtrsqueaquurbus
573 2145 686 2221 drebus,
698 2166 735 2205 ex
745 2165 836 2245 smapr
829 2144 1093 2223 gargarizandum

162 2231 211 2289 35.
235 2229 361 2288 Sullusio
382 2247 514 2308 quoque,
538 2247 620 2306 quam
637 2218 776 2289 Graeci
756 2222 922 2308 υποχυσιν
939 2231 1092 2303 nommant

101 2313 240 2372 interdum
263 2312 339 2371 oculi
361 2315 523 2390 potentiae,
547 2331 602 2391 qua
617 2316 724 2390 cermt
737 2333 780 2373 se
804 2316 935 2392 opponit
971 2312 1093 2388 Quodsi

65 2413 91 2452 as
102 2398 287 2470 inveteravit,
313 2413 394 2455 manu
419 2397 572 2455 curandum
592 2406 653 2456 est:
682 2401 756 2457 inter
781 2399 859 2456 initia
886 2414 1095 2474 nonnumquam

102 2483 190 2539 certis
212 2478 463 2539 observationibus
483 2481 643 2539 discutitur.
679 2482 853 2558 Sanguinem
874 2500 911 2540 ex
933 2482 1028 2540 fronte
1046 2479 1094 2538 vel

99 2564 218 2622 naribus
233 2565 360 2631 mittere;
382 2566 411 2622 in
426 2564 605 2641 temporibus
621 2582 711 2623 venas
728 2565 865 2634 adurere;
883 2563 1093 2642 gargarizando
1164 2566 1166 2569 ’

99 2649 227 2746 pituitam
245 2663 386 2716 evocare;
410 2648 609 2724 suffumigare;
630 2649 731 2707 oculos
747 2649 862 2709 acribus
877 2649 1094 2708 medicamentis

98 2734 249 2808 inungere,
267 2731 395 2807 expedit.
423 2730 524 2790 Victus
538 2733 662 2808 optimus
677 2741 732 2808 est,
750 2735 796 2810 qui
810 2734 937 2811 pituitam
949 2740 1093 2791 extenuat.

64 2825 90 2866 80
161 2814 211 2874 36
235 2815 281 2872 Ac
296 2833 332 2873 ne
347 2814 487 2873 resolutio
504 2816 617 2892 quidem
634 2816 783 2875 oculorum
785 2834 892 2894 ,quam
906 2806 1095 2893 παράλυσιν

99 2897 202 2957 Graeci
224 2899 387 2972 nominant,
411 2898 468 2957 alio
489 2900 582 2957 victus
601 2899 704 2974 modo,
729 2900 776 2958 vel
801 2900 863 2958 aliis
879 2897 1094 2957 medicamentis

99 2981 221 3040 curanda
238 2991 291 3040 est.
329 2980 510 3059 Exposuisse
527 2991 633 3041 tantum
648 3001 740 3058 genus
757 2985 816 3041 vitii
832 2984 901 3041 satis
918 2989 972 3038 est.
1005 2979 1094 3055 Igitur

98 3065 238 3124 interdum
255 3065 363 3140 evenit,
380 3065 466 3124 modo
482 3066 509 3122 in
526 3065 618 3124 altero
634 3066 732 3141 oculo,
747 3066 833 3124 modo
852 3068 880 3122 in
897 3073 1029 3139 utroque,
1047 3070 1094 3121 aut

100 3167 138 3207 ex
160 3149 217 3207 ictu
240 3150 353 3226 aliquo,
372 3158 419 3208 aut
439 3167 476 3206 ex
499 3148 602 3206 morbo
625 3149 776 3224 comitiali,
802 3157 848 3206 aut
868 3166 906 3207 ex
921 3147 1093 3206 distentione

65 3239 88 3280 ³⁵
99 3250 268 3309 nervorum,
291 3250 346 3310 qua
361 3232 551 3291 vehementer
565 3233 629 3309 ipse
649 3232 749 3290 oculus
766 3249 923 3290 concussus
939 3239 1000 3305 est,
1023 3240 1053 3280 ιιι
1068 3231 1093 3272 i·

98 3333 193 3392 neque
210 3333 353 3395 quoquam
369 3314 476 3374 intendi
493 3318 603 3394 possit,
622 3333 716 3393 neque
732 3316 846 3375 omnino
863 3314 980 3375 consiste

98 3398 154 3458 buo
175 3399 281 3458 illucve
305 3401 367 3457 sine
388 3401 499 3459 ratione
521 3407 685 3474 moveatur,
708 3397 834 3475 ideoque
851 3417 887 3458 ne
904 3414 976 3468 cons

99 3482 213 3557 quidem
229 3501 325 3541 rerum
342 3491 481 3560 praestet.
