2414 3924
431 251 499 295 ura.
513 250 586 296 v111.
602 249 677 296 car.
696 250 741 297 1v.
1025 240 1087 302 337

104 402 322 479 dammationem
346 401 522 476 intumuerit,
546 402 720 462 infundenda
743 405 798 461 erit
821 419 887 461 rosa
917 403 1030 481 tepida:
1061 407 1087 463 si
1165 419 1168 426 ’

105 503 195 564 usque
209 503 245 545 eo
266 484 384 544 tumebit
406 495 435 545 ut
450 503 538 565 super
558 503 626 546 ossa
645 503 761 563 quoque
778 485 916 562 emineat,
938 484 1087 547 coercebit

103 588 165 630 eam
187 568 262 627 bene
281 571 347 628 trita
367 568 519 644 lenticula,
541 568 589 628 vel
612 568 682 628 lolia
697 569 763 628 vitis
779 570 900 627 contrita
916 577 945 629 et
963 587 1026 628 cum
1041 587 1086 628 re-

104 653 181 713 centi
204 652 252 711 vel
272 652 375 726 butyro
398 652 446 712 vel
467 651 552 731 adipe
567 654 698 711 anserina
713 654 813 719 mixtam
839 653 995 731 cervixque
1016 653 1086 714 mol·

77 751 89 788 ⁵
103 737 147 796 liri
161 734 279 795 debebit
295 735 401 814 liquido
418 743 515 795 cerato
533 753 570 794 ex
584 737 656 793 irino
672 735 759 795 facto.
787 734 832 794 Ac
857 736 881 793 si
904 753 1002 812 parum
1016 753 1087 816 pura

102 818 422 896 membranavidebitur,
432 818 592 896 parmodua
606 817 1087 896 ejusemplastrietmellismisoen·

103 904 156 963 dus
170 902 239 962 erit:
259 901 344 979 idque
358 901 665 980 superinfundendum:
689 904 809 979 eiusque
825 901 988 961 continendi
1001 920 1088 962 causa

103 1004 187 1046 unum
203 994 250 1044 aut
264 984 385 1045 alterum
400 985 583 1045 linamentum
600 985 791 1061 injiciendum,
810 994 839 1044 et
854 1003 942 1063 super
957 984 1087 1061 linteolo,

104 1070 150 1129 cui
171 1069 355 1146 emplastrum
381 1068 480 1128 illitum
502 1069 556 1144 sit,
584 1068 804 1145 contegendum.
836 1067 891 1128 Ubi
915 1086 986 1146 pura
1001 1085 1086 1127 mem·

70 1175 94 1215 ιο
103 1154 192 1213 brana
207 1160 267 1228 est,
286 1151 388 1211 eadem
403 1153 514 1211 ratione
529 1151 718 1227 adjiciendum
734 1150 891 1229 emplastro
904 1160 1041 1228 ceratum,-
1058 1159 1088 1211 ut

104 1254 219 1296 carnem
235 1235 386 1315 producat.
417 1234 501 1308 Quod
513 1234 549 1294 ad
564 1234 761 1295 abstinentiam
777 1251 864 1309 vero,
881 1243 910 1293 et
927 1237 1035 1313 primos
1046 1235 1087 1295 ul·
1131 1251 1136 1259 ⁴

102 1321 284 1396 terioresquc
293 1319 376 1378 cibos
388 1321 580 1396 potionesque
594 1319 729 1398 pertinet,
739 1317 851 1392 eadem,
865 1336 939 1396 quae
950 1320 978 1376 in
989 1317 1087 1378 vulne·

102 1402 182 1462 ribus
204 1404 359 1482 praecepi,
380 1402 522 1462 servanda
542 1411 621 1476 sunt,
643 1404 799 1479 eomagis,
823 1418 880 1479 quo
895 1401 1088 1480 periculosius

103 1486 177 1546 baec
193 1503 260 1563 pars
275 1485 408 1546 allicitur.
441 1484 624 1562 Quinetiam,
647 1503 732 1562 quum
742 1485 801 1559 jam
819 1501 876 1543 non
897 1484 990 1544 solum
1005 1485 1087 1544 susti·

69 1569 184 1643 raneri,
208 1568 260 1628 aed
280 1568 318 1627 ali
341 1586 457 1647 quoque
480 1568 551 1631 cibis
575 1568 738 1647 oportebit,
761 1576 855 1627 tamen
878 1576 960 1626 erunt
974 1567 1088 1627 vitanda

101 1670 300 1731 quaecumque
317 1651 476 1711 mandenda
495 1661 574 1711 suut:
596 1653 665 1711 item
681 1653 789 1729 lumus',
805 1660 833 1710 et
848 1650 984 1729 quidquid
1010 1651 1087 1710 exci-

101 1744 142 1795 tat
168 1744 430 1795 sternutamentum.
467 1737 555 1813 Spem
576 1753 648 1794 vero
671 1745 778 1795 certam
798 1734 906 1794 faciunt
925 1733 1089 1793 membrana

101 1817 217 1878 mobilis
238 1835 273 1877 ac
294 1820 338 1878 sui
361 1818 484 1896 eoloris,
512 1836 580 1879 caro
601 1820 769 1878 increscens
791 1818 966 1897 rubicunda,
995 1817 1088 1879 facilis

102 1909 196 1961 motus
210 1901 345 1962 maxillae
361 1910 447 1980 atque
468 1903 600 1962 cervicis.
631 1902 709 1963 Mala
724 1904 807 1978 sigua
825 1912 903 1979 aunt,
925 1903 1089 1964 membrana

67 1984 272 2060 mimmobilis,
288 1986 389 2062 nigra,
406 1986 453 2044 rel
469 1985 570 2061 livida,
588 1986 635 2044 vel
652 1985 735 2045 aliter
751 1984 860 2045 coloris
878 1988 1022 2064 corrupti,
1039 1987 1089 2047 de·

100 2069 220 2142 mentia,
237 2070 312 2128 acris
332 2070 468 2146 vomitus,
490 2087 643 2128 nervorum
657 2069 704 2128 vel
725 2069 864 2129 resolutio
879 2070 927 2129 vel
944 2071 1088 2148 distentio,

102 2169 170 2212 caro
188 2151 285 2227 livida,
298 2152 479 2226 ¹mamillarum
496 2155 587 2229 rigor,
603 2162 689 2231 atque
707 2154 841 2211 cervicis.
876 2151 998 2228 Cetera,
1015 2155 1088 2231 quae

104 2236 138 2296 ad
165 2252 310 2310 somnum,
341 2234 397 2294 cibi
420 2236 609 2312 desiderium,
632 2236 759 2313 lebrem,
781 2237 859 2314 puris
882 2236 1011 2296 colorem
1027 2236 1088 2296 atti-

101 2327 184 2392 nent,
209 2318 311 2377 eadem
332 2336 407 2395 quae
428 2322 455 2378 in
480 2323 586 2379 ceteris
608 2319 773 2379 vulneribus
794 2318 843 2378 vel
865 2319 1016 2395 salutaria,
1040 2319 1089 2380 vel

67 2416 92 2454 as
101 2400 250 2460 mortifera
273 2410 346 2461 sunt.
388 2401 445 2462 Ubi
466 2403 540 2462 bene
562 2422 611 2463 res
635 2403 725 2480 cedit,
747 2403 848 2481 incipit
867 2403 903 2462 ab
921 2406 985 2482 ipsa
1002 2421 1088 2463 mem·

101 2484 207 2551 brana;
238 2485 285 2544 vel
307 2487 331 2544 si
352 2501 387 2544 os
409 2503 445 2545 eo
462 2485 529 2545 loco
548 2486 656 2565 duplex
671 2496 729 2562 est,
751 2486 817 2545 inde
831 2504 946 2566 quoque
964 2504 1032 2546 caro
1047 2488 1087 2546 in·

102 2585 253 2636 crescere;
288 2586 381 2647 eaque
405 2569 446 2645 id,
475 2569 550 2647 quod
572 2573 646 2629 inter
664 2588 731 2630 osea
754 2588 873 2630 vacuum
889 2580 949 2645 est,
975 2570 1087 2648 replet:

101 2668 309 2729 nonnumquam
330 2654 416 2712 etiam
437 2671 526 2730 super
543 2653 695 2714 calvariam
710 2654 866 2714 excrescit.
897 2653 982 2728 Quod
1003 2656 1026 2712 si
1047 2655 1087 2712 in·

100 2734 184 2810 cidit,
201 2736 396 2812 inspergenda
413 2754 529 2813 squama
546 2738 621 2796 aeris
640 2746 701 2812 est,
717 2744 746 2795 ut
762 2737 789 2796 id
810 2739 948 2815 reprimat
963 2745 992 2795 et
1009 2736 1087 2795 cohi-

66 2818 182 2878 aobeat:
211 2836 302 2895 eaque
329 2819 526 2897 superdanda,
560 2839 632 2898 quae
662 2820 697 2880 ad
727 2820 890 2879 cicatricem
918 2818 1087 2897 perducant.

100 2899 289 2979 omnibusque
309 2920 342 2961 ea
359 2901 432 2962 locis
449 2904 596 2964 commode
613 2904 771 2976 inducitur,
796 2912 919 2979 excepta
934 2902 1037 2959 lrontis
1053 2918 1087 2959 ea

100 2992 195 3063 parte,
221 3002 295 3061 quae
313 2985 425 3064 paulum
443 3006 531 3065 snper
546 2987 574 3046 id
592 2996 651 3061 est,
676 2985 753 3062 quod
768 2987 843 3044 inter
862 2983 1017 3061 supercilia
1032 2991 1085 3043 est.

98 3067 142 3126 lbi
158 3068 232 3127 enim
247 3070 296 3127 vix
314 3070 376 3128 lreri
393 3079 506 3147 potest,
524 3079 553 3128 ut
572 3088 629 3130 non
646 3088 700 3147 per
721 3085 833 3126 omnem
848 3076 970 3126 aetatem
987 3066 1022 3123 sit
1036 3083 1086 3124 ex-

98 3151 259 3210 ulceratio:
278 3170 351 3229 quae
368 3152 488 3213 linteolo
503 3152 738 3212 medicamentum
757 3150 882 3210 habente
907 3149 1086 3226 contegenda

64 3242 154 3293 esest.
188 3233 243 3294 llla
259 3238 366 3313 utique,
385 3239 480 3315 capite
492 3236 596 3311 fracto,
613 3234 754 3294 servanda
770 3242 845 3309 sunt,
860 3242 907 3310 ut,
924 3233 1018 3292 donec
1027 3235 1086 3308 jam

100 3316 194 3377 valida
218 3319 337 3378 cicatrix
352 3319 403 3393 sit,
435 3322 559 3378 vitentur
582 3319 643 3394 sol,
660 3336 767 3394 venus,
791 3317 928 3396 frequens
943 3315 1086 3389 balneum,

99 3401 193 3475 maior
209 3403 267 3460 vini
282 3402 391 3462 modus.

138 3504 244 3545 causus.
840 3484 879 3546 22
