2414 3924
451 238 689 304 -107-

61 403 129 448 cum
152 385 217 444 vini
239 384 318 463 nigri
346 385 438 464 epatis
461 382 502 444 lll
528 386 613 464 potui
640 382 722 445 dahis
749 403 805 465 per
827 385 891 448 dies
914 385 955 448 lll
978 393 1030 448 aut
1051 385 1076 446 V

60 479 90 537 iu
115 490 232 534 mense.

148 563 225 622 item
258 559 313 621 alia
345 562 427 640 potio
458 561 494 622 ad
522 562 655 643 splenem
687 570 719 624 et
749 559 786 623 ad
812 564 896 624 initia
925 562 1075 646 hydropis,

61 668 136 733 qnae
175 666 231 730 per
268 656 404 709 ventrem
440 650 581 712 solvendo
619 651 776 713 humorem
813 651 941 713 deducit.
996 651 1076 714 ehuli

60 738 174 803 herhae
192 737 296 798 viridis
313 737 430 799 radices
452 741 573 801 eximito
594 741 631 802 de
654 749 735 801 terra
753 747 785 801 et
801 742 956 802 excutiens
978 740 1103 802 lavares

60 829 128 891 noli.
174 825 254 906 quod
287 825 405 887 duobus
436 827 536 908 digitis
569 827 816 909 comprehendas,
845 829 892 890 rel
922 827 1020 890 trihus
1050 832 1076 890 si

59 917 226 998 plurimum
251 913 387 976 humoris
414 914 563 978 deducere
590 917 732 992 volueris,
760 919 907 979 contento
939 935 975 978 ex
1008 919 1076 980 rino

59 1007 155 1068 reteri
180 1012 211 1065 et
232 1005 317 1083 potui
340 1002 422 1065 dato:
444 1006 570 1066 mirilico
592 1004 717 1067 sanabis.

149 1097 226 1154 item
247 1091 303 1152 alia
325 1093 408 1171 potio
427 1093 462 1154 ad
482 1092 623 1173 splenem
659 1093 787 1155 hederae
810 1094 941 1156 radicem
960 1103 990 1155 et
1008 1112 1074 1175 cap·

58 1185 141 1265 paris
166 1181 277 1242 radicis
300 1183 442 1241 corticem
469 1181 594 1243 viridem
620 1182 667 1243 vel
685 1185 799 1244 'siccam
822 1183 972 1263 decoques
995 1201 1073 1244 com·
1090 1201 1115 1241 ro

58 1277 201 1354 potenter
228 1271 260 1330 in
282 1271 351 1329 rino
375 1271 501 1349 styptieo
524 1289 620 1350 usque
643 1270 679 1331 ad
707 1273 825 1332 tertiam
847 1268 963 1351 pectem
987 1281 1075 1333 etex

58 1354 269 1443 ipso'liquore
291 1358 392 1418 ieiuno
415 1357 499 1419 dahis
522 1358 644 1420 calicem
666 1359 680 1420 l
703 1361 856 1420 minorem.

150 1445 240 1508 alind.
271 1445 399 1506 hederae
418 1446 487 1507 folia
505 1447 610 1509 uiridia
628 1455 659 1509 et
679 1456 817 1527 nepetam
835 1447 969 1529 viridem,
987 1466 1077 1527 quam

58 1535 260 1599 calaminthen
287 1541 407 1616 vocant,
435 1542 465 1595 et
490 1534 624 1614 puleium
651 1543 682 1597 ot
709 1535 832 1615 squillae
865 1537 995 1598 medium
1025 1537 1075 1598 de·

58 1642 176 1706 coques
207 1630 412 1702 competenter
442 1625 475 1684 iu
507 1633 591 1685 aceto
623 1626 694 1686 acri.
742 1631 812 1704 post
842 1624 916 1686 haec
947 1626 1076 1705 proicies
1091 1641 1116 1682 aa

57 1713 172 1776 herhas
200 1718 231 1772 et
256 1712 288 1771 iu
315 1713 410 1790 ipsam
437 1711 641 1774 decoctionem
673 1714 775 1774 mittes
801 1713 907 1774 hordei
935 1712 1077 1792 pollinem

57 1810 88 1864 et
117 1802 184 1862 ervi
210 1807 241 1860 et
267 1797 347 1860 iaeni
373 1802 485 1882 graeci,
512 1808 543 1861 et
570 1800 617 1862 his
645 1800 763 1862 sacculo
789 1801 913 1862 inclusis
943 1800 1076 1880 splenem

56 1888 231 1971 raporahis,
266 1893 297 1948 et
332 1895 400 1966 post
432 1891 653 1969 vaporationem
689 1891 845 1968 cyprinum
876 1888 975 1949 oleum
1007 1906 1075 1949 curn

56 1986 144 2041 aceto
171 1985 201 2038 et
223 1977 303 2036 nitro
326 1983 378 2037 aut
400 1976 460 2037 sale
483 1979 556 2038 trito
575 1996 611 2037 er
630 1975 745 2056 aequali
763 1976 852 2036 modo
871 1975 959 2036 simul
981 1976 1075 2036 lerve-

134 2276 230 2339 iperi
248 2269 339 2324 cistis.
358 2270 405 2324 111.
424 2271 526 2340 oddp
551 2273 581 2325 et
599 2254 637 2327 ed'
656 2271 702 2325 vel
721 2252 758 2328 οἵ
777 2268 867 2325 tarne
887 2272 933 2338 (=
950 2270 1028 2326 etde
1043 2286 1077 2325 ee

56 2341 267 2410 tantundemt).
349 2340 414 2395 lin
431 2357 601 2396 uuo‘meuse
615 2360 645 2412 p.
733 2341 839 2398 sltem
857 2357 909 2397 orn.
923 2358 954 2411 p.
1040 2340 1077 2394 od

55 2414 148 2470 inicio
166 2412 281 2482 ydropis
300 2428 327 2465 cz
348 2411 384 2465 ad
402 2411 563 2466 initiantem
580 2413 724 2482 ydropieiu
737 2431 768 2484 p.
841 2419 858 2465 4
876 2429 931 2480 que
949 2413 1077 2466 ventrem

56 2483 228 2541 resolvendo
242 2498 272 2551 p.
347 2487 362 2535 5
381 2482 505 2537 radicem
523 2481 622 2539 dextra
640 2500 725 2540 exuee
743 2487 824 2553 (corr.
849 2483 960 2537 detorta
977 2484 1076 2537 excute

52 2564 88 2626 ρο
107 2561 135 2610 et
154 2554 226 2608 idem
247 2554 280 2606 io
301 2569 388 2622 moro.
411 2555 511 2607 iterem
534 2553 552 2608 i.
572 2570 678 2610 summo
697 2553 813 2609 eximito
831 2553 866 2609 de
891 2555 966 2608 terra
984 2554 1014 2607 et
1031 2568 1077 2606 ex·

57 2629 125 2682 cute
144 2625 186 2691 et)
205 2623 301 2678 levare
319 2623 378 2677 noli
393 2641 422 2692 p.
497 2630 513 2678 6
532 2625 744 2694 comprehendis
758 2641 791 2692 cp
805 2624 851 2694 (cf.
867 2624 973 2695 Goryc'i.
993 2639 1016 2678 c.
1030 2627 1077 2688 24,

58 2698 124 2752 aaz.
145 2695 248 2759 XIII,
267 2698 325 2749 254
342 2699 389 2748 etc.
409 2694 595 2763 χειροπληθές
614 2721 648 2741 =
666 2695 841 2766 manipulum
858 2695 895 2750 io.
915 2696 987 2763 242).
1061 2699 1077 2748 ‘1

57 2765 187 2823 nolueris
204 2781 220 2818 c
237 2770 262 2819 et
279 2769 344 2819 orote
362 2780 431 2819 corr.
446 2783 476 2834 p.
585 2767 706 2823 contrito
725 2785 788 2822 cum
802 2782 833 2834 p.
940 2765 1009 2820 8dc
1026 2766 1078 2818 hoc

54 2840 171 2909 potione
189 2836 224 2901 cf.
244 2834 328 2904 Apol.
348 2836 419 2890 terh
439 2841 482 2890 91.
591 2838 699 2892 tiltem
716 2838 754 2893 ad
772 2853 794 2905 c,
815 2835 879 2891 Alia
897 2835 977 2905 potia
994 2835 1031 2888 ed
1046 2851 1076 2902 p.

58 2908 172 2964 radices
187 2923 217 2974 p.
302 2906 432 2962 torocha
453 2907 569 2962 cortices
588 2907 645 2962 sive
664 2909 725 2977 (sic)
744 2907 846 2963 virides
864 2905 923 2961 eive
942 2906 1032 2961 siccas
1045 2923 1077 2974 p.

58 2978 256 3047 competenter
273 2992 323 3030 om,
339 2993 369 3045 p.
461 2982 493 3030 11
513 2976 608 3033 stitico
628 2980 688 3047 (cic)
706 2979 743 3033 ad
760 2976 859 3034 tertias
878 2980 952 3046 etp.
1045 2981 1077 3028 12

58 3051 188 3176 dicuntum
201 3047 891 3188 ‘'174‘ii1i'hcniintiitiiimntecqiim
905 3045 1078 3184 -puffipp

60 3224 168 3278 coques
186 3193 254 3275 poti
270 3194 368 3275 (potet
380 3231 413 3251 ==
432 3207 563 3276 potenter
577 3210 623 3276 1²⁰)
637 3224 669 3276 p.
760 3212 792 3261 15
816 3208 881 3275 post
903 3205 955 3258 hec
976 3201 1026 3270 (h')
1041 3217 1077 3271 p:

60 3279 178 3348 etpost
196 3292 282 3345 qnam
300 3293 322 3332 c.
429 3277 532 3346 proicis
551 3277 669 3346 (-hicis
683 3282 717 3347 p)
735 3295 777 3348 cp.
886 3280 919 3328 16
939 3275 968 3328 et
985 3289 1036 3328 om.
1055 3288 1079 3326 c.

61 3350 181 3405 ordeum
200 3349 229 3401 ct
246 3347 364 3401 herbum
383 3350 411 3403 et
428 3347 476 3403 fefi
495 3353 522 3418 ξ.
540 3365 568 3418 p.
661 3354 693 3403 17
712 3347 792 3403 herbi
810 3363 832 3401 e.
923 3344 967 3398 his
986 3361 1037 3400 om.
1055 3358 1078 3397 c.

62 3426 94 3475 18
109 3438 139 3489 p.
154 3437 183 3474 v.
193 3416 296 3472 adhibe
307 3418 445 3487 ciprinum
454 3436 477 3473 c.
550 3437 613 3474 cum
627 3421 707 3474 aceto
717 3435 768 3474 om.
782 3435 806 3474 c.
880 3423 912 3471 19
927 3418 957 3470 et
971 3415 1078 3485 (nitro)·

62 3493 112 3545 aut
131 3507 154 3545 c.
229 3504 263 3542 ex
280 3503 331 3544 om.
346 3506 376 3558 p.
452 3496 485 3543 19
504 3491 581 3546 ierne
598 3490 668 3546 lacis
687 3505 713 3558 c,
731 3488 839 3545 fervere
856 3486 927 3543 facis
940 3504 972 3556 p.
