2414 3924
469 206 539 254 ura.
551 207 575 253 1.
592 206 666 255 oar.
680 207 731 254 111.
1067 201 1104 261 i'i

97 369 160 439 tet,
178 360 255 440 quod
267 378 306 419 ex
320 357 422 419 labore
438 361 550 420 sudanti
565 361 668 439 frigida
683 363 763 440 potio
780 363 1027 440 perniciosissima
1043 375 1102 435 est;

99 454 190 524 atque
206 445 301 520 etiarn,
320 461 405 523 quum
420 444 508 504 sudor
530 463 563 504 se
580 446 706 520 remisit,
722 447 823 506 itinere
841 447 967 524 fatigatis
985 447 1101 508 inutilis.

98 529 128 591 A
148 528 255 589 balneo
270 544 386 606 quoque
402 527 583 588 venientibus
605 528 799 608 Asclepiades
822 530 948 589 inutilem
973 549 1036 590 eam
1056 533 1102 607 ju·

99 613 223 674 dioavit:
241 610 319 692 quod
337 613 365 670 in
385 613 420 670 iis
439 630 538 671 verum
552 621 607 688 est,
619 614 722 691 quibus
737 612 818 672 alvus
836 613 940 689 facile,
959 632 1013 673 neo
1030 624 1100 692 tuto,

72 697 277 772 tresoiritur,
292 696 399 773 quique
413 695 501 755 facile
514 695 728 764 inhorresouut;
745 705 916 776 perpetuum
928 700 956 757 iu
971 698 1102 759 omnibus

97 789 238 857 nonest,
261 797 346 858 quum
366 780 462 858 potius
483 779 613 840 naturale
636 782 681 857 sit,
705 781 824 859 potione
848 790 1025 841 aestuantem
1043 791 1100 844 sto-

96 864 232 926 maohum
248 863 426 940 refrigerari.
461 863 544 938 Quod
556 865 594 922 ita
607 865 773 942 praecipio,
792 874 822 924 ut
837 874 931 925 tamen
942 866 1051 943 iatear,
1064 884 1100 926 ue

97 948 209 1010 exitas
226 946 340 1026 quidem
359 965 447 1007 eausa
461 947 572 1007 sudanti
588 946 680 1007 adhuo
699 948 832 1025 irigidum
850 948 1003 1008 bibendum
1022 968 1099 1010 esse.

98 1032 186 1094 Solet
200 1033 285 1092 etiam
304 1030 456 1109 prodesse,
475 1039 543 1110 post
557 1031 666 1090 varium
682 1031 793 1109 eibum,
805 1031 1041 1112 ,frequentesque
1059 1033 1099 1094 di-

62 1118 176 1179 roiutas
193 1116 345 1194 potiones,
361 1118 501 1191 vomitus,
518 1123 547 1174 et
565 1123 686 1193 postero
704 1115 751 1174 die
772 1114 859 1193 ionga
877 1119 975 1195 quies,
997 1117 1100 1177 deinde

96 1199 213 1261 modioa
229 1199 410 1258 exercitatio.
443 1200 474 1257 Si
488 1197 602 1258 assidua
618 1198 749 1276 fatigatio
765 1209 861 1276 urget,
878 1203 1001 1260 invioem
1012 1202 1098 1262 modo

97 1302 190 1364 aqua,
212 1281 299 1341 modo
320 1283 416 1342 uinum
431 1281 584 1342 bibendum
600 1291 661 1359 est,
684 1300 809 1362 raroque
832 1284 937 1344 balneo
955 1285 1098 1345 utendum.

96 1369 247 1446 Levatque
262 1364 458 1426 lassitudinem
475 1368 560 1425 etiam
575 1365 684 1426 laboris
701 1369 834 1427 mutatio:
859 1387 995 1448 eumque,
1016 1386 1100 1448 quem

96 1469 205 1512 uorum
225 1467 318 1528 genus
341 1447 449 1510 laboris
467 1451 588 1528 pressit,
613 1449 655 1525 id,
683 1450 759 1528 quod
775 1452 803 1509 in
819 1453 1026 1512 cousuetudine
1043 1462 1098 1528 est,

61 1548 88 1589 1⁵
97 1536 202 1597 reiicit.
234 1534 367 1610 Fatigato
384 1534 577 1612 quotidianum
590 1533 685 1592 ouhiie
698 1536 866 1593 tutissimum
880 1545 938 1595 est:
954 1538 1099 1597 insolitum

98 1628 201 1680 eontra
218 1617 318 1678 lassat.
351 1617 435 1692 Quod
450 1618 524 1676 enim
542 1627 641 1677 contra
660 1617 895 1677 cousuetudinem
917 1628 978 1696 est,
1001 1629 1098 1695 uooet,

97 1722 152 1764 seu
165 1701 270 1775 molle,
287 1719 338 1760 seu
357 1700 455 1761 durum
470 1710 514 1759 est
537 1701 593 1780 (ci.
611 1700 698 1780 Hipp.
720 1698 793 1760 Vter.
815 1708 875 1760 rot.
891 1708 972 1761 aaut,
993 1703 1014 1776 ὅ
1032 1702 1098 1778 12).

161 1785 283 1865 Proprie
299 1785 436 1864 quaedam
454 1784 568 1844 adeum
585 1787 737 1862 pertinent,
755 1785 802 1860 qui
813 1785 983 1843 ambulando
997 1785 1099 1860 fatiga·

97 1881 153 1931 tur.
179 1869 262 1929 Hune
280 1868 373 1928 reficit
388 1870 493 1948 inipso
506 1885 622 1946 quoque
634 1870 737 1926 itinere
750 1866 888 1945 frequens
900 1867 1014 1935 frictio;
1033 1875 1099 1945 post

60 1973 87 2013 ao
98 1957 165 2030 iter,
182 1955 303 2032 primum
318 1952 421 2030 sedile,
437 1951 541 2011 deinde
556 1951 667 2011 unctio:
684 1959 741 2009 tum
757 1951 847 2010 calida
866 1968 940 2028 aqua
955 1952 983 2009 in
994 1949 1098 2010 balneo

96 2038 192 2115 magis
214 2035 368 2096 inferiores
390 2045 503 2115 partes,
527 2053 611 2112 quam
634 2037 802 2112 superiores
826 2035 934 2093 ioveat.
974 2035 1004 2093 Si
1034 2034 1098 2111 quis

96 2139 171 2181 vero
188 2129 306 2180 exustus
323 2122 351 2179 in
367 2121 431 2179 soie
449 2128 508 2194 est,
529 2118 594 2177 huio
618 2121 646 2177 iu
669 2118 801 2179 balneum
821 2120 950 2196 protinus
967 2117 1097 2193 eundum,

96 2204 384 2286 perfundendumque
407 2204 474 2263 oleo
497 2221 603 2282 eorpus
629 2213 657 2262 et
682 2212 784 2281 oaput;
815 2201 918 2261 deinde
944 2204 972 2260 iu
997 2202 1097 2260 solium

96 2291 174 2348 bene
191 2287 311 2348 calidum
332 2286 563 2347 descendendum
582 2296 640 2354 est:
661 2296 718 2346 tum
733 2287 819 2347 muita
840 2305 914 2365 aqua
935 2304 989 2365 per
1013 2295 1099 2363 eaput

60 2389 87 2429 rs
98 2371 283 2449 infundenda,
300 2373 379 2450 prius
394 2371 497 2446 calida,
515 2371 618 2430 deinde
633 2371 747 2448 frigida.
781 2370 871 2447 Atei,
891 2372 939 2449 qui
956 2371 1097 2448 peririxit,

99 2475 174 2537 opus
195 2465 240 2516 est
263 2458 292 2514 iu
312 2455 418 2515 balneo
439 2456 559 2534 primum
580 2455 709 2514 involuto
734 2453 853 2530 sedere,
875 2455 970 2514 donee
986 2452 1099 2513 insudet

100 2542 155 2622 (oi.
173 2559 238 2620 cap.
256 2540 275 2599 4
293 2550 321 2599 et
338 2539 374 2615 II,
392 2538 461 2616 17);
478 2547 534 2597 tum
550 2540 634 2615 ungi;
651 2538 754 2598 deinde
771 2538 877 2599 lavari:
895 2539 988 2597 cibum
1009 2537 1098 2598 modi·

99 2643 173 2701 oum,
193 2624 327 2702 potiones
342 2641 473 2682 meracas
488 2640 645 2681 assumere.
679 2622 708 2681 Is
723 2640 794 2681 vero
817 2624 864 2699 qui
884 2623 1048 2700 navigavit,
1071 2631 1099 2680 et

96 2726 205 2768 nausea
223 2725 340 2786 pressus
360 2716 415 2781 est,
433 2708 457 2765 si
473 2705 588 2766 multam
605 2706 692 2765 bilem
719 2709 859 2783 evomuit,
882 2707 930 2766 vel
953 2707 1098 2766 abstinere

60 2812 113 2853 soa
131 2792 196 2851 cibo
214 2791 317 2866 debet,
344 2790 392 2849 vei
407 2789 520 2869 paulum
537 2789 643 2867 aliquid
661 2808 821 2859 assumere;
848 2791 872 2848 si
893 2792 1018 2869 pituitam
1040 2790 1098 2849 aoi-

98 2876 160 2934 dam
178 2874 290 2951 effudit,
306 2877 404 2951 utique
420 2892 533 2932 sumere
550 2873 660 2949 eibum,
684 2875 736 2934 sed
756 2883 872 2934 assueto
893 2875 1050 2941 leviorem;
1073 2874 1098 2930 si

98 2961 159 3017 sine
174 2959 281 3017 vomitu
303 2975 409 3018 nausea
425 2959 491 3032 iuit,
514 2957 562 3016 vel
586 2957 747 3034 abstinere,
768 2958 815 3016 vel
841 2966 908 3035 post
930 2957 1022 3015 eibum
1046 2973 1097 3014 vo·

97 3061 187 3102 mere.
223 3042 278 3118 Qui
294 3058 365 3100 vero
383 3049 444 3101 toto
460 3041 516 3117 die,
534 3042 580 3100 vei
598 3044 626 3100 iu
643 3042 793 3116 vehiculo,
811 3040 859 3099 vel
877 3041 905 3097 in
922 3039 1098 3117 speotaoulis

99 3127 183 3203 sedit,
202 3127 269 3186 huit
284 3124 353 3183 nihil
371 3124 550 3201 currendum,
570 3125 621 3185 sed
637 3125 713 3185 lente
731 3122 929 3185 ambulandum
946 3131 1005 3180 est:
1021 3121 1098 3179 lenta

62 3229 216 3289 aequoque
232 3212 260 3269 iu
275 3209 382 3268 balneo
398 3225 487 3286 mora,
504 3209 569 3268 dein
588 3227 678 3268 coena
695 3209 799 3285 exigua
818 3204 961 3284 prodesse
976 3218 1097 3262 eonsue-

99 3303 210 3353 veruut.
243 3295 273 3353 Si
290 3295 354 3371 quis
369 3295 396 3352 in
409 3292 514 3353 balneo
527 3301 645 3368 aestuat,
665 3293 757 3351 reiroit
773 3292 847 3350 huno
864 3305 915 3348 ore
933 3294 1097 3364 exceptum,

99 3387 127 3436 et
142 3379 170 3437 iu
186 3397 223 3438 eo
236 3386 376 3437 retentum
394 3386 524 3436 acetum:
542 3377 565 3433 si
581 3375 608 3434 id
623 3393 680 3434 uon
698 3385 760 3450 est,
777 3374 879 3433 eodem
895 3371 981 3431 modo
994 3368 1097 3444 frigida

97 3479 171 3539 aqua
186 3470 322 3522 assumta.

147 3565 242 3605 cussum
258 3567 275 3603 r.
926 3539 944 3599 2
