2414 3924
137 245 178 306 40
430 252 463 299 s.
481 249 511 298 c.
528 247 627 297 onnes
640 246 835 296 usmcmsn

138 410 191 470 bus
202 409 315 469 leminis
327 415 471 466 menstrua
482 421 539 464 non
550 404 731 482 proveniunt,
744 418 868 462 necesse
879 411 924 462 est
934 403 1037 479 capitis
1051 420 1133 463 acer-

138 493 245 554 bissimi
260 490 378 553 dolores
393 490 465 564 sint,
481 488 528 547 vel
544 487 693 567 quaelibet
708 487 764 547 alia
780 504 847 564 pars
863 486 965 547 morbo
980 486 1135 547 infestetur

138 577 191 656 (ci.
209 574 289 655 Aple.
304 575 341 650 V,
356 574 424 653 57).
454 571 621 650 llademque
638 571 672 630 iis
689 570 819 649 pericula
842 579 922 645 sunt,
945 570 1048 648 quibus
1065 574 1131 630 arti·

138 659 268 722 culorum
280 658 398 719 dolores
410 667 613 735 tumoresque,
631 655 692 714 sine
704 655 834 733 podagra
848 653 1046 733 similibusque
1057 672 1132 715 mor·

138 744 199 818 bis,
215 745 359 817 oriuntur,
381 751 409 800 ει
424 741 570 801 desinunt:
588 741 704 817 utique,
727 741 751 798 si
773 755 865 817 saepe
881 748 1012 816 tempora
1029 739 1131 798 iisdem
1145 762 1157 801 s

140 826 252 902 dolent,
273 836 419 904 noctuque
437 841 560 903 corpora
576 823 716 884 insudant.
751 824 781 882 Si
797 823 879 882 frons
894 823 1001 901 prurit,
1018 824 1132 901 lippitu-

139 911 212 971 dinis
228 920 319 970 metus
331 919 385 969 εει.
418 910 448 968 Si
462 909 592 968 muliera
607 917 688 986 partu
700 906 888 966 uehementes
903 906 1033 987 {capitis}
1050 906 1133 967 dolo-

139 1014 187 1054 res
206 994 310 1069 babet,
326 1011 421 1071 neque
438 993 492 1052 alia
512 1000 665 1071 praeterea
680 994 761 1068 signa
777 991 850 1051 mala
867 999 945 1067 suut,
962 993 1040 1051 circa
1054 992 1134 1052 vice-

139 1081 239 1140 simum
251 1078 325 1138 diem
336 1086 384 1136 aut
397 1078 513 1153 sanguis
528 1094 581 1154 per
592 1093 676 1135 nares
689 1083 836 1154 erumpet,
854 1076 938 1135 autin
948 1075 1135 1135 inferioribus

140 1162 269 1241 partibus
286 1160 393 1240 aliquid
409 1160 549 1220 abscedet
571 1159 700 1240 (Propo.
719 1159 821 1239 §2l).
851 1156 1030 1237 Quicumque
1050 1161 1169 1220 etiamro

140 1246 271 1306 dolorem
290 1246 434 1321 ingentem
453 1245 529 1304 circa
549 1252 681 1322 tempora
703 1252 731 1302 ει
747 1243 872 1302 frontem
893 1243 1029 1319 habebit,
1054 1246 1078 1303 is
1095 1244 1135 1303 al·

140 1339 248 1389 terutra
260 1330 370 1387 ratione
387 1347 450 1388 eum
468 1328 562 1398 finiet;
578 1329 737 1406 magisque,
752 1329 776 1386 si
787 1327 904 1403 juvenis
916 1329 985 1404 erit,
1002 1345 1056 1407 per
1071 1346 1135 1388 san-

139 1414 232 1488 guinis
253 1412 463 1490 proiusionem;
497 1413 522 1471 si
542 1413 656 1488 senior,
677 1429 730 1489 per
749 1411 982 1489 suppurationem
1006 1410 1134 1492 (Propo.

140 1495 245 1573 §20-
287 1494 389 1556 Febris
410 1505 503 1555 autem
526 1514 600 1575 quae
626 1494 721 1555 subito
737 1497 799 1555 sine
817 1497 946 1572 ratione,
968 1497 1030 1555 sine
1050 1496 1135 1555 bonis

140 1581 229 1656 signis
246 1579 323 1639 finita
340 1589 401 1656 est,
423 1579 486 1639 lere
503 1581 658 1640 revertitur
675 1576 803 1660 (Propo.
823 1579 927 1660 §24).
967 1578 1019 1640 Cui
1033 1580 1170 1642 faucesue

140 1664 279 1740 sanguine
297 1672 326 1723 et
338 1663 459 1723 interdiu
472 1673 501 1722 et
511 1674 598 1723 noctu
619 1662 778 1741 replentur,
800 1665 853 1738 sic,
874 1673 905 1722 ut
921 1682 1015 1744 neque
1033 1665 1135 1741 capitis

140 1747 269 1822 dolores,
286 1765 380 1826 neque
392 1748 643 1826 praecordiorum,
659 1765 752 1825 neque
770 1749 873 1823 tussis,
890 1766 985 1827 neque
1000 1748 1134 1821 vomitus,

146 1849 239 1909 neque
262 1831 402 1891 febricula
423 1833 635 1909 praecesserit,
660 1831 743 1907 bujus
765 1839 812 1890 aut
834 1833 862 1890 in
884 1832 1019 1908 naribus,
1041 1841 1089 1892 aut
1108 1833 1136 1890 in

140 1914 270 1975 faucibus
292 1916 373 1975 ulcus
394 1915 455 1994 [vel
473 1914 588 1995 birudo]
610 1916 773 1993 reperietur
794 1913 939 1995 (Prorrlr.
963 1917 1004 1991 ll,
1026 1917 1048 1992 §
1070 1917 1134 1995 17).

140 2000 171 2057 Si
188 1998 299 2059 mulieri
318 2001 423 2075 inguen
447 1998 501 2076 (cl.
522 1999 633 2078 111,5)
658 2009 686 2059 et
707 1998 848 2058 febricula
869 2008 931 2059 orta
954 2009 1013 2077 est,
1040 2017 1171 2079 nequens

141 2100 227 2142 causa
239 2091 370 2161 apparet,
388 2080 470 2141 ulcus
485 2084 512 2140 in
524 2083 608 2143 vulva
621 2092 666 2143 est
684 2081 781 2163 (ibid.
801 2083 822 2159 ς
840 2085 907 2163 24).
939 2084 1025 2143 Urina
1043 2093 1135 2143 autem

141 2182 256 2240 crassa,
272 2184 309 2224 ex
324 2183 378 2243 qua
392 2165 468 2243 quod
483 2166 603 2242 desidit,
618 2166 714 2226 album
731 2177 792 2238 est,
815 2168 958 2244 significat
974 2171 1052 2229 circa
1070 2169 1135 2226 arti-

140 2248 240 2322 culos,
266 2258 313 2307 aut
339 2250 415 2307 circa
443 2249 557 2309 viscera
581 2251 728 2326 dolorem,
759 2259 922 2329 metumque
948 2251 1041 2311 morbi
1069 2269 1136 2311 esse

141 2328 236 2412 (ibid.
253 2330 303 2406 §4
325 2377 332 2389 .
361 2330 468 2390 Eadem
482 2334 591 2407 viridis,
608 2344 655 2393 aut
670 2336 813 2394 viscerum
825 2335 966 2412 dolorem,
982 2345 1135 2396 tumorem·

141 2433 195 2492 que
212 2433 275 2474 oum
289 2432 304 2473 a
318 2416 385 2492 iquo
401 2417 532 2492 periculo
548 2417 688 2493 subesse,
705 2427 753 2477 aut
770 2428 851 2478 certe
868 2435 974 2497 corpus
991 2422 1170 2496 integramus

141 2515 197 2557 uon
212 2516 295 2573 esse,
313 2497 573 2580 testatur-(ibid).
596 2501 633 2560 Αι
649 2504 673 2560 si
689 2505 804 2579 sanguis
817 2512 864 2562 aut
880 2522 934 2581 pus
949 2505 977 2563 in
988 2505 1067 2563 urina
1081 2513 1135 2578 est,

139 2581 186 2640 uel
203 2584 311 2659 vesica,
333 2583 381 2642 vel
397 2601 482 2643 renes
500 2585 658 2645 exulcerati
681 2597 744 2646 sunt
765 2584 860 2666 (Apu.
883 2586 932 2663 IV,
953 2589 1008 2656 75;
1029 2619 1071 2633 -
1094 2587 1138 2647 ad

139 2682 201 2745 seq.
219 2665 256 2725 cl.
271 2665 326 2744 lv,
344 2666 400 2742 76,
419 2669 476 2744 79,
490 2669 547 2745 80,
570 2667 625 2739 81;
646 2670 713 2747 Vll,
735 2671 800 2749 34).
833 2671 864 2730 Si
883 2671 956 2730 baec
973 2689 1071 2730 crassa
1089 2690 1135 2731 ca·

140 2748 272 2809 runculas
291 2751 427 2828 quasdam
443 2754 563 2830 exiguas
579 2755 661 2832 quasi
677 2753 801 2834 capillos
816 2754 913 2832 babet,
930 2764 978 2815 aut
995 2757 1018 2814 si
1034 2754 1134 2829 bullat,

139 2844 168 2893 et
182 2834 256 2893 male
272 2834 349 2910 olet,
364 2844 394 2895 et
408 2837 549 2897 interdum
565 2839 646 2914 quasi
662 2855 796 2914 arenam,
815 2839 955 2899 interdum
972 2841 1054 2919 quasi
1072 2858 1135 2899 sau·
1146 2860 1171 2900 au

138 2918 250 2993 guinem
268 2918 370 2994 trabit,
387 2920 487 2980 dolent
507 2930 601 2980 autem
614 2939 718 2997 coxae,
732 2941 865 3001 quaeque
881 2926 956 2983 inter
969 2923 1021 2983 has
1033 2942 1135 3001 super·

138 3018 194 3078 que
215 3002 319 3079 pubem
339 3013 420 3080 sunt,
446 3013 475 3063 et
498 3005 640 3064 accedunt
666 3007 834 3084 frequentes
856 3019 970 3083 ructus,
996 3007 1135 3067 interdum

137 3086 258 3145 vomitus
275 3086 407 3163 biliosus,
424 3098 631 3167 extremaeque
647 3100 746 3168 partes
762 3091 940 3168 frigescunt,
958 3093 1057 3151 urinae
1073 3110 1134 3150 cre-

136 3166 187 3227 bra
204 3171 352 3246 cupiditas,
369 3173 421 3231 sed
440 3190 542 3249 magna
557 3173 711 3234 difficultas
726 3184 786 3250 est,
813 3184 841 3234 et
857 3176 933 3253 quod
948 3176 1015 3235 inde
1033 3193 1134 3235 excre-

137 3261 193 3310 tum
209 3262 264 3329 est,
280 3272 372 3332 aquae
390 3256 497 3332 simile,
520 3257 567 3317 uel
584 3258 692 3333 rufum,
715 3257 762 3317 vel
782 3258 917 3336 pallidum
936 3270 995 3336 est,
1020 3260 1171 3338 paulumss

136 3338 272 3394 tamenin
290 3355 326 3396 eo
343 3339 496 3399 levamenti
514 3350 569 3416 est,
587 3341 669 3401 alvus
685 3359 755 3401 vero
772 3361 835 3401 cum
851 3343 938 3404 multo
951 3345 1053 3421 spiritu
1069 3343 1134 3402 red·

137 3417 220 3493 ditur,
241 3422 337 3499 utique
355 3424 383 3480 in
400 3424 517 3483 renibus
537 3426 633 3484 vitium
650 3434 703 3484 est.
738 3425 777 3485 At
797 3427 822 3486 si
837 3427 973 3505 paulatim
994 3426 1134 3503 destillat,

136 3500 183 3560 vel
199 3503 223 3561 si
238 3505 353 3581 sanguis
369 3524 422 3584 per
440 3507 512 3567 banc
528 3509 630 3587 editur,
649 3510 719 3569 etin
735 3528 771 3571 eo
782 3510 921 3590 quaedam
934 3520 1053 3572 cruenta
1066 3528 1134 3571 con-
