2414 3924
150 207 209 270 132
441 217 473 264 ε.
492 216 521 264 c.
539 216 637 265 cnusr
654 215 849 264 usououuus

147 391 200 436 ore
223 373 333 451 recipi:
357 390 409 450 per
431 390 505 450 quae
525 371 676 431 molliores
699 370 747 430 alii
770 379 867 449 partes
891 391 941 432 eas
956 373 1020 434 heri
1035 373 1147 450 dicunt,

148 457 432 537 opportunioresque
454 456 524 514 vitio
546 457 606 530 jam
628 455 767 513 haerenti.
813 455 888 533 Sed,
917 458 942 515 si
964 457 1040 517 bene
1061 461 1148 519 vitari

146 542 239 619 frigus
259 549 374 618 potest,
397 549 456 601 tuta
480 539 529 598 illa
552 538 710 618 praesidia;
731 540 755 597 si
775 547 868 598 metus
890 541 953 614 ejus
976 550 1021 601 est
1042 560 1148 621 supcr-

148 644 240 686 racua
256 633 328 683 sunt.
347 622 453 701 Utique
467 633 561 682 autem
577 623 738 700 perfricare
755 622 855 683 lauces
871 625 1068 701 periculosum
1086 634 1146 687 cst:

147 709 298 769 exulcerat
317 708 400 768 euim.
435 706 538 785 Neque
559 707 638 766 utilia
661 716 738 783 sunt,
766 725 840 785 quae
862 709 961 768 urinae
982 709 1170 770 movendaea

148 802 227 862 sunt;
248 793 313 870 quia
334 799 470 870 possunt,
492 791 556 850 dum
573 799 735 865 transeunt,
762 791 801 849 ibi
817 809 934 870 quoque
951 793 1079 870 pituitam
1096 812 1147 853 ex·

148 885 283 951 tenuare,
307 893 390 953 quarn
411 876 548 951 supprimi
568 875 670 934 melius
694 883 747 933 εει.
783 873 976 954 Asclepiades
994 877 1147 938 multarum

148 979 258 1034 rerum,
282 977 354 1038 quas
372 959 428 1036 ipsi
443 975 557 1037 quoque
574 960 687 1036 sequuti
704 977 816 1036 sumus,
833 968 935 1020 auctor
951 960 1061 1039 bonus,
1078 979 1146 1022 acc-

148 1053 205 1105 tum
222 1046 260 1102 ait
275 1060 358 1121 quarn
373 1042 542 1103 acerrimum
558 1061 625 1102 esse
642 1042 831 1102 sorbendum:
850 1043 907 1104 hoc
923 1045 996 1103 enhn
1012 1047 1075 1104 sinc
1088 1045 1146 1104 ulla

149 1145 224 1188 noxa
242 1126 390 1205 comprimi
405 1124 513 1186 ulcera.
536 1127 595 1186 Sed
610 1126 637 1185 id
654 1128 835 1205 supprimere
851 1128 1020 1204 sanguinem
1033 1137 1144 1207 potest,
1157 1145 1180 1185 ro

148 1212 249 1272 ulcera
272 1212 335 1288 ipsa
356 1227 459 1270 sanare
482 1226 539 1269 uon
564 1218 671 1288 potest.
706 1209 809 1270 llelius
823 1210 890 1271 huic
904 1213 946 1271 rei
962 1212 1069 1286 lycium
1087 1221 1146 1278 est;

150 1294 227 1373 quod
250 1293 323 1352 idern
345 1310 460 1372 quoque
483 1311 575 1371 aeque
598 1294 716 1373 probat:
745 1294 792 1353 vel
815 1297 911 1372 porri,
939 1296 988 1355 vel
1011 1294 1147 1356 marrubii

149 1393 271 1452 succus,
288 1378 337 1437 rel
352 1396 441 1436 nuces
457 1395 584 1455 graecae
599 1397 663 1437 cum
676 1378 864 1455 tragacantho
883 1381 1023 1439 contritae
1039 1389 1147 1439 etcum

149 1479 238 1542 passo
260 1463 382 1535 mixtae,
412 1461 459 1520 vel
480 1461 529 1523 lini
551 1480 649 1520 semen
670 1463 822 1521 contritum
845 1471 873 1521 et
895 1482 958 1522 cum
979 1462 1054 1522 dulci
1079 1465 1145 1521 vino

148 1547 273 1605 mixtum.
305 1545 483 1605 Exercitatio
508 1563 624 1624 quoque
645 1545 807 1606 ambulandi
829 1547 1021 1625 currendique
1039 1565 1144 1607 neces·
1158 1567 1179 1606 u

150 1632 226 1691 saria
247 1639 306 1690 est:
328 1630 423 1688 frictio
447 1648 462 1688 a
480 1639 601 1707 pectore
620 1629 779 1689 vehemens
794 1630 847 1690 toti
863 1631 991 1692 inleriori
1006 1633 1081 1709 parti
1097 1631 1146 1691 ad·

150 1713 283 1775 hibenda.
317 1713 380 1773 Cibi
397 1731 468 1773 vero
486 1732 552 1773 esse
570 1713 787 1791 debentneque
804 1716 917 1774 nimium
933 1733 1031 1793 acres,
1049 1733 1146 1794 neque

149 1799 262 1875 asperi;
282 1799 355 1873 mel,
378 1797 531 1873 lenticula,
556 1806 682 1875 tragum,
706 1798 768 1875 lac,
785 1801 912 1876 ptisana,
933 1801 1047 1877 pinguis
1065 1816 1145 1874 caro,

150 1883 367 1962 praecipueque
393 1899 523 1960 porrum,
556 1891 584 1942 et
610 1882 746 1961 quidquid
774 1900 837 1941 cum
862 1884 919 1943 hoc
945 1886 1062 1943 mixtum
1092 1893 1146 1943 εει.

150 1967 277 2028 Potionis
293 1985 376 2044 quam
392 1967 535 2025 minimum
552 1985 617 2026 esse
634 1969 777 2026 convenit.
811 1966 894 2046 Aqua
911 1967 970 2027 dari
987 1976 1083 2046 potest
1098 1967 1145 2027 vel
1156 1989 1179 2027 ro

149 2069 237 2130 pura,
255 2051 302 2109 vel
320 2053 348 2110 iu
364 2068 419 2128 qua
435 2051 538 2110 malurn
551 2060 713 2128 cotoneum,
731 2051 912 2128 palmulaeve
926 2053 1066 2112 decoctae
1081 2055 1145 2112 sint.

151 2134 401 2211 Gargarizationes
419 2152 534 2213 quoque
550 2135 649 2195 lenes:
669 2136 713 2194 sin
728 2135 782 2194 hae
800 2154 898 2213 parum
913 2138 1084 2215 proliciunt,
1101 2156 1146 2195 re·

150 2219 309 2297 primentes
334 2219 421 2278 utiles
443 2228 516 2277 sunt.
562 2217 625 2276 lloc
651 2237 744 2295 genus
770 2238 865 2297 neque
893 2230 1004 2280 acutum
1027 2230 1088 2298 est,
1120 2229 1148 2278 et

150 2309 247 2378 potest
273 2320 340 2362 esse
366 2320 421 2362 non
449 2302 581 2378 longum,
613 2304 788 2362 curationem
814 2314 907 2364 tamen
930 2315 1084 2379 maturam,
1111 2321 1147 2362 ne

150 2384 337 2445 uehementer
352 2395 381 2445 et
400 2385 446 2444 diu
461 2385 572 2456 laedat,
590 2385 743 2445 desiderat.
1156 2408 1179 2446 rs

459 2622 627 2686 oneuu
656 2625 688 2683 x
712 2623 776 2701 pv,
794 2625 835 2701 41.

585 2743 622 2791 De
641 2744 712 2792 tussi.

214 2892 314 2952 Tussis
329 2912 399 2954 vero
415 2895 477 2954 lere
495 2904 616 2972 propter
629 2895 752 2954 faucium
766 2893 1012 2952 exulcerationem
1024 2894 1148 2953 molesta

153 2986 211 3046 est;
237 2996 310 3055 quae
325 2979 421 3037 multis
437 2979 529 3038 modis
545 2979 730 3038 contrahitur.
752 2976 852 3054 ltaque
865 2975 922 3034 illis
933 2978 1071 3035 restitutis
1085 2978 1148 3055 ipsa

152 3062 254 3121 linitur.
292 3063 375 3124 Solet
397 3073 491 3122 tamen
513 3062 653 3121 interdum
679 3080 732 3140 per
748 3079 780 3119 se
798 3077 914 3136 quoque
930 3060 1004 3120 male
1020 3059 1183 3130 habere;30

153 3155 181 3204 et
201 3147 266 3224 vix,
289 3166 374 3226 quum
396 3156 478 3207 vetus
497 3147 572 3206 lacta
589 3155 650 3220 est,
676 3144 797 3204 eliditur.
833 3143 877 3201 Ac
893 3146 978 3204 modo
996 3143 1073 3204 arida
1091 3154 1148 3219 est,

152 3231 237 3291 modo
260 3231 387 3309 pituitam
410 3232 485 3291 citat.
526 3229 648 3308 Oportet
674 3230 832 3306 hyssopum
854 3228 946 3290 altero
968 3246 1085 3306 quoque
1102 3228 1148 3287 die

153 3314 268 3382 bibere;
289 3316 390 3393 spiritu
411 3324 523 3374 retento
547 3332 680 3389 currere,
703 3312 755 3371 sed
775 3313 888 3370 minime
912 3314 940 3371 in
955 3312 1092 3390 pulvere;
1114 3331 1148 3371 ac

153 3401 279 3458 tectione
305 3401 342 3458 uti
367 3399 544 3476 vehementi,
570 3416 644 3475 quae
666 3397 757 3475 primo
774 3396 955 3473 impeditura
972 3397 1056 3471 tussi,
1083 3405 1149 3475 post

153 3498 214 3540 eam
236 3482 338 3542 vincit:
364 3492 419 3542 tum
442 3481 602 3540 ambulare:
626 3479 729 3540 deinde
747 3497 799 3557 per
817 3498 915 3539 manus
932 3497 1046 3560 quoque
1064 3498 1185 3546 exer-³5
