2416 3936
136 221 196 280 194
424 226 457 274 Α.
475 225 505 273 c.
523 224 621 273 cunas
637 223 832 273 numerumn

134 384 256 443 vulnere
271 391 333 440 orta
349 389 402 456 est,
419 398 453 439 ea
468 397 525 439 nou
537 379 631 438 linitur
646 377 700 458 (cl.
714 375 793 456 Aple.
805 376 843 454 ΙΙ,
859 376 914 446 26;
931 376 1031 442 douc.
1045 378 1131 458 350).

135 469 268 529 Vomitus
294 483 409 543 quoque
433 464 556 523 biliosus
582 479 639 520 nou
658 462 852 535 voluntarius,
878 461 926 521 vel
950 463 1086 540 protinus
1104 471 1131 522 ut

136 567 294 633 percussus
316 558 361 608 est
384 546 503 625 aliquis,
530 546 578 605 vel
600 545 664 604 dum
687 545 868 605 iullammatio
889 555 1004 619 manet,
1029 545 1130 606 malum

138 639 248 713 signum
276 641 319 691 est
340 632 368 690 iu
390 631 425 689 iis
447 631 608 706 dumtaxat,
635 647 754 707 quorum
779 628 827 688 vel
851 630 949 704 nervi,
977 630 1129 689 ueletiam

138 717 253 780 nervosi
274 716 331 774 loci
349 713 490 774 vulnerati
508 723 582 773 sunt.
606 713 716 790 Sponte
729 723 822 772 tamen
834 729 971 790 vomere,
991 731 1051 773 uon
1063 713 1147 780 alicu

138 820 201 863 num
225 808 283 867 est;
313 798 471 877 praecipue
493 798 544 873 iis,
572 796 675 874 quibus
697 799 725 854 ln
750 795 958 855 consuetudine
982 797 1053 856 luit:
1081 795 1130 856 sed

137 903 231 964 neque
251 883 382 961 protinus
403 889 470 958 post
494 881 604 955 cibum,
629 898 724 956 neque
742 880 803 954 jam
818 879 1042 940 inflammatione
1060 889 1130 957 orta,

139 986 232 1046 neque
251 984 335 1043 quum
351 967 379 1022 in
394 964 593 1042 superioribus
609 963 737 1042 partibus
755 964 842 1040 plaga
859 972 912 1025 est.

201 1051 251 1110 27.
280 1048 369 1108 Biduo
393 1050 436 1107 sic
453 1048 572 1106 vulnere
591 1047 702 1122 habito,
723 1048 811 1106 tertio
828 1047 874 1106 die
889 1045 918 1105 id
933 1047 1131 1126 aperiendum,

138 1128 337 1206 tergendaque
361 1129 459 1186 sanies
493 1144 530 1184 ex
553 1143 625 1204 aqua
641 1128 746 1206 irigida
763 1136 828 1208 est,
853 1130 1016 1208 eademque
1032 1141 1159 1192 rursusi·

137 1215 290 1291 injicienda
312 1224 385 1273 sunt.
422 1215 527 1288 Quinto
548 1214 609 1289 iam
625 1213 686 1289 die,
710 1224 813 1292 quanta
833 1214 1017 1274 inllammatio
1039 1215 1133 1275 lutura

138 1309 198 1375 est,
215 1317 247 1356 se
264 1299 398 1357 ostendit.
434 1299 498 1372 Quo
514 1297 579 1372 die,
599 1317 697 1358 rursus
712 1297 828 1357 detecto
844 1298 982 1374 vulnere,
999 1299 1132 1359 conside

137 1383 242 1443 raudus
266 1382 349 1440 color
371 1390 429 1441 est:
460 1382 508 1458 qui
530 1383 553 1440 si
577 1381 696 1455 lividus,
723 1391 771 1440 aut
792 1381 930 1460 pallidus,
954 1384 1131 1456 autcarius,

138 1476 185 1527 aut
199 1466 283 1543 niger
299 1475 359 1540 est,
386 1466 462 1525 scire
477 1466 547 1524 licet
561 1465 664 1524 malum
679 1465 780 1525 vulnus
797 1484 877 1533 esse;
901 1464 988 1543 idque
1005 1466 1131 1543 quando·

139 1569 260 1628 cumque
275 1548 503 1609 animadversum
519 1558 582 1624 est,
600 1557 712 1608 terrere
729 1566 782 1608 nos
800 1557 905 1627 potest.
943 1548 1067 1624 Album,
1086 1557 1130 1608 aut
1141 1566 1161 1606 rs

137 1633 322 1694 rubicundum
335 1652 411 1708 esse,
425 1633 684 1692 commodissimum
696 1640 749 1691 est.
766 1632 836 1692 ltem
846 1632 1008 1709 eutisdura,
1022 1651 1131 1708 crassa,

137 1719 255 1794 dolens,
278 1716 436 1796 periculum
458 1716 597 1775 ostendit:
620 1717 695 1776 hona
717 1717 797 1793 signa
814 1725 892 1792 suut,
915 1717 964 1776 ubi
979 1716 1055 1776 haec
1071 1719 1131 1776 siue

138 1803 256 1877 dolore,
275 1802 368 1860 tenuis
391 1809 421 1858 et
441 1800 536 1859 mollis
559 1809 612 1858 est.
648 1799 705 1858 Sed
728 1803 751 1858 si
772 1799 926 1875 glutinatur
942 1799 1064 1877 vulnus,
1086 1808 1131 1861 aut

138 1888 241 1946 leviter
258 1886 400 1960 intumuit,
417 1884 518 1945 eadem
538 1892 602 1942 suut
617 1882 789 1961 imponenda
806 1900 879 1960 quae
894 1883 986 1961 primo
1002 1883 1130 1950 iueruut;

138 1971 162 2030 si
186 1969 286 2045 gravis
313 1968 493 2028 inflammatio
522 1976 580 2043 est,
612 1984 707 2043 neque
734 1966 892 2043 glutinandi
913 1984 983 2044 spes
1007 1976 1067 2043 est,
1098 1982 1164 2026 earo

138 2072 211 2132 quae
234 2071 287 2130 pus
303 2061 447 2112 moveant.
482 2052 602 2128 Jamque
619 2069 710 2128 aquae
726 2068 842 2127 qnoque
860 2050 970 2110 calidae
994 2068 1132 2110 necessa·

137 2142 197 2197 rius
218 2153 285 2195 usus
308 2145 368 2210 est,
392 2144 469 2194 utet
491 2136 635 2194 materiam
652 2135 780 2210 digerat,
802 2144 831 2193 et
850 2133 978 2192 duritiam
994 2135 1132 2209 emolliat,

139 2232 167 2281 et
178 2239 231 2298 pus
249 2221 328 2283 citet.
353 2218 396 2277 Ea
412 2221 454 2276 sic
471 2219 655 2295 temperanda
671 2227 731 2293 est,
748 2227 776 2276 ut
791 2236 874 2276 manu
891 2218 1074 2294 contingenti
1088 2219 1133 2292 ju-

139 2304 230 2364 cunda
253 2305 303 2370 sit;
329 2311 357 2361 et
374 2319 465 2378 usque
483 2319 519 2360 eo
537 2301 713 2377 adhibenda,
737 2301 831 2360 donec
846 2300 951 2379 aliquid
967 2320 1004 2360 ex
1019 2311 1133 2361 tumore

137 2387 283 2459 minuisse,
297 2386 485 2462 coloremque
498 2385 588 2443 ulceri
600 2387 692 2462 magis
704 2385 860 2445 naturalem
868 2385 1028 2444 reddidisse
1037 2387 1133 2445 videa·
1143 2402 1166 2441 tc

140 2479 193 2528 tur.
217 2468 288 2527 Post
303 2468 329 2526 id
345 2468 517 2542 lomentum,
536 2469 560 2526 si
575 2468 632 2528 late
649 2471 735 2547 plaga
751 2486 808 2528 non
826 2478 920 2548 patet,
942 2470 1051 2545 imponi
1067 2485 1135 2545 pro-

139 2555 213 2612 tinus
237 2552 422 2628 emplastrum
443 2552 543 2619 dehet;
567 2553 761 2631 maximeque,
785 2553 809 2611 si
829 2553 938 2630 grande
958 2553 1062 2610 vulnus
1079 2561 1134 2629 est,

138 2634 398 2713 tetrapharmacum
415 2635 486 2712 (19,
508 2635 561 2714 9);
586 2639 608 2695 si
626 2637 653 2694 in
674 2637 819 2711 articulis,
847 2638 959 2713 digitis,
980 2636 1056 2694 locis
1073 2654 1134 2694 car·

139 2720 315 2796 tilaglnosis,
338 2718 486 2796 rhypodes
504 2720 573 2797 (19,
593 2722 663 2800 15):
686 2731 714 2780 at
730 2722 754 2778 si
770 2720 855 2779 latius
870 2720 946 2795 hiat,
970 2719 1046 2778 idem
1065 2718 1135 2777 illud

140 2803 326 2881 emplastrum
348 2802 448 2880 liquari
471 2823 507 2861 ex
530 2805 604 2863 irino
627 2814 772 2881 unguento
794 2813 926 2882 oportet,
949 2820 1045 2880 eoque
1063 2803 1167 2861 illitaao

139 2890 293 2948 linamenta
320 2887 433 2966 disponi
464 2906 517 2965 per
543 2888 673 2964 plagam;
705 2886 808 2946 deinde
835 2887 1020 2965 emplastrum
1045 2903 1134 2964 supra

140 2975 217 3050 dari,
247 2982 275 3031 et
300 2991 388 3050 super
414 2972 441 3030 ld
462 2971 607 3031 succidam
631 2973 738 3032 lanam:
769 2973 919 3050 minusque
944 2972 1028 3030 etiam
1050 2987 1134 3046 quam

141 3059 248 3134 primo,
267 3056 375 3116 fasciae
391 3056 614 3133 adstringendae
629 3065 702 3115 sunt.

202 3139 251 3200 28.
275 3140 396 3218 Proprie
412 3140 552 3218 quaedam
569 3140 598 3198 ln
613 3139 740 3198 articulis
758 3139 876 3198 visenda
890 3147 963 3198 sunt.
985 3136 1018 3196 ln
1031 3136 1134 3216 quibus

141 3227 164 3283 si
180 3226 306 3302 praecisi
322 3225 403 3282 nervi
423 3234 504 3299 sunt,
530 3226 577 3301 qui
594 3224 793 3298 continebant,
814 3222 948 3282 debilitas
964 3222 1027 3296 ejus
1043 3222 1169 3298 partisss

141 3310 280 3385 sequitur.
317 3308 347 3365 Si
372 3307 398 3365 id
417 3307 530 3366 dubium
550 3316 610 3382 est,
632 3315 713 3365 etex
732 3317 816 3366 acuto
833 3306 892 3366 telo
910 3306 996 3384 plaga
1013 3313 1073 3378 est,
1101 3322 1136 3363 ea

140 3401 305 3451 transversa
330 3390 508 3450 commodior
522 3400 581 3450 est:
605 3391 628 3449 si
644 3409 681 3448 ex
697 3400 795 3449 retuso
811 3400 840 3449 et
854 3392 955 3467 gravi,
983 3387 1091 3447 nullum
1107 3390 1136 3448 in

139 3473 233 3548 ligura
256 3474 409 3533 discrimen
432 3483 489 3542 est;
517 3473 568 3533 sed
591 3472 743 3533 videndum
764 3483 826 3551 est,
850 3492 905 3552 pus
924 3490 1011 3552 supra
1032 3473 1137 3531 articu-
