2416 3936
416 220 484 266 nra.
500 219 533 267 u.
556 219 631 268 oar.
648 221 771 268 xxvm.
1031 211 1092 271 219

100 372 309 433 transeundum.
345 372 496 450 Epinyctis
513 384 580 452 post
594 375 758 435 lenticulam
773 386 854 436 recte
869 376 960 437 herba
976 395 1092 456 quoque

98 457 274 534 sanguinali,
296 457 344 515 vel
368 457 451 516 viridi
474 458 627 519 coriandro
644 469 769 519 curatur.
804 460 913 520 Ulcera
928 479 966 520 ex
982 463 1092 539 pusulis

97 542 174 601 facta
196 541 271 600 tollit
293 559 393 619 spuma
414 543 527 618 argenti
552 560 614 602 cum
639 544 747 603 semine
768 544 847 603 loeni
870 547 970 622 graeci
994 546 1091 621 mixta,

98 627 150 700 sic,
169 634 197 683 ut
212 625 257 684 his
272 626 395 684 invicem
410 643 478 685 rosa
493 635 580 703 atque
593 627 682 686 intubi
716 646 818 687 succus
838 627 1005 706 adjiciatur,
1029 629 1093 691 dum

75 709 190 768 amellis
205 706 367 767 crassitudo
381 709 408 767 ei
421 708 477 767 liat.
497 707 621 786 Proprie
633 708 668 767 ad
681 727 731 769 eas
742 712 954 790 pusulas‚quae
968 712 1091 771 infantes

97 790 1090 874 malehabent,lapidis,quempyritenvocant‚p.)·(.v111.cumquin-

98 878 232 955 quaginta
251 878 354 935 amaris
376 874 495 934 nucibus
514 877 659 954 miscetur,
677 877 907 956 adjiciunturque
923 879 981 938 olei
995 879 1091 954 cyathi

97 970 166 1020 tres.
186 959 244 1020 Sed
257 962 337 1038 prius
353 961 420 1034 ungi
432 978 470 1019 ex
483 978 600 1021 cerussa
613 961 734 1038 pusulae
747 961 862 1039 debent,
875 963 996 1022 tumhoc
1008 963 1089 1022 illini.

160 1045 207 1105 16.
227 1043 348 1104 Scabies
371 1061 443 1103 vero
460 1053 506 1104 εει
521 1045 621 1105 durior
636 1048 710 1105 cutis
730 1047 783 1124 (cl.
800 1046 880 1107 Paul.
893 1046 1028 1123 AeglV,
1042 1047 1089 1125 2),

63 1128 269 1195 rorubicunda;
296 1146 332 1186 ex
353 1147 409 1207 qua
432 1128 553 1206 pusulae
574 1131 718 1207 oriuntur,
743 1131 882 1209 quaedam
903 1130 1089 1207 humidiores,

99 1212 239 1292 quaedam
255 1213 407 1272 sicciores.
429 1213 498 1272 Exit
514 1231 552 1273 ex
567 1212 737 1290 quibusdam
756 1216 868 1291 sanies,
886 1215 975 1295 fitque
991 1233 1029 1274 ex
1043 1214 1089 1273 his

99 1298 260 1356 continuata
277 1297 455 1357 exulceratio
470 1298 616 1375 pruriens,
633 1299 782 1376 serpitque
796 1299 824 1357 in
837 1299 1006 1377 quibusdam
1019 1299 1088 1358 cito.

98 1380 224 1458 Atque
216 1398 243 1438 rn
266 1381 328 1440 aliis
352 1380 464 1460 quidem
486 1400 523 1440 ex
543 1390 603 1441 toto
628 1381 748 1457 desinit,
776 1383 804 1441 in
825 1383 890 1443 aliis
912 1401 984 1443 vero
1007 1391 1088 1443 certo

99 1475 230 1563 tempore
251 1466 317 1524 anni
335 1468 499 1525 revertitur.
539 1466 603 1541 Quo
622 1466 757 1545 asperior
778 1476 837 1543 est,
861 1484 987 1565 quoque
998 1466 1090 1546 prurit

64 1551 199 1627 rsrnagrs,
210 1549 401 1609 eodrflrcrbus
412 1550 532 1610 tollitur
550 1549 729 1650 ltaqueeam,
744 1552 952 1628 quaetalisest,
968 1540 1089 1630 clypiaco

96 1634 202 1695 Graeci
223 1633 381 1713 appellant.
417 1633 449 1693 ln
468 1634 523 1694 hac
540 1652 657 1712 quoque
675 1635 769 1718 viqtus
784 1637 857 1695 ratio
874 1635 990 1712 eadem,
1014 1652 1088 1713 quae
1136 1652 1140 1661 ·

95 1737 200 1796 snpra,
216 1719 387 1777 necessaria
402 1726 456 1777 est.
488 1701 726 1778 Medicamentum
742 1729 837 1779 autem
852 1720 887 1779 ad
904 1721 1087 1798 incipientem

95 1803 169 1861 hanc
184 1800 319 1859 idoneum
335 1801 472 1881 estquod
489 1802 520 1861 lit
536 1821 572 1861 ex
588 1803 699 1881 spodii,
725 1806 822 1881 croci,
844 1805 1008 1881 aeruginis,
1031 1805 1087 1861 sin·

96 1885 229 1962 gulorum
242 1903 270 1963 p.
283 1884 340 1963 )·(.
354 1904 379 1943 z.
393 1887 503 1964 piperis
516 1885 583 1962 albi,
597 1887 751 1964 omphacii,
764 1888 942 1966 singulorum
955 1907 982 1966 p.
995 1889 1051 1967 )·(.
1064 1899 1086 1945 1.

61 1984 86 2024 ao
99 1968 226 2028 cadmiae
242 1987 270 2044 p.
288 1968 343 2048 )·(.
359 1981 433 2028 v111.
470 1967 508 2027 Αι
523 1967 571 2028 ubi
583 1970 643 2044 jam
659 1970 838 2031 exulceratio
856 1982 916 2048 est,
938 1972 983 2047 id,
1009 1969 1086 2049 quod

96 2054 126 2111 dt
151 2071 188 2110 ex
209 2052 354 2129 sulphuris
377 2071 407 2130 p.
429 2053 484 2130 )·(.
507 2067 529 2111 1.
550 2071 635 2112 cerae
661 2072 689 2131 p.
712 2055 767 2133 )·(.
792 2070 837 2115 iv.
869 2058 941 2136 picis
961 2055 1087 2132 liquidae

95 2137 224 2210 hemina,
243 2136 301 2194 olei
317 2139 452 2196 sextariis
466 2136 592 2196 duobus:
609 2155 682 2214 quae
698 2140 781 2198 simul
798 2141 1004 2218 incoquuntur,
1022 2137 1086 2197 dum

96 2219 256 2280 crassitudo
272 2220 366 2280 mellis
383 2223 439 2281 liat.
461 2221 515 2280 Est
530 2223 631 2296 etiam,
650 2222 726 2299 quod
739 2223 775 2283 ad
788 2223 976 2283 Protarchum
988 2231 1085 2281 aucto·

95 2323 156 2364 rem
173 2304 297 2363 refertur
319 2303 385 2383 (18,
407 2305 471 2382 18).
500 2304 594 2365 liabet
610 2305 720 2365 farinae
737 2307 898 2385 lupinorum
918 2308 1084 2378 sextarium,

60 2407 85 2445 aa
97 2390 159 2447 nitri
177 2388 298 2462 cyathos
314 2399 452 2467 quatuor,
470 2391 544 2468 picis
560 2389 686 2468 liquidae
697 2391 856 2467 heminam,
871 2392 984 2450 resinae
996 2390 1085 2449 hnmi-

95 2474 148 2532 dae
165 2472 316 2549 selibram,
334 2476 408 2533 aceti
428 2474 549 2549 cyathos
567 2483 638 2534 tres.
674 2472 799 2535 Crocum
815 2493 946 2555 quoqne,
968 2475 1085 2549 lycium,

95 2574 222 2633 aerugo,
244 2557 378 2632 myrrha,
400 2559 485 2635 cinis,
509 2559 610 2635 aequis
626 2559 807 2636 portionibus
823 2569 904 2620 recte
919 2560 1085 2634 miscentur,

96 2651 123 2700 ει
140 2660 176 2700 ex
194 2659 281 2718 passo
298 2651 454 2719 coguntur:
477 2641 565 2720 idque
581 2660 693 2703 omnem
709 2646 838 2722 pituitam
853 2646 951 2722 utique
966 2644 1086 2703 sustinet

97 2724 141 2802 (id
158 2732 201 2782 est
216 2725 383 2804 reprimit).
421 2726 466 2785 Ac
487 2727 512 2784 si
528 2725 596 2784 nihil
613 2726 690 2785 aliud
708 2736 767 2802 est,
789 2747 905 2789 amurca
921 2727 956 2787 ad
973 2730 1085 2787 tertiam

59 2829 84 2869 ao
96 2817 205 2886 partem
226 2809 366 2885 decocta,
391 2810 438 2869 vel
457 2809 577 2887 sulphur
599 2811 657 2888 pici
674 2810 798 2888 liquidae
812 2814 944 2886 mixtum,
969 2813 1043 2869 sicut
1058 2811 1085 2868 in

96 2891 253 2970 pecoribus
275 2896 416 2971 proposui
438 2893 584 2973 (nidelst
572 2912 604 2954 tn
618 2893 709 2954 libris
723 2894 770 2954 De
784 2894 1010 2981 agricultura),
1033 2892 1083 2950 ho·

94 2975 216 3034 minibus
233 2993 349 3053 quoque
366 2976 465 3036 scabie
480 2977 679 3039 laborantibus
695 2977 879 3056 opitulantur.

160 3062 206 3119 17.
228 3060 407 3137 Impetiginis
425 3080 495 3121 vero
512 3063 630 3139 species
646 3071 711 3120 sunt
727 3069 858 3139 quatuor.
880 3059 994 3119 Minime
1010 3059 1084 3119 mala

94 3154 139 3204 est
159 3162 231 3221 qnae
254 3144 438 3205 similitudine
459 3146 587 3206 scabiem
610 3153 825 3223 repraesentat:
854 3160 917 3203 nam
940 3154 968 3204 et
988 3143 1083 3219 rubet,

58 3245 83 3284 aa
94 3239 122 3287 ει
140 3229 238 3289 durior
262 3239 323 3304 est,
348 3240 376 3289 et
397 3231 565 3290 exulcerata
583 3239 642 3305 est,
666 3238 695 3288 et
709 3227 794 3288 rodit.
829 3227 923 3288 Distat
938 3239 1032 3289 autern
1047 3227 1083 3288 ab

94 3331 144 3387 ea,
175 3314 252 3390 quod
276 3316 368 3391 magis
395 3315 563 3374 exulcerata
584 3322 643 3389 est,
674 3323 704 3372 et
727 3313 802 3372 varis
829 3314 938 3373 similes
967 3312 1084 3393 pusulas

93 3396 193 3465 habet;
217 3398 408 3475 videnturque
430 3417 497 3458 esse
522 3401 550 3456 in
572 3415 606 3457 ea
623 3399 704 3474 quasi
721 3396 848 3458 bullulae
864 3397 1020 3477 quaedam,
1047 3414 1084 3455 ex

95 3479 197 3555 quibus
212 3484 382 3558 interposito
398 3489 530 3559 tempore
546 3481 714 3561 squamulae
730 3480 933 3554 resolvuntura
954 3480 1084 3543 certiori·
