2414 3924
416 208 484 281 nnn.
500 209 546 256 vr.
570 208 646 257 cun.
661 208 760 257 xvrn.
1028 197 1089 261 259

93 363 173 425 aduri
188 362 398 423 medicamento
423 372 535 441 potest,
556 361 634 442 quod
660 381 698 422 ex
719 364 763 424 his
787 374 915 426 constat:
944 366 1090 443 aeruginis

92 466 122 527 p.
138 446 193 527 )·(.
210 460 246 507 11.
262 444 395 522 myrrhae
412 464 441 524 p.
453 446 567 527 )·(.‹Itu
582 448 688 523 gummi
704 465 732 526 p.
749 449 806 527 )·(.
819 462 892 514 vm.
905 449 977 508 turis
991 465 1021 527 p.
1032 448 1089 528 )·(.
1133 520 1136 529 Ι

91 545 152 592 ΧΠ.
172 530 271 608 stibis,
288 531 444 610 papaveris
466 529 619 607 lacrimae,
643 533 775 609 acaciae,
795 533 973 610 singulorum
988 550 1016 611 p.
1032 532 1089 612 )·(.

91 629 162 675 xvt.
206 615 271 690 Quo
298 615 506 674 medicamento
534 613 648 694 quidam
674 615 759 675 etiam
784 616 897 695 ulcera,
923 615 959 676 de
986 614 1091 694 quibus

66 701 223 778 ,proxime
240 698 298 758 dixi
313 699 350 779 (ς
367 699 419 778 2),
434 707 584 758 renovant.
606 698 637 758 Si
658 699 715 759 hoc
730 716 830 778 parum
845 701 874 759 in
890 698 1091 775 condylomate

16 795 19 803 ·
93 784 224 863 proiicit,
239 781 370 842 adbiberi
386 791 508 861 possunt
526 783 611 842 etiam
626 782 823 843 vehementius
838 785 995 844 adurentia.
1033 781 1090 845 Ubi

93 876 259 926 consumtus
285 876 330 926 est
354 876 460 943 tumor,
489 866 524 926 ad
551 865 760 927 medicamenta
785 867 860 929 leuia
885 865 1089 928 transeundum

93 960 147 1010 est.

156 1037 185 1097 9.
209 1035 334 1094 Tertium
356 1037 453 1094 vitium
476 1044 537 1112 est,
560 1051 611 1094 ora
633 1053 770 1096 venarum
791 1045 934 1115 tamquam
957 1033 1091 1112 capitulis

59 1151 83 1192 10
93 1117 261 1198 quibusdam
276 1122 440 1195 surgentia,
454 1136 528 1197 quae
540 1136 630 1197 saepe
642 1120 810 1197 sanguinem
825 1119 959 1180 tundunt:
972 1113 1093 1199 αἰμοῤ·

92 1199 208 1282 ροΐδας
224 1201 328 1262 Graeci
343 1211 459 1263 vocant.
482 1201 574 1280 quue
589 1203 674 1262 etiam
689 1205 717 1262 in
735 1222 787 1265 ore
805 1202 910 1264 vulvae
922 1204 1091 1272 feminarum

92 1285 221 1346 incidere
238 1288 399 1346 cousuevit.
428 1288 525 1364 Atque
540 1287 569 1344 in
588 1287 755 1364 quibusdam
772 1305 870 1367 parum
892 1296 954 1348 tuto
976 1286 1089 1366 suppri-

92 1372 191 1446 mitur,
217 1371 264 1449 qui
282 1370 429 1446 sanguinis
452 1369 597 1450 prolluvio
619 1370 827 1431 imbecilliores
850 1389 908 1430 non
931 1373 1017 1432 liunt:
1039 1369 1089 1429 ba·

93 1454 162 1514 bent
176 1455 251 1512 enim
268 1455 469 1533 purgationem
486 1453 576 1530 hanc,
598 1472 655 1514 non
677 1455 817 1515 morbum.
833 1507 836 1513 .
850 1454 979 1535 ideoque
998 1454 1090 1515 carati

58 1565 82 1606 ιε
96 1537 223 1617 quidam,
237 1555 323 1616 quum
338 1539 456 1615 sanguis
471 1540 577 1597 exitum
591 1557 648 1598 non
661 1538 798 1616 baberet,
811 1538 947 1599 inclinata
961 1541 990 1597 in
1006 1554 1090 1616 praee

95 1620 194 1682 cordia
209 1638 243 1681 ac
258 1623 372 1680 viscera
386 1622 522 1696 materia,
544 1621 644 1681 subitis
664 1632 693 1681 et
707 1622 886 1700 gravissimis
902 1621 1012 1681 morbis
1026 1638 1089 1681 cor·

92 1707 167 1785 nepti
183 1713 256 1765 sunt.
282 1706 312 1763 Si
331 1707 376 1765 cui
391 1704 463 1764 v'ero
482 1704 510 1763 id
526 1715 628 1780 nocet,
645 1707 669 1765 is
687 1706 821 1766 desidere
837 1708 865 1765 iu
884 1722 957 1784 aqua
973 1723 1011 1764 ex
1024 1721 1083 1763 ver„
1132 1708 1135 1713 '

93 1790 175 1849 benis
191 1788 292 1848 debet:
315 1791 466 1866 imponere
481 1790 603 1848 maxime
619 1790 798 1850 malicorium
820 1807 883 1850 cum
899 1789 988 1849 aridis
1002 1805 1089 1848 rosae

93 1872 171 1933 loliis
184 1873 350 1941 contritum;
366 1881 414 1932 ant
426 1891 463 1932 ex
474 1873 509 1930 iis
521 1871 631 1951 aliqua,
645 1891 718 1951 quae
728 1876 898 1952 sangninem
909 1873 1090 1952 supprimunt

57 1982 83 2020 ao
96 1956 150 2036 (ci.
159 1957 180 2032 δ
189 1955 222 2026 3;
238 1955 321 2036 line).
344 1956 427 2016 Solet
436 1965 530 2015 antem
543 1956 612 2015 oriri
622 1957 816 2034 inflammatio,
828 1959 951 2018 manime
960 1956 1009 2016 ubi
1019 1955 1090 2016 dura

92 2042 175 2101 alvus
186 2058 250 2100 eum
263 2039 359 2100 locum
371 2039 465 2100 laesit.
488 2039 558 2098 l'um
570 2041 598 2098 in
610 2058 684 2118 aqua
698 2041 774 2101 dulci
790 2040 976 2101 desidendum
992 2046 1047 2118 est,
1060 2046 1090 2097 ει

91 2124 119 2183 id
135 2125 289 2184 fovendum
305 2125 383 2183 ovis:
401 2123 567 2201 imponendi
578 2125 671 2184 vitelli
683 2145 747 2186 cum
762 2143 848 2186 rosae
859 2125 938 2185 foliis
951 2143 988 2184 ex
1000 2139 1089 2203 passo

92 2208 234 2268 subactis:
252 2208 353 2285 idque,
372 2208 395 2266 si
411 2209 486 2266 intus
504 2218 565 2284 est,
582 2207 671 2285 digito
688 2209 867 2278 illinendnm;
888 2211 911 2268 si
927 2217 1027 2286 entra,
1043 2225 1089 2266 sn·

93 2292 248 2371 perillitum
270 2292 423 2371 panniculo
449 2291 652 2370 imponendum
675 2303 739 2354 est„
766 2292 808 2352 lla
831 2310 946 2372 quoque
966 2290 1090 2351 medica·

57 2407 83 2448 25
94 2383 207 2450 menta,
225 2392 299 2451 qnae
322 2376 350 2433 in
370 2375 537 2435 recentibus
556 2377 691 2436 scissuris
711 2379 808 2456 posita
825 2385 903 2453 sunt,
920 2375 967 2456 bic
985 2374 1090 2435 idonea

93 2467 167 2518 suut.
207 2456 287 2517 (libis
308 2476 380 2517 vero
402 2461 430 2517 in
451 2458 509 2518 hoo
529 2478 598 2519 casu
618 2460 735 2538 iisdem,
760 2461 862 2540 quibus
887 2461 915 2519 in
932 2458 1088 2538 prioribus,

93 2542 228 2601 utendum
241 2551 295 2602 εει.
335 2543 365 2601 Si
381 2544 435 2600 ista
451 2560 551 2620 parum
562 2545 680 2620 juvant,
701 2545 797 2606 solent
815 2546 949 2624 imposita
965 2542 1089 2603 medica·

92 2634 186 2686 menta
203 2624 351 2686 adurentia
368 2643 403 2684 ea
420 2627 544 2704 capitula
561 2627 724 2688 absumere.
758 2629 804 2688 llo
821 2631 845 2690 si
857 2631 917 2706 jam
933 2627 1090 2686 vetustiora

93 2718 172 2784 sunt,
202 2708 255 2768 snb
280 2719 400 2769 auctore
428 2707 570 2785 Dionysio
597 2713 790 2790 inspergenda
822 2710 1013 2772 sandaracha.
1029 2718 1088 2769 est:

56 2816 81 2859 ³0
92 2793 195 2853 deinde
214 2792 414 2871 imponendum
430 2792 475 2868 id,
494 2794 571 2871 quod
585 2813 622 2854 ex
638 2795 682 2855 bis
699 2804 825 2856 constat:
849 2810 986 2873 squamae
1002 2793 1088 2866 aeris,

92 2878 309 2955 auripigmenti,
329 2876 507 2952 singulorum
523 2896 551 2956 p.
576 2877 631 2957 )·(.
673 2923 679 2935 .
702 2881 763 2938 saxi
788 2878 878 2938 calcis
896 2897 923 2955 p.
940 2876 996 2952 )·(.
1013 2887 1088 2934 v111.

92 2969 213 3040 postero
231 2959 277 3020 die
299 2978 352 3019 acu
373 2960 631 3039 compungendum.
671 2961 789 3021 Adustis
813 2957 990 3038 (aduatici)
1009 2957 1087 3035 capi-

92 3044 158 3104 tulis
173 3044 203 3103 irt
221 3045 359 3121 cicatrix,
373 3060 446 3121 quae
462 3045 629 3119 sangumem
643 3044 721 3104 tundi
736 3044 881 3121 prohibet.
904 3041 962 3101 Sed
974 3042 1088 3120 quoties

91 3130 116 3187 is
131 3144 308 3206 suppressus
330 3137 390 3203 est,
413 3145 449 3186 nc
472 3126 539 3204 quid
557 3127 681 3203 periculi
702 3128 817 3203 afferat,
839 3125 925 3185 multa
947 3124 1088 3185 exercita-

56 3237 82 3279 35
91 3213 169 3270 tione
188 3211 347 3287 digerenda
361 3211 479 3270 materia
496 3219 553 3279 est;
572 3220 785 3289 praetereaque
802 3219 829 3268 et
846 3209 933 3285 viris,
957 3218 985 3268 et
1007 3207 1087 3266 lemi-

92 3295 153 3370 nis,
175 3294 279 3373 quibus
294 3303 439 3354 menstrua
462 3310 519 3353 nou
541 3296 730 3373 proveniunt,
750 3293 891 3352 interdum
913 3311 951 3352 ex
966 3289 1084 3351 braclrh

91 3379 209 3455 sanguis
224 3379 377 3439 mittendus
394 3386 448 3437 est.

156 3462 204 3524 10.
227 3461 265 3522 Αι
282 3463 308 3522 si
323 3480 393 3522 anus
408 3460 491 3539 ipse,
507 3462 555 3522 vel
573 3481 606 3523 os
618 3462 721 3522 vulvae
736 3459 883 3604 proci1di7t,
895 3477 959 3519 nam
973 3456 1002 3519 id
