2414 3924
462 219 702 284 -105—

146 364 240 424 ‘aliud
255 364 397 444 epithima
415 362 463 425 (lia
477 382 616 427 samsucu
635 363 814 444 appellatum
833 365 939 426 similia
953 367 1085 429 medens.

68 454 178 532 recipit
202 455 331 514 samsuci
354 459 385 514 et
406 451 547 516 bacarum
571 452 647 515 lauri
666 455 812 515 siccarum
832 462 862 514 et
884 453 964 516 faeni
985 458 1086 535 grami

68 540 161 601 moliti
182 543 317 603 omnium
335 542 427 603 trium
445 541 537 604 libras
555 541 700 623 singulas,
722 544 794 602 nitri
814 545 840 599 2
858 540 936 622 llS,
959 547 1085 605 storacis

68 629 222 690 calamitae
244 632 349 710 optimi
372 634 399 687 2
422 630 477 712 lll‚
504 648 591 692 cerae
614 629 672 691 olei
695 632 811 710 cyprini
837 627 929 690 libras
952 631 1084 710 singulas

68 719 172 799 semis,
200 720 318 779 resinae
345 717 543 781 terebintinae
570 717 662 780 libras
688 718 771 780 eluas.
812 735 888 797 quae
912 727 983 780 sunt
1004 721 1110 782 sicca⁵

68 805 227 885 diligenter
260 807 369 868 tundes
401 816 431 868 et
463 825 570 869 cernes
602 815 632 868 et
664 809 707 868 sic
734 805 911 869 solubilibus
942 807 1083 869 resolutis

68 912 316 976 superasperges‚
339 903 371 957 et
392 895 525 958 movebis
547 895 643 957 donec
665 895 869 976 coagulentur.

156 982 195 1043 ad
222 985 366 1045 vomitum
396 983 662 1065 constringendum
693 984 729 1045 de
761 983 965 1045 Vindiciani
996 985 1082 1046 Alri.

67 1073 208 1133 mastices
226 1078 258 1132 et
275 1090 349 1134 uvae
371 1091 475 1154 passae
495 1071 666 1134 enucleatae
685 1074 788 1134 uncias
807 1071 947 1153 singulas,
969 1075 1081 1134 cumini

64 1158 171 1220 leviter
203 1161 360 1223 torrefacti
390 1161 441 1223 sci
472 1161 526 1243 111,
558 1163 656 1222 omnia
687 1163 719 1221 in
751 1178 812 1221 uno
840 1161 1019 1242 contundes,
1050 1169 1121 1223 et1⁰

64 1264 166 1326 panno
189 1248 345 1311 inductum
369 1252 448 1312 sicut
470 1249 663 1330 emplastrum
686 1248 839 1310 stomacho
861 1251 1005 1329 impones.

237 1387 337 1452 XLlll.
373 1391 422 1451 td
446 1391 684 1471 splenetioam
705 1391 920 1469 passionem.

154 1510 210 1573 Est
231 1520 332 1576 autem
354 1514 517 1595 splenetica
543 1517 643 1596 passio
666 1515 797 1576 causatio
822 1516 853 1575 in
877 1513 980 1594 splene
1004 1533 1079 1594 quae

63 1601 213 1680 contingit
240 1619 309 1663 cunr
335 1605 565 1666 insurrectione.
606 1605 743 1682 sequitur
769 1605 917 1682 patientes
949 1606 1080 1665 extantia

62 1697 94 1748 et
113 1687 199 1749 dolor
217 1692 297 1752 circa
315 1693 467 1754 sinistram
483 1692 729 1773 praecordiorum
745 1698 861 1772 partem
879 1699 910 1752 et
928 1690 1078 1754 fastidium
1093 1701 1119 1742 1⁵

62 1785 93 1836 et
118 1780 254 1856 corporis
283 1781 375 1841 totins
398 1781 473 1842 mala
495 1780 665 1862 habitudo,-
679 1797 767 1859 quam
790 1778 897 1840 Graeci
918 1779 1079 1840 cachexian

60 1872 179 1925 vocant.

136 1989 150 2034 1
172 1982 309 2051 epithima
326 2000 371 2056 pc,
390 1985 497 2056 epith'a
510 2003 541 2056 p.
650 1985 697 2040 die
715 1999 873 2039 tamencum
893 1984 955 2051 (-b
966 1986 999 2052 p)
1016 2000 1076 2055 pop.

60 2051 209 2121 appellata
221 2071 247 2124 9.
320 2057 466 2111 tsnmauci
480 2059 509 2112 et
522 2058 592 2130 bace
607 2057 625 2110 l.
641 2056 731 2111 necne
745 2072 763 2125 9
777 2053 941 2124 (bracharum
951 2085 984 2094 —
994 2054 1078 2110 baoa-

59 2140 161 2192 rump
181 2155 215 2163 —
233 2126 251 2178 l.
267 2126 404 2181 siccarum
422 2129 473 2198 cp).
546 2134 562 2183 3
577 2127 669 2183 moliti
683 2145 713 2198 9:
732 2124 837 2180 molliti
851 2141 874 2192 c,
893 2124 972 2180 melli
984 2125 1037 2179 loti
1045 2143 1077 2195 p.

60 2192 187 2248 omnium
203 2226 236 2234 -
251 2197 377 2267 singulae
394 2215 413 2269 p
431 2198 568 2268 (omnium
584 2198 671 2254 trium
689 2197 776 2252 libras
794 2212 845 2252 ooo.
865 2197 902 2264 c):
921 2201 959 2250 ar'r
975 2195 1004 2250 l’.
1022 2198 1077 2265 Lp

62 2266 422 2338 (inmar9.p⁰ihl'8).
525 2269 681 2340 Nitrump.
778 2266 1077 2336 3(3e)lI.S...3

60 2337 92 2400 (3
113 2337 152 2403 θ),
169 2337 231 2391 llll·
251 2355 292 2407 cp.
413 2339 555 2396 storacem
579 2339 730 2396 calamiten
755 2339 895 2408 optimum
916 2354 947 2407 p,
974 2338 1077 2392 storaci

60 2406 194 2461 calamite
213 2409 318 2478 optime
338 2428 361 2477 c,
379 2414 470 2468 rtoroc
489 2410 541 2466 cal’
562 2413 625 2480 (eie,
643 2426 693 2466 om.
714 2412 783 2480 opt.)
797 2427 828 2478 p.
900 2409 1023 2462 4libras
1042 2439 1075 2448 —

61 2476 144 2531 semis
165 2478 195 2546 (S
211 2481 234 2547 e)
247 2496 292 2549 pc:
311 2486 348 2536 an
366 2481 393 2537 l'.
412 2482 433 2536 l.
453 2483 472 2538 S
485 2499 517 2551 p.
590 2481 699 2547 anne
713 2483 779 2535 sunt
794 2480 912 2536 terenda
926 2478 1077 2546 diligenter

59 2550 134 2600 teres
155 2548 259 2605 etsie.
275 2593 282 2605 .
298 2569 341 2607 .e.
415 2558 430 2607 7
449 2553 575 2624 aspergis
598 2554 629 2609 et
650 2568 745 2607 moves
762 2567 821 2620 pop.
894 2550 1076 2618 coagolentnr

59 2634 119 2687 nep.
193 2625 210 2674 8
229 2620 264 2676 de
282 2623 435 2679 vindiciani
451 2623 512 2680 afri.
546 2625 606 2694 (eie)
623 2641 650 2694 p,
669 2622 780 2678 devinci
799 2621 934 2675 diemastr.
957 2621 1074 2687 (mestre.

59 2704 114 2742 uve
132 2693 192 2760 etc.)
205 2709 237 2760 p,
256 2708 306 2748 om.
324 2711 345 2749 c.
377 2695 449 2749 idem
462 2695 610 2751 remotione
626 2697 667 2752 sic
685 2693 844 2749 coemamus
858 2692 938 2747 hebet
954 2690 1075 2746 Pseudo-

60 2758 177 2815 Pliniuc
202 2762 319 2827 (Rornae
347 2765 448 2834 editoe)
474 2773 505 2833 2,
535 2771 567 2819 11
595 2767 627 2833 (f.
653 2771 705 2822 38¹
726 2765 821 2830 Basa:
850 2761 913 2831 „Ad
937 2762 1075 2817 vomitum

58 2830 291 2902 restringendum.
316 2835 453 2892 Maelicee
466 2835 580 2892 unciam
593 2854 688 2903 unam,
702 2832 807 2906 cymini
821 2832 967 2888 denarium
978 2850 1074 2900 unum,

59 2900 129 2955 haec
155 2903 249 2959 omnia
270 2906 422 2975 separatim
444 2908 524 2977 trita,
548 2909 648 2977 postea
665 2924 722 2962 nvo
745 2920 829 2976 passa
846 2903 993 2959 enucleate
1011 2919 1074 2972 per·

59 2970 172 3041 maces,
191 2977 221 3028 ei
240 2975 329 3032 linteo
346 2977 495 3033 inductum
512 2978 659 3034 stomacho
678 2977 845 3048 suppones.“
918 2981 934 3029 9
950 2973 1074 3054 masticis

57 3059 83 3109 92
103 3049 155 3098 -c
170 3062 200 3113 p,
219 3049 246 3112 li
263 3047 364 3104 masne
382 3065 404 3103 c.
477 3054 521 3105 ari.
540 3051 566 3115 ἡ
585 3049 606 3103 1.
620 3066 652 3118 p.
738 3045 848 3102 Comini
865 3062 898 3115 9²
917 3045 1014 3126 eiminr
1031 3061 1073 3111 ep.

60 3118 93 3165 10
113 3115 208 3170 omnia
224 3133 274 3186 ppt
293 3134 343 3174 om.
363 3136 385 3174 o.
493 3135 549 3174 nno
566 3136 617 3189 pp:
636 3119 702 3174 vino
720 3135 743 3174 e.
846 3115 994 3195 contundrs
1011 3130 1072 3184 pop.

60 3190 92 3235 11
107 3184 253 3241 inductum
266 3206 304 3258 pp
318 3189 517 3257 (inducendum
530 3194 567 3261 e):
585 3189 701 3245 inducto
709 3196 752 3259 ρο.
824 3188 888 3254 initi
898 3189 1005 3265 etpoms
1012 3199 1072 3251 pop.

60 3261 92 3306 12
107 3255 316 3328 Actiacosque
329 3262 367 3316 nd
378 3262 459 3328 finem
473 3263 539 3317 libri
557 3262 662 3316 incerta
675 3262 769 3316 omnia
787 3257 925 3327 deficiente
944 3255 1036 3336 codiee
1046 3271 1072 3323 p.

57 3324 102 3377 Ad
125 3327 230 3396 splenis
253 3331 412 3398 passionem
435 3348 449 3387 o
471 3334 507 3400 (et
528 3334 560 3386 iot
583 3333 650 3386 Ioci.
673 3347 752 3401 capp.
771 3334 819 3401 p),
846 3327 889 3382 De
918 3325 1073 3395 spleneirca

57 3397 190 3519 passione
207 3418 235 3469 p.
269 3426 270 3430 ,
310 3408 341 3456 13
361 3403 516 3458 causationi
535 3402 631 3472 splene
651 3418 678 3468 o,
697 3404 772 3456 reato
791 3419 803 3456 1
820 3399 905 3472 splen.
920 3415 950 3466 p.
1039 3400 1072 3449 14

78 3509 83 3519 .
104 3471 201 3525 antem
219 3489 246 3542 p.
261 3487 292 3539 p.
366 3479 399 3529 16
419 3474 549 3530 cacexian
567 3490 594 3529 c:
614 3473 750 3528 caceriam
764 3489 795 3543 p.
