2414 3924
77 210 140 271 dot
368 215 769 266 s.o.ouus1unn101use

77 369 501 450 retur3inierioresquedentes
513 368 1071 448 longiusquamsuperioresexcedunt;

75 458 234 534 intentique
250 473 340 533 super
353 452 476 514 musculi
496 461 647 532 apparent.
676 453 771 514 Primo
794 469 912 532 quoque
931 462 1071 532 tempore

76 541 163 603 homo
178 541 207 599 in
221 539 306 599 sedili
323 535 511 598 collocandus
526 544 571 595 est
586 538 644 612 sic,
666 544 696 596 ut
712 537 841 596 minister
861 554 878 597 a
900 539 1069 614 posteriore

77 633 159 704 parte
182 630 269 701 caput
282 623 346 697 ejus
362 620 522 693 contineat,
537 619 585 679 vel
602 619 664 696 sic,
680 628 711 680 ut
719 621 803 695 juxta
820 620 959 699 parietem
978 621 1005 681 is
1020 639 1069 680 se·

74 707 161 783 deal,
176 705 311 781 subjecto
327 705 402 764 inter
416 704 556 782 parietem
573 710 602 761 et
616 711 703 783 caput
720 705 784 779 eius
806 713 924 763 scorteo
945 704 1093 782 pulvinos

76 790 166 860 duro;
184 806 281 867 eoque
300 795 386 866 caput
402 804 455 866 per
472 787 628 846 ministrum
642 794 792 864 urgeatur,
810 804 868 864 quo
884 788 921 847 sit
936 787 1068 848 immobi-

76 875 147 936 lius:
165 881 223 932 tum
237 870 318 947 digiti
336 870 460 949 pollices
477 868 605 929 linteolis
622 870 670 930 vel
688 870 804 944 fasciis,
828 888 864 929 ne
884 869 1068 948 delabantur,

75 956 196 1017 involuti
213 957 242 1016 in
258 971 292 1013 os
305 955 369 1029 ejus
385 951 570 1029 conjiciendi,
587 955 677 1013 ceteri
694 954 877 1013 extrinsecus
894 953 1070 1014 admovendi

74 1048 150 1101 sunt.
184 1037 239 1099 Ubi
251 1037 437 1097 vehementer
458 1036 574 1096 maxilla
592 1036 776 1115 apprehensa
793 1045 855 1112 est,
872 1038 896 1097 si
911 1053 967 1097 una
984 1046 1070 1116 parte

75 1121 217 1203 procidit,
247 1118 466 1181 concutiendum
485 1129 627 1193 mentum,
649 1128 679 1179 et
697 1120 732 1180 ad
747 1129 846 1197 guttur
866 1120 1102 1181 adducendorum

76 1214 137 1267 est:
155 1215 214 1266 tum
230 1204 356 1264 simulet
373 1213 460 1281 caput
471 1201 755 1280 apprehendendum,
770 1213 810 1279 et,
823 1206 949 1264 excitato
956 1213 1068 1280 mento,

74 1288 191 1349 maxilla
206 1289 234 1346 in
249 1303 329 1347 suum
345 1286 443 1345 sedem
460 1284 677 1363 compellenda,
696 1294 726 1345 et
745 1303 779 1345 os
794 1289 858 1364 eius
875 1289 1068 1368 comprimen-

76 1371 142 1432 dum
160 1380 206 1431 est
220 1372 275 1447 sic,
291 1378 322 1430 ut
336 1370 428 1430 omniu
444 1387 539 1449 paene
553 1386 610 1430 ouo
625 1378 769 1430 momento
777 1371 854 1430 liunt.
878 1372 929 1431 Sin
943 1380 1068 1450 utraque

76 1463 159 1534 parte
179 1454 317 1532 prolapsa
339 1462 399 1530 est,
424 1451 524 1513 eadem
546 1453 640 1513 omnia
660 1452 807 1524 lacieoda3
829 1453 883 1514 sed
903 1454 1068 1534 aequaliter

75 1546 155 1598 retro
183 1537 300 1597 maxilla
325 1537 437 1613 agenda
463 1545 517 1596 est.
549 1536 691 1616 Reposito
713 1553 798 1616 osse,
826 1539 851 1597 si
875 1555 937 1599 curn
962 1538 1101 1599 dolorem

76 1620 229 1682 oculorum
253 1628 283 1680 et
303 1620 425 1679 cervicis
449 1620 504 1679 iste
523 1636 607 1680 casus
621 1620 736 1695 incidit,
758 1640 797 1681 ex
812 1621 931 1683 bruchio
947 1623 1069 1699 samis

75 1705 231 1767 mittendos
247 1712 302 1762 est.
320 1702 412 1776 Quum
429 1701 560 1763 omnibus
575 1720 659 1778 vero,
677 1720 798 1781 quorum
814 1722 881 1766 ossa
897 1714 976 1767 mota
989 1715 1068 1780 sunt,

77 1789 168 1868 primo
183 1787 319 1867 liquidior
333 1785 415 1845 cibus
431 1786 598 1861 conveniat,
617 1794 675 1847 tum
689 1787 733 1847 luis
749 1789 922 1868 praecipue:
945 1789 1020 1850 adeo
1037 1798 1069 1850 nt

75 1888 170 1931 sermo
189 1887 306 1951 quoque
319 1872 474 1951 frequens,
489 1877 567 1929 motu
584 1871 643 1930 oris
661 1888 716 1949 per
729 1889 853 1948 nervos,
869 1871 974 1932 laedat.

415 2037 590 2096 CAPUT
623 2038 744 2100 XIII.
1077 2059 1102 2099 no

446 2138 482 2186 lle
500 2137 581 2200 cupite
598 2136 693 2189 luxato.

143 2253 237 2332 Caput
255 2255 367 2316 duobos
383 2253 572 2332 processibus
589 2255 618 2313 iu
633 2254 706 2314 duos
720 2255 798 2314 sinus
823 2273 949 2315 summae
969 2268 1068 2316 verto·

75 2336 145 2396 brae
162 2337 294 2397 demissis
312 2353 403 2415 super
417 2337 562 2396 cervicem
580 2337 738 2412 conticeri,
756 2339 784 2397 in
797 2340 886 2415 prima
901 2349 984 2418 parte
999 2358 1067 2419 pro-

77 2420 161 2498 posui
176 2421 258 2498 (cap.
276 2420 321 2494 1).
352 2418 386 2478 Hi
406 2435 565 2497 processus
580 2421 722 2480 interdum
742 2423 769 2479 in
785 2423 978 2499 posteriorem
1002 2442 1066 2502 par-

75 2509 132 2560 tem
155 2503 305 2562 excidunt:
331 2518 388 2582 quo
410 2503 454 2575 lit,
478 2511 509 2561 ut
530 2503 611 2562 nervi
632 2504 685 2563 sul)
704 2505 841 2584 occipitio
864 2506 1100 2581 extendantur,ur

75 2592 199 2643 mentum
217 2586 329 2662 pectori
344 2586 556 2665 agglutinetur,
580 2604 675 2665 neque
693 2587 794 2647 bibere
816 2590 857 2665 is,
873 2607 969 2669 neque
986 2590 1068 2670 loqui

76 2668 179 2744 possit,
198 2667 338 2728 interdum
354 2671 417 2729 sine
436 2670 583 2730 volontate
598 2689 697 2730 semen
713 2673 835 2732 emittat:
854 2672 957 2751 quihus
973 2673 1066 2733 celer·

75 2751 145 2809 rime
162 2767 240 2810 mors
256 2754 432 2830 supervenit.
479 2752 644 2813 Ponendum
661 2765 755 2814 autem
775 2755 832 2816 hoc
854 2774 921 2815 esse
939 2756 1066 2832 credidi,

75 2850 132 2893 non
153 2852 210 2914 quo
232 2837 340 2897 curatio
356 2838 419 2912 ejus
435 2837 478 2895 rei
492 2836 551 2896 ulla
572 2837 621 2906 sit;
638 2839 691 2898 sed
709 2848 738 2898 ut
758 2856 807 2899 res
824 2840 935 2901 indiciis
958 2857 1066 2918 cogno·

75 2926 222 2993 sceretur,
246 2927 275 2978 et
292 2936 349 2980 non
363 2928 498 2999 putarent
518 2919 572 2978 sibi
585 2922 878 2998 medicumdeloisss,
907 2923 932 2982 si
954 2925 1002 3002 qui
1024 2925 1099 2983 siem

75 3000 201 3078 aliquem
218 3002 422 3080 perdidissent.
764 3021 771 3035 ·

411 3153 593 3215 CAPUT
625 3156 733 3216 XIV.

454 3253 490 3303 lle
508 3256 582 3320 spine
599 3255 696 3305 luxata.

138 3351 217 3414 Idem
233 3371 318 3414 casus
336 3364 432 3415 manet
448 3373 511 3433 eos,
527 3374 647 3434 quorum
664 3358 691 3417 in
709 3359 790 3434 spina
811 3355 966 3416 vertebrae
987 3355 1065 3415 exci-

76 3435 187 3497 derunt.
217 3435 250 3496 ld
267 3439 341 3497 enim
358 3454 416 3497 non
433 3447 529 3518 potest
545 3440 624 3518 lieri,
641 3440 694 3499 uisi
712 3449 740 3500 et
754 3438 896 3515 medulla,
920 3457 995 3518 quae
1013 3455 1100 3518 pereo
