2414 3924
378 190 381 195 ’
441 231 510 278 nra.
526 230 600 279 εει,
617 231 692 278 cue.
708 232 756 279 ux.
1015 218 1077 280 343

92 388 190 448 datum:
212 380 352 446 interdum
373 376 433 461 sic,
456 389 485 444 ot
503 402 567 445 earn
587 394 675 445 totam
695 386 719 446 is
743 402 828 445 casus
846 385 1019 462 perruperit.
1048 384 1080 443 Si

91 479 152 532 tota
166 470 259 530 inacta
273 486 331 528 non
347 478 407 544 est,
423 486 479 528 nec
495 472 612 546 sangnis
626 471 776 547 expuitur,
800 485 856 527 nec
876 466 1019 527 febricula
1034 483 1079 526 se·

92 555 203 632 quitur,
220 552 444 631 necquidquam
460 562 614 632 suppurat,
631 553 684 612 nisi
697 551 847 612 admodum
858 568 941 626 raro,
955 567 1012 610 nec
1028 549 1079 610 do·

85 639 137 698 lor
152 654 272 713 magnus
289 645 347 704 est;
366 645 442 696 tactu
457 645 551 696 tamen
562 637 587 695 is
598 635 683 718 locus
699 634 801 695 leviter
815 633 968 695 indolescit
975 633 1077 713 (Hipp.

69 720 238 782 sDecrllc.
249 720 270 794 ᾖ
283 720 352 798 49).
373 720 440 778 ·Sed
456 719 568 779 abunde
586 729 631 779 est
646 718 758 794 eadem,
776 737 851 796 quae
868 735 954 796 supra
971 719 1080 795 scripta

93 802 424 882 sunt(cap.8),iacere;
438 803 593 863 etanredia
605 803 695 864 iascia
707 805 837 881 incipere
849 800 993 879 deligare,
1004 818 1040 860 ne
1053 802 1081 859 in

92 888 259 949 alterutram
273 895 384 964 partem
400 884 473 945 baec
488 887 722 946 cuteminclinet:
737 886 772 945 ab
785 903 841 945 uno
853 903 924 945 vero
937 885 1080 944 etvioesi·

92 989 139 1031 mo
155 970 220 1045 die,
241 986 298 1048 quo
314 971 411 1048 ntique
426 986 460 1028 os
477 988 544 1029 esse
573 969 661 1030 debet
681 971 866 1047 glutinatum,
888 969 916 1029 id
939 967 1081 1044 agendum

93 1054 166 1116 cibis
180 1052 363 1112 uberioribus
379 1061 439 1127 est,
456 1063 484 1113 ει
500 1071 606 1131 corpus
624 1071 707 1131 qnam
730 1054 926 1131 plenissimum
941 1053 1006 1129 liat,
1023 1067 1080 1130 quo
1193 1097 1196 1103 .

58 1137 194 1198 romelius
210 1155 244 1197 os
255 1137 375 1204 vestiat;
388 1137 465 1214 quod
480 1137 531 1197 illo
544 1137 611 1196 loco
628 1133 756 1196 tenerum
779 1135 872 1197 adbuc
889 1136 1010 1211 injuriae
1027 1133 1081 1195 snb
1191 1166 1195 1172 ·

91 1223 169 1282 tenni
184 1229 251 1281 onte
263 1220 426 1297 expositum
441 1230 494 1279 est.
533 1220 589 1280 Per
611 1238 694 1280 omne
709 1229 803 1280 autem
823 1229 935 1299 tempus
956 1220 1081 1280 curatio-
1124 1266 1127 1271 .

91 1308 136 1365 nis
153 1303 284 1363 vitandus
301 1303 425 1380 clamor,
447 1321 543 1363 sermo
559 1322 675 1385 qnoque
688 1305 808 1378 multus,
829 1305 887 1378 ira,
916 1311 1011 1363 motns
1031 1320 1081 1362 ve·

91 1389 253 1448 bomentior
277 1389 425 1466 corporis,
444 1388 551 1465 luanus,
571 1389 682 1466 pulvis,
706 1397 735 1447 et
756 1386 891 1466 quidquid
910 1387 958 1446 rel
982 1388 1081 1447 tussim

92 1472 141 1531 rel
160 1479 411 1530 sternutamentum
426 1480 539 1532 movet:
563 1490 600 1530 ne
614 1472 742 1551 spiritum
765 1471 879 1548 quidem
902 1482 1080 1548 magnopere

59 1578 83 1618 rc
94 1557 243 1615 continere
260 1553 386 1633 expedit.
402 1555 441 1613 At
455 1558 480 1614 si
496 1564 555 1616 tota
571 1564 652 1615 costa
668 1556 814 1633 perfracta
826 1564 881 1628 est,
900 1571 984 1613 casus
997 1571 1080 1631 aspe-

67 1690 69 1694 ,
92 1642 153 1700 rior
169 1645 227 1698 est:
261 1655 325 1696 nam
341 1647 492 1714 etgraves
513 1639 766 1712 inflammationes,
787 1646 816 1696 et
839 1637 945 1711 febris,
967 1646 997 1696 et
1011 1654 1079 1714 sup·

92 1723 222 1802 puratio,
244 1731 273 1780 et
295 1738 384 1799 saepe
405 1723 481 1782 vitae
503 1722 663 1801 pericnlum
681 1724 819 1799 sequitur.
848 1721 945 1797 Ergo,
962 1721 987 1778 si
1002 1721 1080 1780 vires

94 1807 253 1889 patiuntur,
272 1803 307 1863 ab
324 1822 360 1863 eo
376 1804 511 1881 brachio,
530 1806 606 1883 qnod
621 1823 709 1883 super
725 1823 788 1863 eam
809 1813 919 1864 costam
940 1812 999 1878 est,
1015 1821 1080 1863 sun·

93 1889 158 1966 guis
176 1887 328 1948 mittendus
349 1898 409 1948 est:
439 1890 463 1947 si
484 1906 541 1948 non
562 1890 719 1967 patiuntur,
735 1889 817 1947 alvus
831 1897 926 1948 tamen
941 1887 1004 1947 sine
1020 1885 1080 1945 ullo

57 1994 83 2034 ro
95 1973 154 2033 aori
172 1971 300 2032 ducenda
317 1980 376 2040 est;
394 1971 555 2051 diutiusque
570 1972 665 2032 inedia
683 1972 872 2050 pugnandum.
902 1970 988 2030 Panis
1008 1987 1080 2029 vero

92 2055 324 2134 anteseptimum
340 2054 414 2114 diem
431 2073 488 2115 non
504 2056 703 2124 a'ssnrnendus;
725 2055 845 2115 seduna
866 2054 1024 2114 sorbitione
1041 2054 1081 2111 vi·

92 2140 230 2199 vendurn:
249 2138 510 2217 imponendumque
526 2142 553 2199 ei
567 2140 636 2199 loco
654 2148 779 2198 ceratum
796 2157 834 2197 ex
852 2139 926 2196 irino
942 2137 998 2215 (ci.
1017 2153 1081 2215 cap.

92 2226 122 2297 4,
133 2224 218 2300 eth,
227 2225 256 2298 4,
264 2221 298 2299 2)
312 2222 428 2299 iactum,
445 2225 490 2283 cui
505 2232 588 2282 cocta
603 2240 719 2301 quoque
733 2223 828 2281 resina
843 2221 958 2297 adiecta
966 2222 1017 2284 sit:
1035 2227 1082 2278 εει

92 2305 246 2381 Polyarchi
256 2306 311 2385 (oi.
319 2304 354 2380 V,
365 2304 415 2383 18,
426 2305 462 2385 8)
474 2308 630 2384 malagma;
644 2315 691 2365 ant
706 2307 790 2381 panni
804 2324 841 2364 ex
853 2306 921 2363 vino
934 2312 962 2362 et
971 2320 1039 2362 rosa
1053 2312 1083 2361 et

57 2411 84 2449 aa
93 2391 176 2457 oieo;
188 2407 333 2467 superque
347 2391 520 2467 imponenda
534 2392 598 2451 lana
612 2389 727 2449 succida
741 2389 846 2463 mollis,
856 2386 1082 2447 etduaeiasciae

94 2489 109 2530 a
123 2471 224 2531 mediis
233 2490 329 2551 orsae,
339 2474 509 2554 minimeque
524 2475 693 2534 adstrictae:
706 2473 793 2531 multo
805 2489 875 2531 vero
886 2471 978 2547 magis
990 2470 1083 2529 omnia
1128 2474 1131 2480 '

94 2554 223 2630 vitanda,
243 2573 315 2633 quae
332 2575 419 2633 supra
433 2560 515 2636 posui
522 2581 530 2628 ;
557 2557 630 2617 adeo
653 2566 733 2616 utne
750 2557 867 2633 spiritus
890 2551 1003 2633 quidem
1019 2571 1083 2614 sae·
1169 2603 1172 2609 ,

94 2639 157 2716 pius
175 2639 333 2698 movendus
349 2641 394 2697 sit.
424 2639 508 2713 Quod
525 2643 548 2700 si
566 2643 652 2701 tussis
667 2639 829 2712 infestabit,
848 2641 929 2718 potio
946 2636 1083 2697 sumenda
1109 2654 1111 2659 ·

94 2719 150 2779 erit
166 2721 213 2781 vel
229 2740 267 2780 ex
282 2722 442 2798 trixagine,
457 2724 505 2783 vel
525 2743 562 2783 ex
577 2734 654 2801 ruta,
673 2723 720 2781 vel
739 2741 776 2781 ex
789 2721 964 2796 stoechade,
982 2720 1030 2778 vel
1047 2736 1085 2778 ex

59 2805 207 2866 accumino
232 2812 260 2862 et
286 2805 399 2881 pipere.
436 2805 621 2866 Gravioribus
645 2822 716 2865 vero
740 2804 888 2864 doloribus
905 2801 1083 2879 urgentibus,

94 2889 269 2967 cataplasma
281 2888 388 2965 imponi
406 2907 521 2967 quoque
535 2891 688 2949 conveniet
703 2889 749 2948 vel
759 2905 796 2946 ex
807 2888 889 2961 lolio,
904 2884 953 2945 vel
967 2903 1004 2943 ex
1017 2883 1083 2942 hon

94 2972 166 3048 deo,
184 2972 228 3030 cui
244 2971 358 3048 pinguis
374 2972 420 3032 luci
437 2975 521 3032 tertia
536 2991 602 3052 pars
620 2975 656 3031 sit
672 2971 797 3045 adjecta.
815 2970 853 3030 Et
867 2969 896 3029 id
911 2967 1026 3047 quidem
1043 2966 1083 3025 in·

94 3054 186 3114 terdiu
206 3054 417 3133 superjacebit:
444 3066 530 3116 noctu
553 3073 625 3114 vero
650 3054 724 3114 idem
741 3061 790 3113 aut
807 3061 948 3127 ceratum,
965 3058 1012 3110 ant
1025 3067 1083 3110 ma·

94 3139 208 3217 lagno,
234 3146 281 3198 εει
298 3141 398 3216 panni;
423 3141 489 3219 quia
511 3148 609 3218 potest
632 3137 807 3215 cataplasma
827 3135 979 3217 decidere.¹
1001 3132 1056 3211 Erq

60 3243 87 3283 aa
97 3223 223 3299 quotidie
242 3239 357 3300 quoque
373 3224 549 3299 resolvetur,
565 3223 659 3282 donec
668 3222 728 3297 iarn
744 3229 843 3280 cerato
856 3217 1056 3295 autmalapnr

95 3311 239 3382 possimus
255 3323 322 3364 esse
338 3309 474 3367 contenti.
507 3306 544 3367 Et
565 3306 665 3366 decem
689 3304 803 3383 quidem
825 3302 926 3363 diebus
948 3308 1048 3361 extent

95 3385 171 3448 bitur
194 3392 269 3450 lame
293 3406 416 3468 corpus:
442 3392 477 3452 ab
492 3391 643 3451 undecimo
666 3386 792 3448 vernali
810 3383 1052 3465 incipiet;ideoqr

95 3473 180 3533 etiam
196 3474 305 3550 laxior,
324 3477 528 3555 quamprimo,
553 3475 646 3534 fascia
665 3469 920 3548 circumligabitur.
950 3466 1060 3547 Fereqr
