2416 3936
464 178 773 265 -135-¹

71 325 233 405 clysterem
256 324 439 384 retinuerint
461 331 663 405 aegrotantes,
694 325 781 387 simul
805 335 835 388 et
858 330 972 389 ventris
994 329 1092 391 oflicio

73 422 194 494 negato,
222 417 343 492 oportet
372 430 408 472 ex
435 411 566 474 folliculo
595 415 703 475 aerarii
726 432 828 475 curam
855 415 1009 496 adbibere,
1033 437 1092 497 quo

72 505 168 583 possit
186 519 278 582 supra
297 509 461 562 memorata
479 503 692 564 intestinorum
711 503 853 564 vesticula
868 506 929 565 sive
948 506 1092 568 involutio

71 599 196 671 accepto
215 598 304 651 rento
324 590 471 668 replicari.
509 598 539 651 et
556 591 590 651 fit
613 590 671 652 hoc
689 591 787 652 modo.
824 594 963 653 intestina
981 592 1093 656 bubula

71 698 214 742 mensura
239 678 333 740 cubiti
356 681 446 739 unius
469 678 574 740 tubulo
603 679 726 741 folliculi
750 679 908 759 diligenter
930 690 1031 760 sparto
1055 683 1119 743 aba

71 787 131 832 uua
153 776 241 849 parte
264 766 378 846 ligabis.
418 766 554 828 similiter
577 770 687 829 iterum
710 768 833 829 alteram
855 778 972 850 partem
996 772 1091 850 ipsius

69 859 207 920 intestini
226 874 313 917 osseo
328 855 440 917 aulisco
459 856 620 936 colligabis,
640 865 671 917 et
689 858 795 936 supino
814 856 964 919 schemate
982 861 1092 921 iacenti

68 955 195 1027 aegroto
216 947 337 1025 inicies,
360 944 515 1024 subposito
538 947 623 1025 prius
642 945 781 1006 clunibus
808 946 960 1027 cervicali,
984 955 1015 1008 et
1036 967 1091 1026 per

70 1035 210 1117 podicem
238 1036 396 1095 eremizato
424 1033 494 1094 folle
522 1041 728 1113 competenter
750 1043 872 1097 ventum
900 1034 1017 1096 inflabis
1045 1036 1090 1096 rel

67 1142 160 1204 quam
179 1124 232 1185 diu
251 1122 309 1184 sihi
327 1125 584 1202 patiens‘reutum
598 1140 694 1201 usque
714 1123 749 1183 ad
768 1123 954 1184 stomachum
973 1126 1131 1185 sentiaco

69 1223 144 1275 tunc
161 1211 309 1273 auliscum
333 1211 472 1272 detrahes
492 1219 522 1272 et
540 1213 663 1290 spongia
682 1211 775 1272 calida
794 1230 935 1292 expressa
952 1212 1091 1292 podicem

68 1301 233 1376 obtrudcs,
268 1307 299 1361 et
331 1319 399 1361 cum
431 1301 521 1360 nimie
550 1300 689 1361 assellare
717 1299 931 1362 desideraverit
963 1302 1089 1363 auferes.

67 1395 113 1454 sic
145 1392 226 1451 enim
253 1391 365 1470 poterit
391 1391 488 1449 omnis
517 1396 685 1450 stercorum
712 1398 844 1450 vetustas
872 1392 1018 1451 correctis
1045 1392 1088 1452 iu·

70 1481 191 1542 testinis
215 1480 305 1539 nimia
327 1479 504 1539 ventositate
528 1477 655 1540 excludi.
699 1477 806 1539 debinc
830 1480 927 1540 ventri
950 1487 981 1539 et
1003 1497 1088 1558 prae·

69 1569 182 1630 cordiis
202 1585 238 1628 ex
258 1566 350 1628 calida
369 1574 400 1627 et
418 1566 484 1627 oleo
503 1566 664 1627 sufficienti
681 1573 831 1646 ptygmata
850 1567 942 1628 dabis.
975 1569 1001 1628 si
1017 1585 1088 1628 vero
1103 1580 1129 1622 15

68 1659 161 1719 nimia
194 1657 312 1717 siccitas
345 1657 480 1734 corporis
512 1655 616 1736 fuerit,
652 1658 741 1716 etiarn
774 1674 811 1716 ex
843 1656 936 1729 calida
964 1665 995 1716 ct
1022 1655 1087 1717 oleo

67 1746 235 1825 semieupio
259 1745 403 1824 depositis
427 1743 569 1806 embasim
585 1742 755 1811 adhibebis.

239 1903 299 1964 Lll.
335 1904 383 1964 Ad
406 1903 599 1984 podagram
623 1911 657 1963 et
680 1902 918 1962 arthriticum.

160 2027 215 2088 Est
234 2036 332 2088 autem
351 2027 481 2106 podagra
499 2030 630 2089 causatio
649 2026 759 2106 pedum
779 2043 939 2086 nervorum
958 2027 1088 2103 partium

68 2117 257 2198 ultimarum,
285 2135 321 2176 ex
348 2134 405 2194 qua
429 2119 574 2194 contingit
602 2114 784 2195 patientibus
808 2132 929 2193 gressus
953 2116 1088 2193 corporis
1103 2129 1128 2168 20

67 2205 217 2285 impediri.
255 2207 392 2284 sequitur
415 2213 514 2265 autem
537 2205 705 2265 laborantes
729 2206 847 2282 inipso
871 2205 956 2264 initio
981 2221 1087 2264 sensus

142 2357 303 2413 2felliculo
321 2374 363 2426 cp.
472 2357 574 2412 aerarii
600 2357 646 2426 (ef.
667 2356 739 2414 Geel.
759 2373 802 2412 occ.
823 2363 852 2422 3,
873 2359 950 2426 154):
973 2356 1046 2411 orari
1065 2374 1087 2426 c,

68 2429 157 2514 h{tori
170 2452 207 2515 1⁹⁰
226 2447 286 2515 (ubi
303 2448 333 2500 lo
352 2462 386 2500 es
404 2447 493 2514 corr),
581 2445 810 2500 3inbesiinorum
825 2462 860 2514 p:
879 2462 930 2499 om.
950 2461 971 2500 c.
1044 2445 1088 2498 in·

67 2520 219 2574 volutasse
237 2519 374 2586 (—eione)
393 2535 414 2572 c.
510 2517 650 2571 4bubule
664 2533 695 2585 p.
782 2516 932 2571 bbubulo:
950 2518 983 2570 in
1000 2533 1087 2586 marg.

62 2597 100 2660 p⁰
118 2590 138 2643 'a
154 2588 339 2643 exsuflatorio.
411 2587 543 2642 fuluculli
557 2604 579 2656 c,
598 2587 717 2642 folliculi
733 2605 764 2656 p,
838 2589 948 2656 sparto:
963 2588 1044 2656 spato
1056 2603 1088 2655 p,

68 2659 161 2730 spatio
176 2676 199 2714 e.
263 2662 370 2730 operte
384 2676 435 2715 om.
440 2676 471 2728 p.
535 2659 637 2729 ligabis
647 2676 673 2713 e:
689 2659 822 2729 religabis
830 2675 861 2727 p.
926 2656 1087 2727 fligabise.

66 2730 209 2786 iacentem
227 2734 357 2800 egrotum
375 2747 417 2800 cp.
503 2737 519 2785 8
538 2729 701 2798 subposito
720 2745 761 2798 cp.
848 2736 863 2783 9
883 2729 1014 2799 ermigato
1034 2734 1089 2796 φο,

65 2803 215 2857 erimiasto
229 2818 260 2871 p.
346 2801 412 2856 felle
432 2817 458 2870 c,
477 2801 573 2855 follem
587 2819 619 2869 p.
700 2802 785 2856 venio
809 2817 851 2869 cp.
936 2805 969 2853 10
988 2798 1042 2853 sibi
1061 2815 1088 2853 e:

64 2875 138 2943 sip.
228 2889 318 2941 usque
342 2872 378 2927 ad
402 2872 576 2926 stomachum
599 2889 634 2941 p:
659 2887 709 2927 om.
730 2888 751 2925 c.
845 2877 876 2924 11
896 2870 1087 2925 detraherer,

64 2944 199 3015 podicem
222 2943 356 2998 obtrudes
379 2960 406 2997 e:
428 2942 561 3011 pollicem
589 2942 732 2997 obstinens
759 2941 892 2997 obtrudes
914 2958 944 3011 p.
1054 2945 1087 2994 13

63 3016 196 3070 omnium
215 3031 257 3084 cp.
349 3014 483 3069 vetustius
501 3013 626 3083 corigere
645 3013 778 3068 correctis
797 3013 857 3081 (ste)
876 3027 898 3068 e.
992 3017 1026 3065 14
1045 3011 1088 3066 ebs

64 3104 99 3142 ac
114 3104 146 3157 p.
239 3092 272 3141 15
291 3084 472 3153 (sufficientia
488 3084 503 3156 Ι)
523 3085 628 3154 higinio
646 3101 668 3152 e,
687 3086 829 3155 ptigmaia
843 3099 873 3151 p.
948 3081 1089 3136 tefuerit

63 3156 193 3228 corporis
207 3173 237 3225 p.
325 3155 412 3212 etiam
431 3154 461 3210 in
480 3155 571 3211 calido
589 3159 619 3210 et
637 3156 699 3210 oleo
714 3172 753 3225 p,
771 3158 801 3211 et
819 3154 912 3209 calida
930 3169 964 3206 ex
983 3152 1046 3206 oleo
1065 3167 1086 3205 c.

66 3236 98 3284 17
119 3227 275 3298 semicapic
290 3243 313 3296 e,
332 3235 461 3298 soieupro
472 3243 502 3296 p.
576 3227 719 3295 deposltos
733 3243 774 3296 op.
848 3224 928 3277 ebasi
944 3239 979 3291 p:
999 3238 1048 3276 om.
1065 3239 1087 3277 e.

66 3305 99 3355 18
118 3301 165 3354 Ad
188 3300 343 3369 podegrem
362 3301 392 3353 eb
408 3298 557 3354 arteiieom
577 3315 603 3365 c,
622 3299 663 3352 De
681 3297 795 3366 podage
813 3294 889 3368 poda
903 3309 976 3363 pass.
992 3310 1014 3362 p
1033 3293 1089 3362 (Ad

64 3389 92 3440 p.
107 3375 139 3426 et
151 3371 285 3425 arietieos
294 3371 354 3426 iod.
364 3373 407 3440 p).
482 3375 515 3424 19
526 3370 629 3439 pedum
643 3385 779 3424 nouorum
793 3384 815 3436 e,
830 3354 904 3436 ped(.
918 3365 1090 3434 ..ra)lorum

60 3443 151 3510 pas.
170 3441 233 3497 Gal.
255 3442 359 3510 XIII,
377 3445 454 3510 332).
