2414 3924
421 235 489 281 nra.
506 235 566 281 vn.
588 233 663 281 cae.
680 235 787 281 xxvn.
1031 221 1092 282 315

107 392 166 449 sica
185 387 324 466 quaedam
340 389 485 447 consortio
501 397 560 447 est:
577 405 671 465 exque
684 403 720 446 eo
732 387 806 463 lieri,
821 395 851 446 ut
866 404 960 466 neque
971 386 1093 446 retinea-

107 482 151 533 tur
169 472 267 546 cibus,
290 489 400 549 neque,
426 474 450 531 si
472 473 535 549 quis
557 479 684 530 retentus
699 479 759 545 cst,
776 478 983 547 concoquatur,
999 486 1094 546 neque

108 573 215 634 corpus
231 555 335 623 alatum
355 555 479 632 ideoque
494 573 530 614 ne
544 555 646 613 vulnus
658 553 771 632 quidem
786 563 833 614 aut
849 553 976 633 pnrgari,
995 561 1042 612 aut
1056 553 1094 612 ali

107 641 218 718 possit:
247 656 321 716 quae
344 639 511 698 necessario
528 647 647 697 mortem
666 646 816 697 maturant.
846 638 904 697 Sed
925 635 1013 696 uthis
1029 653 1092 696 suo·

84 725 181 786 scurri
195 722 274 782 nullo
288 721 375 780 modo
394 730 508 799 potest,
525 722 567 780 sic
582 740 598 781 a
612 723 704 798 primo
716 728 809 780 tarneu
821 721 868 780 die
883 719 1006 780 tenenda
1020 721 1092 779 ratio

108 807 262 864 curationis
278 814 331 863 est.
357 804 389 863 ln
405 823 460 882 qua
478 804 615 883 quaedam
629 803 803 880 observatio,
818 804 853 864 ad
870 804 963 863 cibum
979 821 1093 882 quoque

106 891 308 968 potionemque
320 889 476 965 pertinens,
491 889 656 946 necessaria
673 896 726 946 est.
747 886 820 947 Nam
831 887 911 946 cibus
927 888 1001 946 inter
1017 886 1093 965 prin

107 974 180 1050 cipia
196 990 252 1031 non
270 971 323 1029 nisi
338 970 468 1031 humidus
483 971 544 1030 dari
559 970 661 1030 debet:
685 969 733 1030 ubi
747 972 849 1030 vulnus
865 979 1015 1048 purgatum
1037 979 1093 1043 est;

108 1075 144 1114 ex
164 1054 257 1113 media
276 1054 408 1113 materia:
435 1055 515 1113 olera
538 1063 567 1112 et
586 1054 757 1113 salsamenta
773 1072 888 1133 semper
906 1053 998 1113 aliena
1018 1061 1090 1112 sunt.

74 1162 97 1200 m
108 1140 226 1199 Potione
245 1155 318 1214 opus
336 1146 381 1196 est
394 1138 515 1198 modica.
544 1137 625 1212 Nam,
643 1139 778 1214 siparum
794 1136 909 1212 bibitur,
927 1137 1091 1197 accenditur

107 1223 217 1296 vulnus,
235 1230 263 1279 et
279 1220 377 1296 vigilia
392 1230 492 1298 urget,
509 1229 538 1279 et
554 1222 598 1280 vis
615 1221 747 1297 corporis
762 1222 910 1280 minuitur:
926 1221 950 1279 si
966 1220 1031 1298 plus
1046 1237 1095 1280 ae·

107 1321 163 1383 quo
179 1305 337 1379 assumitur,
354 1303 474 1363 subinde
485 1305 584 1364 vesica
599 1304 744 1381 impletur,
760 1320 856 1382 eoque
868 1305 1004 1364 irritatur.
1028 1301 1093 1364 Non

107 1389 159 1446 nisi
175 1404 275 1464 aquam
287 1394 380 1446 autem
392 1387 543 1447 bibendam
555 1406 622 1447 esse
633 1387 811 1447 manifestius
819 1397 875 1464 est,
892 1397 1013 1466 quamut
1028 1386 1093 1447 sub-

107 1472 171 1530 inde
192 1470 341 1530 dicendum
362 1472 408 1531 sit.
446 1471 529 1530 Solet
551 1488 621 1531 vero
642 1471 694 1530 sub
711 1472 853 1546 ejusmodi
872 1473 951 1531 victu
964 1472 1093 1546 evenire,

73 1565 134 1616 aaut
152 1554 233 1614 alvus
248 1571 305 1614 uon
322 1553 466 1614 reddatur.
500 1554 580 1614 Haeo
601 1572 673 1632 aqua
694 1553 823 1615 ducenda
840 1565 897 1630 est,
919 1557 948 1614 iu
972 1573 1026 1633 qua
1047 1555 1096 1616 vel

106 1641 219 1698 foenum
234 1655 388 1715 graecum,
405 1638 454 1697 vel
473 1638 565 1698 malva
586 1637 708 1697 decocta
723 1639 769 1697 sit.
803 1637 882 1698 ldem
905 1639 1006 1697 humor
1025 1656 1095 1699 rosa

106 1723 208 1781 mixtus
224 1724 252 1780 in
266 1722 360 1798 ipsum
378 1721 480 1780 vulnus
497 1721 651 1781 oriculario
668 1722 794 1795 clystere
816 1722 944 1799 agendus
961 1729 1024 1798 est,
1046 1722 1096 1782 ubi

106 1807 134 1864 id
149 1805 223 1863 rodit
245 1806 341 1881 urina,
367 1809 463 1883 neque
478 1806 595 1882 purgari
612 1806 725 1882 patitur.
752 1804 828 1864 Fere
843 1823 915 1866 vero
933 1808 1027 1886 primo
1042 1823 1096 1886 per

106 1888 207 1946 vulnus
222 1888 280 1947 exit
298 1888 388 1948 hacc:
405 1889 520 1963 deinde,
536 1905 572 1947 eo
588 1897 779 1964 sanescente,
797 1888 947 1966 dividitur,
974 1900 1004 1950 et
1027 1908 1096 1969 pars

70 1992 95 2031 ao
107 1990 159 2050 per
176 1971 268 2030 colem
282 1971 461 2031 descendere
477 1972 594 2049 incipit,
612 1972 706 2031 donec
725 1991 762 2031 ex
785 1981 846 2032 toto
869 1973 957 2051 plaga
981 1974 1094 2034 clauda·

104 2065 158 2113 tur.
178 2055 261 2129 Quod
282 2055 422 2114 interdum
437 2057 522 2114 tertio
535 2073 645 2130 mense,
661 2056 801 2115 interdum
819 2073 875 2115 non
890 2066 958 2116 aute
972 2067 1094 2133 sextum,

103 2155 310 2216 nonnumquam
335 2148 440 2199 exacto
463 2155 578 2216 quoque
598 2157 671 2199 anno
689 2141 728 2198 fit.
760 2140 861 2217 Neque
877 2141 1031 2219 desperari
1045 2140 1094 2200 de·

102 2221 152 2280 het
168 2221 260 2281 solida
278 2220 428 2297 glutinatio
446 2222 589 2297 vulneris,
606 2225 660 2282 nisi
676 2223 723 2283 ubi
746 2233 793 2284 aut
808 2223 996 2283 vehementer
1011 2232 1094 2301 rupta

104 2308 203 2365 cervix
219 2315 274 2381 est,
290 2314 338 2363 aut
355 2324 392 2364 ex
406 2322 511 2365 cancro
528 2306 634 2366 multae
657 2325 835 2385 magnaeque
854 2306 1041 2384 carunculae,
1057 2308 1095 2366 si·

69 2408 94 2444 ιι
106 2387 220 2465 mulque
229 2405 354 2447 nervosa
366 2388 460 2465 aliqua
474 2389 651 2449 exciderunt.
668 2391 736 2464 Sed,
750 2401 779 2450 ut
790 2391 839 2452 vel
851 2391 927 2451 nulla
939 2391 977 2450 ibi
991 2391 1094 2466 fistula,

103 2470 151 2528 vel
169 2473 273 2548 exigua
289 2470 441 2532 admodum
462 2473 656 2550 relinquatur,
679 2492 785 2534 summa
802 2494 871 2536 cura
887 2476 1095 2553 providendum

104 2562 159 2613 est.
197 2554 293 2632 Ergo,
309 2573 393 2633 quum
405 2556 464 2630 jam
480 2557 516 2616 ad
534 2559 698 2617 cicatricem
716 2559 821 2618 vulnus
842 2561 948 2636 tendit,
969 2561 1093 2620 extentis

98 2638 200 2710 jacere
217 2639 368 2697 feminibus
385 2646 414 2697 et
430 2639 560 2698 cruribus
580 2650 711 2717 oportet:
728 2643 782 2701 nisi
803 2652 896 2703 tamen
912 2645 1015 2704 molles
1032 2661 1094 2704 are·

103 2721 204 2779 uosive
229 2721 331 2780 calculi
358 2722 481 2782 fuerunt.
514 2722 573 2782 Sub
588 2724 632 2784 his
652 2727 725 2784 enim
749 2726 857 2786 tardius
873 2729 973 2787 vesica
989 2744 1093 2805 purga·

67 2812 161 2864 catur:
181 2804 304 2880 ideoque
321 2804 422 2864 diutius
440 2805 555 2883 plagam
571 2818 671 2885 patere
695 2811 890 2869 necessarium
909 2819 966 2877 est;
993 2818 1021 2868 et
1036 2819 1093 2868 turn

102 2885 228 2961 demum,
254 2886 302 2944 ubi
320 2889 379 2962 jam
408 2888 477 2948 nihil
495 2890 554 2949 tale
571 2901 651 2952 extra
666 2893 773 2968 fertur,
798 2892 833 2952 ad
849 2894 1011 2951 cicatricem
1028 2909 1093 2967 per·

102 2969 176 3029 duci.
207 2967 290 3046 Quod
306 2971 347 3044 si,
364 2980 514 3049 antequam
531 2976 629 3033 vesica
643 2984 765 3053 purgata
786 2985 846 3050 est,
871 2991 938 3032 orae
957 2991 988 3032 se
1008 2972 1093 3049 gluti·

101 3064 217 3130 narunt,
234 3052 376 3131 dolorque
392 3065 420 3114 et
435 3057 618 3116 inllammatio
634 3058 795 3130 redierunt,
814 3058 915 3116 vulnus
931 3057 1026 3133 digitis
1043 3055 1092 3116 vel

100 3156 204 3197 averso
226 3137 350 3215 specillo
375 3138 561 3199 diducendum
582 3150 641 3209 est;
667 3150 696 3198 ut
716 3137 914 3216 torquentibus
930 3140 1023 3198 exitus
1042 3140 1091 3199 de·

66 3229 160 3282 astur:
176 3222 279 3301 hisque
297 3221 412 3299 ellusis,
429 3242 512 3300 quum
531 3224 633 3283 diutius
648 3240 718 3301 pura
740 3224 820 3281 urina
842 3220 1009 3297 descendit,
1034 3231 1091 3281 turn

99 3304 219 3382 demum,
245 3324 317 3384 quae
342 3307 506 3365 cicatricem
528 3307 678 3380 inducant,
700 3303 870 3381 imponenda
887 3313 965 3373 sunt;
990 3313 1091 3364 exten-

100 3386 252 3468 dendique,
271 3398 300 3448 ut
318 3406 404 3467 supra
423 3388 522 3465 docui,
539 3390 629 3467 pedes
645 3407 727 3468 quam
741 3389 862 3447 maxime
872 3389 974 3462 juncti.
1007 3387 1092 3463 Quod

100 3473 124 3529 si
143 3471 254 3532 fistulae
271 3481 363 3531 metus
379 3490 416 3531 ex
433 3472 476 3531 his
493 3475 598 3549 causis,
615 3490 685 3551 quas
703 3472 851 3552 proposui,
878 3469 999 3530 subesse
1012 3471 1052 3533 vil
