2414 3924
331 216 400 264 nra.
415 217 452 262 11.
467 215 542 262 car.
558 215 654 266 xm.
669 214 780 263 xxxu.
796 215 924 263 xxx111.
1086 201 1128 265 ⁷3

131 371 173 430 sie
188 387 235 447 eo,
252 371 330 449 qnod
343 370 409 428 mali
424 378 485 444 est,
508 367 667 429 extrahunt.
698 368 813 428 Habent
833 378 926 429 autem
947 367 1021 427 banc
1036 368 1127 429 facul·

129 463 216 514 tatem
239 455 346 513 semina
367 471 489 527 erucae,
512 453 657 526 nasturtii,
679 450 840 520 radiculae;
861 453 1018 530 praecipue
1032 460 1128 513 tamen

131 538 254 597 omnium
268 538 370 615 sinapi.
400 536 475 596 Salis
493 553 608 615 qnoque
622 544 651 595 et
665 536 712 595 fici
727 534 828 595 eadem
842 536 887 594 vis
901 543 955 595 est.

185 619 301 681 Leniter
318 637 389 680 vero
406 619 488 679 simul
509 629 537 679 et
554 620 712 697 reprimunt
728 627 757 678 et
773 617 903 679 molliunt
923 618 988 679 lana
1009 618 1126 679 succida

104 723 167 766 sex
181 712 266 763 aceto
283 704 332 764 vel
348 704 428 778 vino,
446 705 491 764 cui
507 702 601 764 oleum
617 702 760 778 adjectum
779 711 838 771 est:
864 703 1002 762 contritae
1018 701 1125 780 palmu-

128 788 191 862 lae,
212 787 337 848 furfures
359 788 387 846 in
411 787 488 846 salsa
503 804 576 864 aqua
598 784 647 845 vel
669 795 754 845 aceto
775 784 900 846 decocti
934 786 973 844 At
994 784 1076 844 simul
1097 794 1127 846 et

127 873 294 948 reprimunt,
308 880 337 930 et
348 869 522 947 refrigerant
532 868 622 929 berba
634 869 760 944 muralis,
778 866 951 949 περδίκιον
966 869 1125 948 appellant,

129 953 296 1052 serpyllum,
310 953 467 1032 pulegium,
480 954 611 1027 ocimum,
625 952 715 1012 herba
727 953 914 1031 sanguinalis,
928 971 1012 1032 qnam
1022 951 1126 1014 Graeci

129 1028 319 1115 πολύγονον
334 1046 456 1112 vocant,
479 1035 644 1114 portulaca,
662 1036 901 1116 papaverisfolia
910 1036 1125 1116 ,capreolique

95 1122 241 1196 soritium,
266 1119 410 1181 coriandri
430 1120 501 1179 folia
507 1119 751 1197 „byoscyamum
767 1138 881 1180 muscus
889 1121 998 1196 ,eieer,
1017 1122 1124 1219 apium,

128 1203 267 1277 solanum,
286 1222 368 1281 quem
384 1193 543 1282 στρύχνου
558 1202 662 1264 Graeci
676 1212 798 1280 vocant,
815 1204 963 1264 brassicae
980 1203 1092 1279 folia,'
1083 1222 1124 1262 m

128 1286 221 1361 tubus,
236 1286 384 1364 plantago,
395 1286 532 1347 foeniculi
547 1306 655 1363 semen,
669 1290 791 1348 contrita
805 1289 867 1367 pira
879 1288 927 1348 rel
940 1287 1024 1362 mala,
1042 1304 1124 1365 prae·

128 1372 271 1448 cipneque
287 1379 410 1431 cotonea
424 1370 479 1449 (cl.
494 1387 558 1449 cap.
573 1371 640 1450 24),
658 1371 803 1448 lenticula,
821 1387 895 1448 aqua
907 1369 1022 1448 frigida,
1034 1372 1123 1431 maxi·

127 1470 230 1530 meque
242 1453 387 1531 pluvialis,
402 1455 511 1530 vinum,
530 1464 651 1530 acetum,
668 1464 697 1515 et
714 1454 814 1515 borum
829 1455 925 1531 aliquo
943 1454 1061 1515 madeus
1075 1453 1124 1516 vel

94 1553 117 1593 ιι
127 1538 219 1616 panis,
235 1536 282 1595 vel
298 1536 400 1614 farina,
418 1537 466 1597 vel
482 1539 616 1617 spongia,
634 1538 683 1597 vel
696 1539 778 1615 cinis,
794 1536 841 1596 vel
858 1537 921 1599 lana
933 1538 1059 1614 succida,
1074 1536 1123 1596 vel

127 1622 210 1680 etiam
225 1619 388 1697 linteolum,
406 1630 486 1681 creta
502 1622 630 1698 cimolia,
647 1639 786 1700 gypsum,
803 1621 953 1696 melinum,
972 1631 1121 1696 myrteum,

125 1720 204 1778 rosa,
219 1704 355 1766 acerbum
370 1704 481 1780 oleum,
496 1704 685 1766 verbenarum
699 1713 819 1764 contusa
835 1723 897 1763 cum
914 1705 1022 1762 teneris
1037 1703 1122 1763 cauli·

126 1785 279 1855 basiolis:
298 1789 380 1864 cuq'us
397 1789 514 1865 generis
531 1797 596 1848 sunt
607 1787 683 1862 olea,
703 1805 868 1865 cupressus,
886 1796 1005 1862 myrtus,
1024 1786 1121 1845 lentis-

128 1888 189 1945 cus,
209 1873 337 1949 tamarix,
353 1872 512 1949 ligustrum,
528 1888 605 1946 rosa,
621 1871 717 1947 rubus,
734 1870 839 1946 laurus,
854 1869 973 1946 hedera,
989 1869 1122 1949 punicum

90 1974 116 2016 ao
125 1953 237 2012 malum.
250 1955 319 2014 Sine
332 1954 446 2032 frigore
457 1964 549 2015 autem
562 1956 720 2032 reprimunt
732 1963 816 2013 cocta
827 1954 900 2014 mala
916 1962 1048 2029 cotonea,
1063 1969 1120 2014 ma·

125 2036 267 2113 licerium,
285 2055 357 2116 aqua
372 2039 473 2115 calida,
489 2040 583 2115 inqua
597 2037 740 2096 verbenae
756 2046 858 2098 coctae
870 2039 935 2112 sint,
950 2055 1021 2114 quas
1034 2054 1121 2114 supra

125 2121 222 2198 posui,
246 2121 341 2198 pulvis
355 2121 403 2182 vel
420 2141 458 2182 ex
478 2123 563 2181 faece
577 2123 652 2196 vini,
676 2121 723 2180 vel
740 2140 777 2180 ex
791 2122 874 2196 myrti
889 2120 983 2196 loliis,
1007 2137 1119 2180 amarae

123 2221 222 2262 nuces.
254 2202 395 2265 Calefacit
415 2223 487 2265 vero
515 2224 552 2264 ex
579 2205 704 2282 qualibet
726 2206 815 2264 farina
844 2203 1034 2282 cataplasma,
1058 2203 1120 2262 sive

123 2287 224 2362 tritici,
240 2290 302 2346 sive
319 2290 420 2365 farris,
436 2290 498 2349 sive
514 2288 632 2364 hordei,
648 2290 711 2347 sive
727 2290 804 2363 ervi,
820 2289 867 2348 vel
883 2287 961 2364 lolii,
976 2287 1024 2346 vel
1038 2286 1118 2362 milii,

89 2370 171 2430 avet
189 2372 298 2448 panici,
316 2372 364 2432 vel
379 2371 548 2450 lenticulae,
565 2372 612 2431 vel
628 2372 726 2448 fabae,
742 2372 788 2431 vel
805 2373 907 2452 lupini,
924 2371 971 2431 vel
989 2371 1054 2447 lini,
1071 2370 1119 2430 vel

123 2452 203 2533 foeni
212 2454 373 2533 graeci(cf.
381 2457 401 2516 l.
410 2456 478 2532 33),
486 2456 534 2515 ubi
545 2474 580 2516 ea
592 2456 746 2532 deferbuit,
758 2456 906 2533 calidaque
919 2456 1052 2535 imposita
1064 2463 1119 2513 est.

123 2535 274 2597 Valentior
286 2547 379 2599 tamen
392 2540 426 2598 ad
437 2540 465 2599 id
476 2542 568 2600 omnis
578 2541 669 2600 farina
681 2549 725 2599 est
738 2559 775 2599 cx
786 2540 890 2615 mulso,
904 2557 985 2618 quam
997 2557 1034 2598 ex
1044 2554 1118 2616 aqua

124 2627 218 2678 cocta.
253 2620 406 2682 Praeterea
424 2626 583 2701 cyprinum,
600 2625 718 2701 irinum,
734 2624 873 2699 medulla,
892 2623 981 2702 adeps
997 2640 1034 2681 ex
1047 2621 1118 2697 fele,

124 2702 228 2779 oleum,
243 2708 392 2784 magisque
407 2708 431 2765 si
448 2716 531 2765 vetus
547 2715 600 2783 est,
612 2709 768 2786 junctaque
785 2707 852 2766 oleo
869 2706 921 2783 sal,
937 2709 1048 2780 nitrum,
1065 2706 1118 2780 git,

86 2809 113 2848 ao
125 2786 222 2862 piper,
246 2790 480 2868 quinquefolium.
514 2789 664 2867 Fereque,
687 2810 760 2870 quae
777 2789 963 2849 vehementer
980 2797 1008 2848 et
1027 2788 1117 2865 repri-

122 2878 215 2942 munt,
240 2880 268 2929 et
294 2875 481 2950 refrigerant,
506 2872 619 2939 durant;
644 2892 716 2951 quac
737 2874 911 2933 calefaciunt
926 2881 955 2931 ct
976 2872 1117 2947 digerunt,

123 2914 284 3013 emolliunt:
313 2959 526 3052 praecipueque
546 2955 581 3014 ad
604 2956 803 3016 emolliendum
825 2964 923 3032 potest
943 2953 1117 3033 cataplasma

123 3052 159 3093 ex
176 3036 224 3093 lini
240 3037 288 3096 vel
309 3038 387 3097 foeni
402 3040 503 3114 graeci
518 3040 636 3096 semine.
661 3039 712 3098 llis
727 3048 821 3099 autem
836 3037 982 3110 omnibus,
1002 3044 1031 3094 et
1051 3035 1116 3092 sim·

122 3118 263 3195 plicibus,
284 3130 313 3180 et
331 3123 495 3199 permixtis,
516 3122 595 3180 varie
612 3121 715 3181 medici
737 3130 863 3189 utuntur:
887 3129 917 3179 ut
936 3118 1029 3193 magis
1051 3113 1117 3193 quid

86 3203 245 3278 eoquisque
268 3208 444 3300 persuaserit
469 3203 540 3278 sibi,
570 3212 724 3281 appareat,
757 3221 840 3280 quam
871 3201 939 3280 quid
968 3198 1117 3258 evidenter

122 3286 306 3361 compererit.

487 3426 759 3438 ——ffl
