2414 3924
75 201 136 263 360
373 210 405 258 a.
422 210 450 258 o.
469 210 567 258 ceusu
584 210 778 259 uaeramus

76 383 162 447 quum
186 364 226 424 ibi
249 364 437 425 valentissimi
457 365 540 423 nervi
555 364 735 442 musculique
750 365 824 440 sint,
840 365 864 422 si
884 383 967 425 suum
980 365 1076 427 robur

75 448 197 526 habent,
214 449 264 508 vix
280 447 444 516 admittere;
461 450 485 506 si
500 463 558 506 non
573 446 690 524 habeut,
708 455 812 526 postea
831 464 888 507 nou
906 450 1072 531 continere.

77 533 256 594 Tentandum
269 532 356 608 igitur
370 541 431 606 est,
448 540 486 606 ct,
502 534 527 590 si
545 540 674 591 tenerum
690 530 847 590 membrum
863 539 918 604 est,
936 533 1011 591 satis
1028 543 1074 592 est

76 615 188 676 habena
203 614 295 675 altera
310 613 346 674 ab
362 615 489 692 inguine,
506 614 597 675 altera
614 631 630 673 a
651 632 729 692 genu
743 613 865 674 intendi:
886 615 912 673 si
932 615 1071 692 validius,

75 699 178 759 melius
198 696 358 774 adducent,
384 699 431 776 qui
454 697 571 758 easdem
590 696 718 758 habenas
734 696 769 757 ad
783 696 879 758 valida
896 697 1002 759 bacula
1018 699 1086 760 des

76 783 207 860 ligerium
224 797 367 860 quumque
383 797 483 841 eorum
499 781 615 841 fustium
630 783 700 840 imas
722 789 821 860 partes
838 783 993 860 oppositae
1009 800 1070 843 mo·

76 883 126 926 rae
151 864 332 941 objecerint,
363 865 530 944 superiores
559 863 595 924 ad
621 874 788 943 neutraque
812 881 896 923 manu
917 866 1087 925 traxerint.-

76 947 236 1009 Etiamnum
248 947 390 1006 valentius
406 946 561 1007 Intenditur
574 946 730 1007 membrum
746 965 834 1026 super
849 965 1007 1024 scamnum,
1026 950 1071 1008 cui
1127 1003 1129 1008 ,

76 1031 113 1093 ab
128 1040 250 1110 utraque
265 1039 349 1109 parte
363 1048 436 1092 axes
450 1041 531 1107 sunt,
555 1030 591 1091 ad
606 1048 681 1110 quos
696 1030 828 1090 habenae
851 1029 920 1090 illae
936 1030 1070 1108 deligan-

77 1124 137 1176 tur:
155 1115 220 1192 qui,
243 1123 273 1174 ut
295 1117 324 1176 in
343 1113 551 1190 torcularibus,
569 1115 722 1191 conversi,
738 1131 874 1193 rumpere
889 1130 1027 1193 quoque,
1046 1116 1101 1175 siro

78 1198 142 1275 quis
158 1199 404 1274 perseveraverit,
419 1214 477 1256 non
493 1197 586 1257 solum
602 1196 761 1257 extendere
776 1215 885 1257 nervos
907 1206 937 1256 et
956 1215 1070 1258 muscu-

78 1279 124 1339 los
154 1289 284 1358 possunt.
319 1279 513 1341 collocandus
529 1290 624 1341 autem
639 1280 725 1341 homo
740 1297 829 1359 super
843 1280 872 1341 id
888 1280 1070 1361 scamnum¹)

78 1370 124 1421 ast
138 1370 185 1421 aut
202 1380 325 1441 pronus,
344 1373 391 1425 aut
406 1365 541 1444 supinus,
557 1373 605 1424 aut
627 1364 655 1423 in
670 1363 743 1424 latus
758 1365 815 1441 sic,
839 1373 868 1423 ut
891 1382 1009 1443 semper
1035 1381 1071 1424 ea

77 1462 147 1525 pars
162 1448 297 1525 superior
310 1450 361 1524 sit,
408 1448 438 1506 iu
464 1464 546 1524 quam
569 1462 603 1504 os
632 1445 800 1524 prolapsum
832 1457 892 1518 est;
924 1469 960 1512 aa
996 1447 1069 1507 infe·

76 1529 148 1606 rior,
171 1546 257 1608 aqua
275 1533 408 1590 recessit.
436 1530 541 1590 Nervis
562 1532 703 1605 extentis,
727 1532 752 1589 si
769 1531 798 1589 in
813 1533 939 1609 priorem
955 1539 1069 1610 partem
1080 1547 1102 1586 rs

79 1629 112 1672 os
130 1615 224 1689 veuit,
240 1614 395 1674 'rotundum
409 1613 516 1693 aliquid
533 1632 621 1692 super
634 1616 740 1692 inguen
755 1612 931 1692 ponendum
958 1613 1069 1674 subito·

77 1714 135 1774 que
152 1715 240 1775 super
257 1696 285 1757 id
300 1716 378 1774 genu
393 1697 589 1758 adducendum
606 1707 651 1758 est
669 1695 773 1757 eodem
788 1696 889 1775 modo,
908 1697 1070 1775 eademque

78 1778 114 1839 de
131 1798 234 1856 causa,
256 1797 312 1858 qua
336 1781 411 1840 idem
435 1783 463 1840 in
479 1781 598 1841 brachio
614 1781 660 1850 dt;
684 1781 889 1858 protinusque,
906 1782 930 1840 si
946 1781 1070 1860 compli-

78 1864 137 1922 cari
159 1863 251 1923 femur
271 1872 385 1941 potest,
415 1867 490 1925 intus
504 1874 558 1924 est.
588 1864 620 1924 lu
643 1866 750 1923 ceteris
773 1880 844 1923 vero
861 1863 995 1941 casibus,
1020 1863 1070 1924 ubi

79 1962 146 2006 ossa
163 1948 286 2026 pervim
301 1947 415 2027 paulum
431 1949 505 2008 inter
521 1967 554 2008 se
570 1955 767 2023 recesserunt,
782 1947 910 2008 medicus
925 1946 1014 2008 debet
1028 1947 1068 2024 id,
1078 1961 1102 2000 ²⁰

78 2029 155 2107 quod
171 2032 286 2108 eminet,
304 2040 382 2090 retro
400 2049 508 2109 cogere
517 2055 524 2101 ;
542 2033 668 2091 minister
681 2037 781 2091 contra
796 2032 863 2091 inde
882 2048 985 2091 coxam
1000 2047 1068 2109 pro·

77 2113 200 2190 pellere.
244 2114 387 2192 Reposito
413 2131 498 2190 osse,
528 2114 597 2175 nihil
621 2112 697 2174 aliud
719 2114 787 2172 novi
803 2117 911 2174 curatio
935 2115 1069 2191 requirit,

77 2212 161 2273 quam
176 2206 206 2256 ut
229 2198 333 2257 diutius
357 2199 381 2257 is
396 2199 424 2256 iu
439 2198 517 2258 lecto
533 2199 711 2265 detineatur;
736 2215 789 2273 ue,
807 2198 831 2255 si
850 2206 955 2257 motum
971 2195 1069 2256 adbuc

76 2281 173 2338 nervis
192 2279 350 2340 laxioribus
365 2281 458 2340 femur
474 2281 576 2357 fuerit,
592 2299 690 2340 rursus
708 2289 846 2358 erumpat.
883 2298 889 2307 ’

400 2513 596 2576 CAPUT
631 2516 749 2575 XXI.
1079 2542 1104 2581 cs

453 2627 489 2675 Dc
507 2641 575 2691 genu
593 2626 689 2675 luxato.

140 2771 220 2834 Genu
234 2794 305 2837 vero
322 2785 351 2836 et
368 2779 395 2835 in
411 2779 602 2851 exteriorem,
620 2785 649 2834 et
666 2777 693 2834 iu
710 2776 893 2850 interiorem,
919 2784 947 2833 et
968 2777 996 2833 in
1015 2793 1067 2855 po·

76 2858 228 2918 steriorem
244 2869 357 2938 partem
373 2862 521 2934 excidere,
537 2860 712 2918 notissimum
729 2867 782 2918 est.
814 2858 846 2918 ln
864 2860 991 2938 priorem
1009 2876 1068 2918 uon

77 2941 189 3019 prolabi
214 2943 349 3022 plerique
370 2945 562 3022 scripserunt:
585 2950 740 3020 potestque
762 2942 790 3001 id
809 2959 880 3001 vero
905 2942 1067 3020 proximum

76 3041 154 3097 esse,
172 3044 257 3104 quum
274 3028 340 3087 inde
356 3027 490 3106 opposita
507 3024 630 3104 patella,
647 3027 709 3102 ipsa
732 3042 847 3104 quoque
868 3034 955 3104 caput
975 3024 1064 3084 tibiae
1076 3041 1103 3083 ac

77 3109 230 3170 contineat.
259 3110 362 3190 Meges
379 3122 567 3185 tamencum,
595 3109 639 3167 cui
661 3110 687 3167 in
709 3112 834 3187 priorem
858 3117 968 3187 partem
986 3109 1065 3168 exci-

75 3187 176 3264 disset,
192 3211 208 3252 a
225 3212 257 3253 se
274 3203 400 3254 curatum
416 3211 494 3271 esse,
511 3192 666 3252 memoriae
680 3192 813 3271 prodidit.
841 3191 873 3251 ln
888 3190 931 3250 his
948 3190 1066 3251 casibus

42 3294 47 3331 r
75 3272 182 3335 lnteudi
202 3277 283 3336 nervi
304 3279 462 3338 rationibus
482 3275 598 3351 iisdem,
622 3292 692 3352 quas
709 3277 736 3334 in
752 3275 863 3335 femore
878 3273 978 3351 retuli,
994 3290 1064 3352 pos·

76 3396 278 3413 ‘'U——

123 3457 152 3525 l)
166 3460 203 3511 cl.
217 3462 292 3526 Hipp.
308 3461 348 3510 ed.
363 3461 455 3520 Littre;
470 3461 497 3509 T.
512 3460 560 3520 lv,
572 3473 597 3522 p.
612 3456 654 3518 40,
667 3457 717 3508 297
731 3458 957 3519 -301,305,311.
