2414 3924
405 200 475 249 mn.
488 201 548 246 vn.
572 198 647 246 cae.
663 199 791 247 x-xrn
1024 183 1084 247 28⁷

427 436 606 500 canuc
643 400 740 496 xro

270 555 307 605 Dc
319 555 370 604 oris
381 554 463 618 vitiis,
475 568 540 616 quae
548 568 640 618 manu,
655 561 679 603 et
691 552 758 603 ferro
771 560 898 602 curantur.

155 696 181 752 l.
203 691 235 752 lu
255 709 308 751 ore
327 708 444 769 quoque
469 689 607 768 quaedam
630 706 714 750 manu
736 697 878 749 curantur.
908 687 965 750 Ubi
983 689 1011 748 in
1029 689 1086 768 pri·

91 778 144 836 mis
160 776 263 836 dentes
274 792 484 853 nonnumquam
495 783 655 850 moventur,
667 773 753 833 modo
767 782 888 851 propter
895 771 1023 834 radicum
1036 773 1086 833 im·

69 859 294 935 thecillitatem,
316 859 403 919 modo
425 865 545 936 propter
567 858 751 935 gingivarum
765 858 958 917 arescentium
977 856 1085 917 vitium.

92 944 215 1023 Oportet
230 945 259 1002 in
275 941 414 1003 utrolibet
425 939 551 1001 candens
563 941 766 1002 ferramentum
776 940 904 1017 gingivis
918 939 1086 1017 admovere,

92 1037 122 1088 ut
137 1029 259 1103 attingat
273 1026 394 1103 leviter,
410 1042 467 1085 non
484 1023 597 1085 insidat.
627 1024 756 1085 Adustae
773 1025 910 1100 gingivae
925 1023 1012 1084 molle
1031 1023 1086 1085 illi·

92 1111 220 1188 nendac,
240 1120 270 1170 et
290 1109 384 1170 mulso
407 1109 547 1168 eluendae
562 1117 636 1168 sunt.
665 1108 705 1169 Ut
727 1124 799 1188 pura
818 1108 917 1168 ulcera
933 1127 999 1168 esse
1018 1125 1086 1169 coc·

93 1203 212 1273 perant,
228 1195 309 1253 arida
324 1192 532 1253 medicamenta
546 1193 686 1253 infrianda
701 1199 766 1252 sunt
780 1209 818 1252 ex
829 1194 881 1270 iis,
904 1210 978 1273 quae
993 1193 1086 1271 repri-

60 1286 179 1343 romunt.
209 1278 239 1337 Si
255 1296 326 1338 vero
339 1277 410 1337 dens
426 1277 546 1337 dolores
557 1286 671 1354 movet,
688 1277 832 1352 eximique
848 1295 927 1353 eum,
945 1277 1011 1355 quia
1028 1294 1086 1337 me·

93 1360 254 1422 dieamenta
267 1360 337 1421 nihil
354 1361 506 1438 adjuvant,
526 1361 650 1439 placuit,
661 1360 836 1421 circumradi
851 1360 957 1436 debet,
979 1369 1009 1419 ut
1023 1362 1085 1439 gin-

91 1445 159 1522 giva
176 1443 212 1503 ab
227 1461 264 1504 eo
279 1445 458 1505 resolvatur:
481 1454 538 1504 tum
558 1446 583 1504 is
610 1443 818 1505 concutiendus
838 1455 898 1505 est:
933 1464 1026 1525 eaque
1046 1446 1088 1507 fa·

92 1526 209 1604 cienda,
256 1527 350 1589 donec
365 1529 441 1588 bene
456 1537 620 1589 moveatur:
637 1547 701 1588 nam
716 1527 787 1587 dens
797 1529 922 1588 haerens
934 1547 997 1588 cnm
1012 1546 1086 1588 snm·

90 1629 137 1672 mo
152 1611 283 1690 periculo
300 1612 450 1687 evellitur,
467 1630 501 1672 ac
516 1631 717 1691 nonnunquam
730 1612 846 1674 maxilla
860 1613 928 1673 loco
944 1621 1085 1671 movetur.

57 1718 81 1757 rs
91 1695 182 1774 quue
198 1697 281 1756 etiam
294 1697 404 1771 majore
414 1696 544 1774 periculo
553 1697 582 1756 in
595 1695 794 1775 superioribus
809 1695 943 1757 dentibus
957 1697 1000 1765 lit;
1015 1696 1086 1774 'quia

92 1787 190 1859 potest
214 1787 347 1858 tempora
365 1780 526 1859 oculosque
543 1789 711 1841 concutere.
742 1779 827 1858 Tum,
849 1782 874 1840 si
898 1781 960 1841 fueri
977 1787 1084 1858 potest,

91 1880 187 1932 ruanu;
209 1863 356 1940 siminus,
371 1863 485 1942 forcipe
501 1864 603 1943 (idest
620 1852 823 1944 ddoocciypc)
847 1865 919 1925 dens
936 1864 1084 1942 excipien-

92 1946 144 2006 dus
156 1955 217 2007 est:
237 1964 281 2025 ac,
295 1949 320 2007 si
337 1966 444 2007 exesus
458 1957 512 2026 est,
529 1957 594 2009 ante
605 1948 633 2008 id
648 1947 778 2008 foramen
793 1949 842 2008 vel
858 1950 1023 2022 linamento,
1036 1945 1085 2006 vel

91 2031 166 2090 bene
182 2032 401 2093 accommodato
417 2031 534 2111 plumbo
553 2032 723 2110 replendum
750 2041 813 2108 est,
836 2051 873 2093 ne
894 2031 947 2091 sub
971 2030 1084 2108 forcipe

55 2141 81 2181 20
91 2113 298 2192 confringatur.
329 2116 420 2176 Recta
437 2134 509 2176 vcro
530 2116 648 2194 forceps
670 2116 817 2176 ducendus
831 2126 892 2193 est,
914 2134 951 2175 ne
973 2114 1086 2174 inflexis

90 2196 235 2258 radicibus
251 2215 284 2259 os
300 2217 411 2275 rarum,
434 2201 478 2259 cui
500 2199 571 2261 dens
594 2201 740 2276 inhaeret,
764 2209 847 2279 parte
860 2201 956 2277 aliqua
970 2201 1084 2274 franga-

90 2291 144 2340 tur.
175 2280 279 2362 Neque
303 2283 369 2343 ideo
391 2284 497 2344 nullum
519 2285 581 2360 ejus
605 2287 647 2343 rei
672 2283 830 2362 periculum
856 2293 915 2353 est;
946 2281 1085 2360 utiquein

91 2364 224 2425 dentibus
242 2364 396 2442 brevibus,
415 2370 463 2446 qul
479 2368 542 2427 fere
557 2368 706 2444 longiores
721 2368 836 2428 radices
850 2367 972 2428 habent:
996 2382 1085 2442 saepe

91 2449 165 2507 enim
180 2449 316 2529 forceps,
334 2469 418 2529 quum
433 2451 548 2511 dentem
564 2451 813 2530 comprehendere
831 2469 888 2511 non
911 2451 1019 2530 possit,
1039 2445 1091 2507 aut'

54 2532 196 2592 asfrustra
212 2534 456 2612 comprehendat,
479 2552 513 2594 os
535 2537 670 2613 gingivae
692 2534 845 2613 prehendit
863 2544 892 2594 et
907 2535 1014 2612 frangit
1037 2531 1085 2610 (P.
1136 2561 1145 2583 ·

91 2615 167 2691 Aeg.
188 2615 243 2691 Vl,
268 2614 334 2696 28).
364 2617 498 2678 Protinus
519 2628 629 2695 autem,
652 2618 699 2677 ubl
712 2618 777 2697 plus
795 2620 942 2696 sanguinis
958 2616 1086 2697 profluit,

90 2700 167 2757 scire
182 2699 251 2760 licet
266 2701 373 2779 aliquid
387 2721 424 2761 ex
441 2719 509 2761 osse
524 2701 644 2761 fractum
660 2720 736 2760 esse.
768 2701 850 2779 Ergo
875 2702 999 2782 specillo
1017 2717 1085 2759 con·

91 2782 229 2860 quirenda
252 2794 296 2843 est
322 2794 411 2862 testa,
435 2803 509 2864 quae
533 2787 674 2862 recessit,
699 2793 728 2844 et
747 2786 871 2846 vulsella
892 2781 1085 2864 protrahenda

92 2874 151 2925 est:
175 2867 200 2925 si
218 2885 275 2926 non
291 2869 435 2946 sequitur,
463 2868 548 2928 incidi
560 2871 677 2946 gingiva
692 2867 795 2944 debet,
812 2869 906 2929 donee
921 2867 1022 2928 labans
1034 2882 1081 2924 os·

55 2949 131 3008 cosis
146 2958 222 3011 testa
235 2953 400 3029 recipiatur.
434 2952 518 3027 Quod
532 2952 556 3010 si
570 2952 675 3012 factum
697 2954 789 3011 statim
809 2969 866 3011 non
887 2958 961 3024 est,·
972 2947 1084 3007 indure-

90 3032 145 3092 scit
161 3036 343 3095 extrinsecus
360 3037 485 3111 maxilla,
526 3043 555 3092 ut
570 3037 594 3093 is
613 3034 692 3092 hiare
711 3050 768 3092 non
786 3035 889 3111 possit.
933 3031 1084 3110 Imponen-

91 3117 155 3176 dum
172 3118 293 3178 calidum
310 3137 348 3179 ex
363 3121 454 3179 farina
470 3129 499 3178 et
515 3119 572 3178 fico
588 3120 762 3197 cataplasma
778 3128 836 3195 est,
865 3117 959 3177 donec
976 3115 1015 3174 ibi
1030 3131 1085 3193 pus
1126 3177 1129 3182 ,

90 3210 254 3262 moveatur:
266 3211 323 3263 tum
337 3203 423 3262 incidi
438 3203 556 3281 gingiva
572 3200 667 3261 debet.
685 3202 740 3262 Pus
756 3219 872 3279 quoque
888 3200 1002 3259 multum
1018 3215 1085 3277 pro·

91 3284 200 3363 fluens,
225 3288 300 3346 ossis
323 3287 407 3346 fracti
431 3295 498 3345 nota
526 3294 580 3345 est.
614 3284 714 3364 ltaque
740 3287 825 3344 etiarn
845 3295 911 3344 tunc
926 3285 955 3343 id
973 3281 1085 3344 extrahi

52 3389 80 3429 as
92 3371 236 3429 convenit.
252 3369 462 3449 Nonnunquam
478 3372 571 3448 etiam,
587 3386 623 3429 eo
636 3370 838 3445 laeso,f1ssura
855 3370 899 3428 fit:
917 3386 990 3445 quae
1007 3364 1084 3423 eradi

91 3451 187 3513 debet.
222 3451 303 3514 Dens
324 3463 418 3514 autem
439 3453 561 3532 scaber,
587 3471 642 3532 qua
663 3462 744 3532 parte
760 3454 844 3531 niger
864 3460 919 3531 est,
941 3449 1085 3512 radendus
