2414 3924
465 212 682 277 -21-

58 359 270 420 medicamenti
302 357 450 417 confectio
480 355 547 416 talis
580 365 634 417 est.
676 359 894 443 cantharidum,
926 362 1078 442 sulphuris

56 451 129 529 viri,
154 447 237 507 oleae
260 445 402 505 bacarum
424 453 626 527 purgatarum,
650 445 816 509 chalcanthi
838 451 864 503 i.
887 459 1056 534 quaternas,
1072 445 1109 535 la·
1125 463 1170 506 1⁸²·

56 539 134 617 picis
158 535 288 614 liquidae
312 537 338 589 i.
361 532 388 593 ll
411 533 552 594 coniicias
574 541 606 594 et
624 536 727 596 uteris.
773 537 844 597 lacit
862 545 893 599 et
911 540 946 600 ad
965 542 1078 620 rizony-

56 625 142 686 chias
165 623 197 684 id
220 630 266 684 est
288 623 404 684 radices
427 623 573 700 unguium
598 623 804 686 excludendas,

327 763 430 842 [llllll.
467 763 516 824 td
539 764 633 825 labia
656 764 802 827 hiantia.

148 880 240 941 Lahia
267 880 377 940 hiantia
405 880 466 939 sive
495 880 623 958 crispata
651 879 756 941 Graeci
787 881 862 942 chile
894 890 1079 962 caterrogota

57 976 173 1030 vocant.
216 978 247 1030 et
274 976 419 1029 curantur
446 967 503 1028 hoc
526 968 623 1028 modo.
666 971 713 1028 ovi
736 971 910 1031 interiorem
933 971 1077 1032 mamhra·

22 1064 25 1068 ’
58 1078 126 1119 nam
154 1076 301 1139 appones,
329 1062 381 1117 aut
407 1055 502 1135 adipis
529 1058 661 1117 anserini
689 1075 775 1118 cerae
802 1061 919 1119 resinae
948 1059 1077 1121 terebin-

58 1150 137 1208 tinae
166 1148 301 1207 omniurn
329 1146 420 1205 trium
447 1146 530 1223 paria
557 1145 691 1224 pondera
718 1148 750 1206 in
778 1165 837 1207 uno
865 1146 946 1208 lento
969 1165 1077 1228 vapore

58 1233 268 1296 commiscehis
291 1241 321 1293 ct
350 1235 381 1292 in
404 1232 576 1293 membrana
599 1233 635 1294 de
659 1252 752 1294 canna
775 1235 914 1296 illinitum
937 1254 1077 1316 appones.
1092 1251 1118 1291 ιο

56 1323 232 1385 membrana
261 1322 298 1383 de
332 1339 424 1381 canna
456 1320 567 1382 dicitur
598 1321 671 1383 illud
700 1323 862 1384 rotundum
892 1325 972 1404 quod
999 1328 1078 1385 intra

57 1430 185 1474 cannam
208 1411 367 1471 invenitur.
404 1408 482 1469 aliud
502 1409 538 1470 ad
556 1410 676 1489 ragadia
698 1419 729 1470 et
751 1412 787 1472 ad
806 1412 907 1472 ulcera
929 1415 960 1473 in
984 1413 1077 1473 labiis,

56 1501 165 1581 gallam
193 1507 223 1560 et
251 1499 395 1558 masticen
422 1496 537 1576 aequali
565 1499 652 1558 modo
676 1506 814 1560 conteres
842 1509 872 1561 et
902 1519 971 1562 curn
993 1503 1076 1581 isypo

56 1600 86 1650 et
111 1588 201 1649 melle
225 1589 313 1648 attico
338 1594 389 1646 aut
411 1585 496 1665 adipe
521 1589 659 1647 anserino
682 1590 786 1648 uteris.

401 1725 460 1788 XV.
497 1727 545 1788 td
569 1728 736 1790 scabiem.
1091 1744 1116 1785 1⁵

149 1843 272 1904 Scahies
303 1861 320 1903 a
352 1841 503 1903 veteribus
531 1843 606 1904 duae
636 1863 701 1904 esse
729 1843 903 1923 probantur.
944 1862 1002 1904 una
1031 1854 1077 1905 est

58 1947 202 2013 squamea
224 1933 302 1993 lusci
325 1929 442 2012 coloris,
466 1949 554 2009 quam
578 1931 707 1992 scabiem
731 1950 919 2012 squamosam
942 1931 1077 2013 dicimus,

56 2021 208 2102 siquidem
240 2022 402 2080 corticosas
434 2020 603 2097 squamulas
636 2023 667 2080 in
700 2028 768 2080 cute
810 2019 971 2080 ostendunt
1003 2039 1076 2099 quas

132 2173 290 2228 cantaridas
307 2191 333 2242 p,
352 2173 487 2226 —darum
502 2189 547 2241 pc.
648 2173 765 2242 sulphur
783 2173 878 2228 vivum
896 2190 915 2243 p
933 2173 1003 2244 (pere.
1018 2179 1075 2244 pc).

55 2254 71 2300 2
93 2246 188 2300 oleae:
208 2244 264 2298 alei
281 2261 322 2313 pc,
341 2244 396 2298 olei
410 2260 440 2311 p.
515 2245 615 2297 baccas
634 2243 747 2311 (baccas
762 2247 803 2300 sic
811 2247 845 2314 p)
863 2249 997 2315 purgatas
1016 2263 1075 2315 pop.

55 2316 182 2373 calcanti
200 2315 318 2384 (calculi
337 2317 361 2384 c)
379 2330 432 2384 ppo
449 2313 478 2383 (i.
493 2313 607 2368 vitricia
624 2316 664 2370 sic
681 2331 768 2383 supro
781 2332 808 2385 p,
827 2317 895 2384 ofip
914 2318 951 2371 od
965 2334 987 2371 c.
1004 2317 1076 2384 ΧΙ).

55 2390 212 2458 quaternas
229 2403 275 2455 pc:
294 2386 348 2440 Illl
362 2402 393 2453 p.
466 2391 482 2438 3
502 2385 615 2439 conficis
633 2402 691 2455 pcp.
769 2387 924 2442 rizonichia
941 2405 978 2456 pp
996 2389 1076 2456 (cari-

55 2459 184 2515 zorichia
202 2460 235 2526 c).
320 2455 532 2511 lexducendas
546 2473 577 2524 p.
651 2458 728 2510 otit.
748 2456 832 2511 Albia
851 2458 942 2512 macia
955 2475 985 2526 p.
1060 2465 1076 2511 6

54 2529 147 2584 Labie
169 2527 303 2596 maciap
326 2533 361 2595 (et
384 2529 417 2581 iro
439 2543 525 2595 uturp.
550 2543 618 2582 corr.
638 2527 656 2581 i.
680 2527 789 2597 ianhia).
898 2528 1019 2598 crispata
1040 2544 1075 2598 p:

56 2618 162 2687 crepl'a
182 2633 204 2672 c.
278 2617 424 2685 catrogata
437 2632 468 2684 p,
488 2617 650 2685 cateroga'oa
668 2633 682 2672 c
699 2616 774 2682 (Gal.
794 2617 883 2683 XIV,
897 2621 962 2673 424.
1001 2615 1076 2671 Orto.

56 2707 116 2758 cup.
132 2692 160 2753 4,
180 2692 237 2755 57).
346 2693 361 2742 'l
387 2686 438 2740 Cui
460 2687 592 2741 interiore
611 2705 647 2741 m.
663 2704 698 2756 p,
726 2687 807 2742 Omni
831 2689 899 2741 teris
918 2706 955 2741 m.
976 2705 989 2742 c
1008 2688 1075 2756 (uic).

56 2760 157 2828 terimi
176 2759 224 2813 ovi
243 2775 277 2812 ecc
297 2758 372 2813 Plio.
392 2763 440 2824 29,
459 2762 504 2813 46.
605 2764 622 2812 8
641 2758 754 2828 adipem
773 2759 931 2812 anserinum
950 2774 1011 2812 cere
1030 2763 1077 2812 etc.

54 2848 98 2899 pc.
210 2835 226 2882 9
247 2829 371 2883 omnium
388 2828 474 2881 trium
498 2845 524 2883 c:
548 2845 598 2882 om.
613 2846 644 2897 p.
752 2846 808 2884 uno
824 2845 859 2897 p,
878 2835 927 2883 uio
950 2829 1036 2897 (vino)
1055 2845 1077 2882 c.

57 2903 134 2956 lento
153 2917 205 2955 om.
225 2916 248 2955 c.
323 2905 356 2953 10
374 2899 538 2954 commisces
551 2901 618 2968 cip).
692 2901 721 2953 ei
739 2900 902 2954 membrana
920 2899 955 2952 de
972 2906 1005 2953 ca
1021 2900 1025 2966 Ι
1041 2915 1078 2951 na

58 2972 161 3026 dicitur
191 2972 245 3037 (sic
271 2972 337 3025 med.
362 2987 425 3038 oca,
454 2987 524 3039 quoe
551 2975 641 3024 tamea
663 2972 752 3039 suppl.
781 2986 849 3025 corr.
874 2971 906 3024 iro
928 2974 1027 3038 mnrp.)
1046 2986 1077 3037 p.

60 3050 91 3096 12
110 3042 221 3112 ragads
244 3043 273 3096 et
295 3041 389 3095 ulcera
403 3057 433 3110 p.
544 3047 576 3094 13
600 3041 717 3096 mathee
740 3057 774 3096 ex
798 3041 892 3110 equali
911 3040 994 3094 modo
1014 3056 1078 3092 con-

58 3117 131 3168 teres
151 3130 178 3168 c:
197 3112 314 3167 mastice
334 3129 406 3180 equo
425 3113 551 3166 cantores
566 3113 627 3181 (orffa)
641 3129 671 3181 p.
745 3129 809 3166 cum
829 3128 894 3166 suco
907 3110 983 3178 isopi
998 3108 1078 3162 attici

60 3189 109 3238 aut
127 3184 211 3252 adipe
231 3199 259 3253 c,
279 3201 341 3237 cum
365 3183 445 3252 isopo
465 3183 540 3237 atico
560 3184 619 3251 (uhi
638 3184 712 3237 atico
726 3200 760 3237 cc
774 3185 855 3244 corr.)
881 3183 931 3235 ant
948 3179 1031 3247 adipe
1046 3194 1077 3246 p.

60 3255 368 3380 {latitudinem
386 3255 570 3378 militiis
585 3253 662 3394 pap
680 3252 727 3378 if·
746 3253 823 3377 Phia·
843 3250 991 3390 {tritta
1019 3253 1078 3374 ,ἐξ

63 3413 125 3533 pritapl
149 3414 202 3536 c.)
264 3342 418 3451 scamogam
446 3413 486 3465 cp.
580 3368 617 3450 18'
636 3395 774 3449 acamnlas
800 3411 821 3448 c.
913 3363 1079 3458 ostendihp

78 3498 105 3506 -
126 3470 159 3522 rit
178 3485 213 3522 c.
