2414 3924
87 223 150 287 356
387 238 420 284 s.
436 237 467 284 c.
483 237 580 287 onusr
598 237 793 287 nnororusu

87 391 237 452 extendat:
259 390 353 469 ipsum
375 392 540 471 posteriorc
563 401 644 470 perte
668 391 859 468 residentem,
891 391 1079 452 monument

86 474 160 535 ulum
172 474 235 549 ejus
254 476 415 551 conjicere,
432 474 571 552 simulque
588 485 618 535 et
634 476 684 536 illu
700 493 744 550 os,
762 484 791 534 et
805 474 896 535 alteru
910 492 995 535 muno
1010 473 1078 535 ltru·

86 558 180 618 chium
195 559 258 632 ejus
274 556 309 617 ud
327 558 400 617 lutus
416 558 576 637 impellere.
601 559 641 618 At
657 561 680 619 si
696 559 805 619 vastius
821 575 938 636 corpus,
955 560 1078 618 nervive

85 641 267 703 robustiores
283 650 362 718 sunt,
377 644 544 701 necessaria
561 652 606 702 est
621 643 724 722 spatha
735 642 841 718 lignea,
857 659 932 719 quoe
951 651 981 701 et
997 659 1076 702 crus·

86 723 237 785 situdinem
259 724 376 784 duorum
404 725 554 802 digitorum
575 725 677 802 habet,
710 736 740 785 et
762 724 939 801 longitudine
968 724 1005 783 ult
1031 726 1100 785 ulus

86 825 178 886 usque
194 808 229 868 ed
244 806 350 885 digitos
363 810 513 884 pervenit:
535 810 562 866 in
587 827 642 888 qua
665 822 772 867 summa·
795 807 949 885 capitulum
967 817 1014 866 cst
1029 826 1076 867 ro·

84 891 200 950 tundnm
218 899 246 950 et
261 890 365 950 leniter
380 908 498 966 cavum,
514 900 544 950 ut
559 893 692 971 recipere
709 890 877 971 porticulum
894 891 1020 968 aliquem
1038 909 1077 951 ex

85 975 182 1053 cupite
199 972 307 1033 humeri
324 976 427 1053 possit.
454 974 486 1034 ln
502 992 537 1033 ea
552 975 617 1034 ltine
635 975 774 1035 ioruminu
797 974 888 1033 tribus
904 973 979 1032 locis
997 982 1075 1050 sunt,

84 1057 207 1116 intense
225 1058 318 1134 spatio
333 1057 515 1125 distantibus3
538 1060 566 1117 in
582 1077 656 1139 quae
679 1058 741 1118 loru
757 1057 853 1116 mollia
870 1058 1075 1134 conjiciuntur.

83 1137 184 1217 quue
205 1136 325 1217 spatha,
351 1140 443 1200 lascis
464 1142 608 1219 inuoluta,
639 1139 1107 1220 quominustuctuluedut,ud1o

83 1221 154 1283 alum
173 1221 290 1282 brachio
307 1223 437 1300 dirigitur
454 1226 514 1299 sic,
529 1234 559 1284 ut
576 1234 663 1304 caput
684 1226 748 1301 ejus
766 1241 892 1283 summae
915 1222 981 1283 ulae
1007 1223 1074 1283 sult-
1124 1270 1128 1277 .

78 1305 211 1381 jiciutur:
234 1305 335 1365 deinde
364 1306 434 1365 loris
457 1308 515 1366 suis
531 1309 566 1367 ud
588 1307 734 1368 brachium
752 1307 908 1384 deligatum
929 1323 987 1365 uno
1003 1306 1074 1366 loco

84 1387 199 1467 paulum
220 1388 292 1448 infru
313 1389 422 1448 humeri
445 1400 544 1469 capnt:
569 1392 660 1450 altero
682 1390 797 1470 paulum
819 1407 906 1467 supra
930 1389 1073 1458 cubitum:

82 1472 169 1531 tertio
186 1489 271 1550 supra
288 1489 413 1531 manum:
431 1475 476 1532 cui
491 1474 534 1532 rei
551 1477 681 1552 protinus
697 1473 848 1533 intervalla
863 1489 981 1551 quoque
997 1471 1073 1533 loru·

82 1555 186 1614 minum
203 1563 298 1634 optutu
314 1564 387 1614 sunt.
403 1557 452 1615 Sic
464 1556 610 1616 brachium
622 1555 776 1635 deligatum
793 1555 1106 1634 superscnluegul·15

83 1638 199 1697 linuriue
214 1639 333 1714 gradum
353 1640 491 1714 trajicitur
513 1641 552 1699 itu
573 1640 647 1714 ulte,
666 1650 696 1699 ut
716 1641 877 1699 consistere
902 1638 990 1699 homo
1007 1640 1074 1718 ipsc

81 1739 139 1782 non
154 1723 261 1800 possit;
279 1723 419 1802 simulque
434 1725 463 1782 in
477 1722 597 1783 alteram
614 1733 725 1800 partem
741 1740 846 1802 corpus
861 1721 1029 1797 demittitur,
1045 1725 1075 1782 in

80 1804 200 1864 ulternm
215 1804 361 1864 bruchium
377 1806 546 1867 intenditur:
566 1824 661 1884 eoque
676 1807 722 1880 lit,
743 1815 773 1865 ut
789 1808 884 1883 cupite
900 1805 970 1882 ligni
986 1815 1074 1883 ceput

81 1887 192 1948 humeri
208 1888 359 1966 impulsum
374 1890 402 1947 in
417 1906 495 1948 sirum
506 1890 614 1965 sedem,
630 1889 716 1948 modo
729 1907 791 1948 cum
805 1906 891 1964 sono,
907 1889 995 1948 modo
1008 1891 1073 1947 sine

80 1970 138 2031 hoc
154 1970 353 2049 compellatur.
384 1971 488 2032 lllultes
505 1973 575 2031 alias
592 1991 659 2031 esse
680 1974 808 2031 rationes
823 1973 899 2031 scire
922 1971 1010 2031 iecile
1026 1981 1105 2031 estro

80 2072 137 2113 uno
160 2054 339 2133 Hippocrate
361 2054 455 2122 lecto;
479 2056 530 2114 sed
553 2073 609 2114 non
635 2055 690 2114 aliu
705 2057 795 2131 magis
811 2073 863 2114 usu
881 2054 1073 2132 comprobata

81 2147 125 2197 est
143 2135 239 2216 (Ibid.
254 2137 276 2212 ὃ
292 2138 400 2217 6-7).
434 2138 472 2197 At
488 2139 557 2196 siin
574 2148 682 2216 purtem
699 2141 826 2216 priorem
842 2138 976 2197 humerus
993 2141 1072 2198 exci-

79 2220 130 2296 dit,
146 2223 262 2298 supinus
277 2220 363 2280 homo
378 2220 564 2281 collocandus
576 2230 635 2290 est;
655 2222 814 2300 fasciaque,
828 2229 875 2279 uut
885 2221 998 2280 habene
1013 2240 1071 2281 me·

79 2303 125 2363 diu
141 2304 205 2364 alne
220 2304 420 2362 circumdanda
439 2312 500 2376 est,
519 2306 669 2383 capitaque
686 2306 749 2379 ejus
767 2313 833 2381 post
848 2313 932 2380 caput
946 2304 1073 2364 lrominis

80 2388 208 2445 ministro
232 2386 387 2460 tradenda,
412 2384 559 2444 bruchium
577 2388 673 2456 ulteri;
706 2387 1017 2466 praecipiendumque,
1042 2396 1105 2448 utro

79 2467 130 2527 illc
152 2467 309 2544 habenam,
333 2468 380 2527 hic
401 2467 547 2528 brachium
567 2471 717 2530 extendat:
754 2470 856 2530 deinde
872 2471 1002 2529 medicus
1024 2489 1072 2530 cu·

82 2559 133 2627 put
148 2549 262 2628 quidem
277 2550 386 2609 humeri
401 2552 514 2611 sinistra
534 2552 621 2613 dehet
636 2553 799 2632 repellere:
817 2554 917 2613 dextro
936 2571 1009 2612 vero
1023 2573 1071 2614 ou·

78 2630 167 2692 bitum
188 2650 251 2691 cum
272 2633 391 2693 humero
414 2634 565 2709 attollere,
586 2646 615 2695 et
633 2655 666 2696 os
685 2638 713 2696 in
730 2655 808 2695 sunm
824 2636 924 2695 sedem
942 2637 1071 2716 compel-

78 2715 156 2776 lere:
176 2716 347 2796 iuciliusque
363 2717 390 2776 id
407 2719 435 2776 in
449 2717 506 2778 hoc
522 2737 609 2794 cusu,
635 2738 719 2799 quam
739 2720 882 2798 inpriore
904 2721 1070 2780 revertitur.

76 2799 219 2879 Reposito
241 2799 376 2875 humero,
402 2801 465 2860 lana
487 2801 550 2862 alec
567 2802 746 2878 subjicienda
763 2813 821 2871 est;
844 2806 868 2862 si
884 2803 911 2860 in
927 2804 1105 2862 interioreso
1128 2799 1132 2808 '

77 2893 160 2963 purte
179 2901 212 2943 os
229 2885 296 2959 iuit,
319 2894 349 2943 ut
371 2886 397 2943 ei
414 2895 593 2962 opponatur;
615 2888 639 2945 si
654 2888 682 2944 in
697 2888 811 2964 priore,
830 2896 860 2945 ut
880 2896 976 2945 tumen
992 2903 1069 2946 com-

76 2969 189 3028 modius
207 2967 359 3045 deligetur.
382 2967 452 3027 'l'um
470 2968 571 3045 inscie,
589 2971 708 3047 primum
729 2970 782 3029 sul)
801 2970 846 3030 ula
860 2968 1008 3046 obvoluta,
1022 2988 1068 3029 cu·

76 3060 127 3129 put
143 3053 204 3127 ejus
222 3051 309 3110 debet
323 3050 583 3128 comprehendere,
593 3052 695 3113 deinde
710 3071 763 3132 per
778 3063 878 3132 pectus
897 3053 931 3111 ud
948 3051 1069 3112 alterum

76 3135 164 3211 ulum,
187 3134 222 3193 alt
238 3153 330 3215 euque
348 3134 383 3193 ud
405 3135 559 3212 scopulos,
584 3155 741 3216 rursusque
757 3136 793 3196 ud
811 3135 940 3211 ejusdem
957 3135 1069 3194 humeri

77 3225 162 3295 ceput
174 3218 311 3293 tendere,
331 3220 505 3296 saepiusque
528 3220 629 3279 eudem
651 3222 762 3280 rutione
777 3220 931 3294 circumagi
939 3263 949 3293 ,
972 3217 1103 3277 donecos

75 3299 151 3360 bene
172 3300 199 3359 id
227 3309 332 3362 tenent.
364 3300 502 3378 Vinctus,
526 3302 580 3362 lruc
605 3304 716 3363 ratione
737 3301 871 3362 humerus
889 3303 1069 3362 commodius

77 3386 253 3461 continetur,
287 3387 311 3443 si
336 3382 474 3445 udductus
494 3385 529 3444 ud
549 3385 641 3463 lutus,
671 3386 706 3446 ud
727 3382 756 3443 id
774 3403 890 3465 quoque
911 3385 1003 3444 inscie
1017 3385 1066 3444 de·

77 3467 192 3545 ligatur.
