2414 3924
359 209 407 255 mo
430 208 492 255 nne
514 208 645 256 uirum
669 207 744 266 cnr.
761 208 848 255 xvn.
1041 194 1081 258 31

115 356 201 428 partu
224 355 253 408 et
274 353 370 408 morte
392 348 554 408 delinitum.
592 363 684 424 quare
699 348 749 424 qui
771 363 864 408 annos
877 348 999 424 triginta
1019 364 1082 408 sae·

115 431 213 494 culum
230 439 371 512 putarunt
386 431 512 493 multum
528 431 662 492 videntur
684 448 808 492 errasse.
841 430 899 491 hoc
914 430 992 491 enim
1009 437 1082 491 tcm-

114 537 171 599 pus
187 535 301 594 genean
316 519 416 577 vocari
431 515 598 577 Heraclitus
613 522 716 576 auctor
732 522 783 588 est,
801 517 868 594 quia
884 515 964 576 orbis
980 515 1083 576 aetatis

113 607 145 664 in
162 622 197 662 eo
213 603 251 663 sit
265 603 368 680 spatio.
406 601 510 662 orbem
526 608 624 662 antem
639 607 724 660 vocat
745 602 862 676 aetatis,
890 599 961 661 dum
977 606 1083 661 natura

79 696 95 745 5
114 686 151 748 ab
168 686 293 748 sementi
309 687 437 747 hnmana
458 687 494 746 ad
511 686 666 746 sementim
686 685 855 746 revertitur.
891 683 949 744 hoc
964 685 1082 764 quidem

114 790 226 851 geneas
240 780 366 849 tempus
393 770 441 830 alii
464 769 548 831 aliter
568 769 756 831 definierunt.
802 769 968 831 Herodicus
981 772 1083 831 annos

114 857 245 934 quinque
272 865 302 916 et
328 856 429 932 viginti
455 854 640 915 scribitdici
667 871 797 931 genean,
827 855 928 915 Zenon
953 855 1081 932 triginta.

114 940 265 1002 saeculum
282 948 381 1000 autem
397 941 471 1014 autu
484 941 534 1008 sit,
552 956 645 1018 usque
661 939 758 999 adhuc
774 938 903 999 arbitror
919 937 956 998 ad
972 937 1080 1000 subtile
1099 949 1116 997 3

115 1026 315 1086 examinatum
336 1043 396 1084 non
418 1042 492 1085 esse.
530 1031 635 1102 poetae
651 1023 768 1102 quidem
785 1023 877 1084 multa
897 1022 1082 1084 incredibilia

64 1118 96 1166 10
115 1111 315 1188 scripserunt,
346 1126 402 1169 nec
417 1110 515 1169 minus
536 1108 669 1168 historici
684 1107 806 1177 Graeci,
839 1108 971 1186 quamvis
992 1125 1043 1167 eos
1065 1125 1082 1166 a

115 1211 184 1254 vero
205 1211 260 1271 par
281 1192 417 1253 nonfuit
438 1193 596 1262 decedere;
633 1199 666 1252 ut
685 1191 866 1264 Herodotus,
895 1192 973 1269 apud
994 1200 1083 1271 quem

113 1278 239 1356 legimus
267 1277 489 1356 Arganthonion
519 1278 737 1352 Tartessiorum
772 1293 874 1354 regem
903 1283 1022 1338 centurn
1054 1285 1083 1338 et

115 1363 326 1441 quinquaginta
342 1380 489 1423 annorum
503 1362 609 1432 luisse,
626 1369 675 1422 aut
689 1361 842 1439 Ephorus,
859 1361 908 1439 qui
924 1360 1014 1421 tradit
1027 1365 1082 1423 Ar·

115 1445 203 1506 cadas
224 1447 324 1508 dicere
346 1447 423 1525 apud
439 1466 471 1508 se
486 1465 573 1524 reges
588 1448 725 1525 antiquos
745 1445 856 1523 aliquot
877 1445 912 1506 ad
934 1452 1082 1507 trecentos

65 1535 97 1585 15
115 1531 221 1591 vixisse
249 1549 351 1592 annos.
398 1550 501 1592 rernm
522 1532 596 1591 haec
623 1538 656 1590 ut
675 1528 809 1591 sabulosa
829 1537 999 1608 praetereo:
1030 1531 1117 1591 sed4

105 1617 192 1676 inter
214 1617 295 1694 ipsos
317 1613 497 1692 astrologos,
521 1617 571 1693 qui
591 1616 622 1673 in
638 1612 788 1675 stellarum
805 1616 1018 1693 signorumque
1033 1632 1081 1676 ra·

114 1700 196 1759 tione
213 1716 315 1760 verum
330 1705 509 1766 scrutantur,
528 1715 716 1776 nequaquam
732 1699 818 1758 etiam
835 1701 981 1760 convenit.
1013 1698 1082 1778 Epi·

114 1799 207 1859 genes
227 1784 257 1840 in
273 1788 392 1840 centurn
408 1780 564 1842 duodecim
587 1782 672 1841 annis
687 1780 891 1859 longissimam
907 1785 994 1846 vitam
1011 1801 1081 1845 con·

112 1867 220 1934 stituit,
251 1864 380 1925 Berosus
403 1872 502 1926 autem
523 1871 645 1926 centnm
663 1866 807 1926 sedecim:
846 1866 894 1928 alii
910 1868 947 1928 ad
963 1878 1082 1929 centnm

65 1957 95 2005 20
112 1951 214 2028 viginti
234 1967 327 2009 annos
343 1949 466 2026 produci
481 1967 583 2029 posse,
605 1950 726 2029 quidam
747 1953 833 2012 etiam
849 1950 925 2012 ultra
948 1952 1082 2013 credide·

113 2041 192 2096 runt.
236 2035 357 2095 luerunt
378 2036 429 2112 qui
450 2052 509 2095 non
534 2035 613 2095 idem
634 2042 773 2114 putarent
794 2035 903 2113 ubique
924 2035 1080 2099 observan-

113 2119 198 2186 dum,
222 2119 272 2179 sed
294 2121 374 2179 varie
389 2137 443 2197 per
465 2119 594 2180 diversas
616 2121 768 2197 regiones,
790 2137 844 2198 pro
861 2129 894 2180 ut
913 2123 943 2180 in
959 2121 1082 2197 singulis

113 2206 151 2263 sit
174 2202 248 2263 caeli
270 2202 306 2263 ad
328 2202 473 2285 circulum
492 2204 641 2264 finitorem
663 2204 830 2275 inclinatio,
861 2205 941 2282 quod
961 2212 1081 2266 vocatur

115 2287 210 2348 clima.

65 2376 97 2426 25
180 2371 238 2432 Sed
254 2372 323 2432 licet
337 2374 444 2433 veritas
458 2373 491 2432 iu
506 2371 634 2433 obscuro
649 2372 752 2441 lateat,
775 2373 919 2433 tamenin
935 2390 992 2433 una
1008 2392 1080 2452 qua·
1098 2381 1115 2431 5

114 2475 172 2535 quo
199 2457 314 2516 civitate
342 2474 416 2536 quae
439 2458 499 2517 sint
525 2455 669 2518 naturalia
696 2458 828 2529 saecula,
851 2456 972 2518 rituales
992 2457 1081 2518 lltru-

114 2558 233 2600 socrum
249 2539 320 2600 libri
333 2541 468 2601 ridentur
481 2541 599 2610 docere,
616 2542 646 2600 in
662 2543 728 2620 quis
743 2544 887 2619 scriptum
903 2560 968 2602 esse
986 2542 1080 2604 fertur

113 2625 196 2684 initia
218 2626 259 2685 sic
274 2626 346 2702 poni
361 2621 556 2685 saeculorum.
592 2641 651 2702 quo
668 2624 715 2688 die
729 2625 820 2687 nrbes
839 2627 935 2704 adque
951 2627 1082 2687 civitates

114 2710 381 2778 constituerentur,
408 2709 445 2769 de
467 2708 513 2768 bis
533 2710 584 2787 qui
605 2726 639 2769 eo
661 2709 708 2770 die
730 2713 791 2771 nati
817 2718 916 2772 essent
943 2729 1010 2771 eum
1032 2713 1081 2788 qui

181 2948 205 2996 3.
220 2943 321 3007 γενεὰν
334 2948 413 3010 vulco,
427 2948 486 2995 item
494 2945 604 3009 posticae
615 2947 715 3007 γενεὰ(
727 2953 753 2995 et
764 2943 865 3006 γενεάν
933 2945 958 2996 4.
971 2958 1080 2994 uocaur

112 3012 169 3062 DV
182 3028 251 3063 corr.
264 3012 441 3063 Lachmannuc
509 3016 533 3064 5.
548 3013 583 3063 cb
596 3013 714 3063 sementi
725 3013 850 3074 Halmius,
865 3010 898 3061 ab
911 3024 1033 3063 semerom
1045 3012 1080 3075 D,

111 3095 160 3132 om.
183 3079 209 3127 V
275 3084 426 3130 sementem
448 3081 474 3129 V
540 3083 565 3130 7.
584 3081 760 3145 antecursll
828 3081 853 3130 8.
873 3078 938 3142 quid
956 3095 1001 3129 ora.
1020 3080 1046 3128 D

112 3149 137 3199 9.
157 3148 315 3197 exanimatis
337 3147 362 3196 V
429 3149 470 3198 10.
490 3161 676 3197 scnrusosuur
694 3149 720 3196 Ι)
789 3143 851 3209 eos]
871 3160 904 3196 eo
922 3147 960 3210 D,
984 3162 1031 3197 em.
1056 3146 1082 3194 V

113 3216 155 3268 12.
174 3215 397 3278 arganthonnion
419 3215 447 3265 V
511 3223 709 3266 tarcessronum
730 3213 784 3277 (ter
796 3211 900 3277 iuras.)
918 3214 952 3273 D,
971 3217 1077 3263 tarces-

113 3281 188 3332 siorr’a
210 3283 238 3331 V
303 3286 344 3336 13.
365 3283 462 3346 quinta
478 3282 510 3344 V,
530 3299 598 3334 corr.
611 3300 642 3334 m.
654 3298 707 3333 rec.
761 3282 847 3332 luisse
866 3281 1034 3346 antephorus
1055 3279 1084 3329 V

113 3350 254 3400 auchubas
273 3351 331 3399 DV
396 3351 436 3400 14.
456 3365 527 3415 apur
546 3353 570 3400 D
640 3348 798 3414 turquoto
867 3349 1000 3399 tricentos
1022 3345 1051 3396 V

113 3419 155 3470 17.
176 3433 334 3485 eproenasm
347 3419 379 3474 D,
399 3433 538 3483 epygenes
550 3420 579 3467 in
596 3418 622 3468 V
687 3420 728 3467 20.
748 3431 857 3483 crocum
875 3417 900 3465 D
968 3417 1047 3469 22.·u

112 3499 175 3534 stae
192 3487 218 3534 Ι)
286 3488 328 3538 26.
346 3485 440 3536 secula
463 3486 489 3534 V
554 3486 596 3536 28.
616 3489 699 3550 atquo
720 3486 746 3536 V
