2416 3936
409 228 478 276 ΜΒ.
497 228 571 275 νιιι.
590 229 664 276 ose.
684 229 832 276 v11.v111.
1044 218 1103 280 3411

119 403 202 446 unum
218 395 246 443 et
259 385 426 445 vicesimum
441 382 516 441 diem
532 392 686 444 sanescunt
699 383 831 459 maxilla,
847 384 950 461 malae,
962 382 1105 461 jugulum,

119 478 239 548 pestus,
263 469 349 528 latum
365 485 399 527 os
418 465 616 543 scapularum,
646 475 755 543 costae,
784 468 878 545 spina,
910 484 1046 528 coxarum
1061 484 1106 544 os,

118 553 179 628 tali,
197 552 271 628 calx,
290 569 399 626 manus,
414 548 524 629 planta:
545 551 619 608 inter
629 550 795 609 vicesimum
807 560 835 610 et
850 553 1026 611 tricesimum
1042 567 1105 610 oru-

117 654 159 712 ra,
175 635 350 712 braobiaque
367 634 421 713 (ol.
437 633 467 707 8,
485 633 572 713 θὴς
595 633 669 692 inter
684 635 834 710 septimum
851 644 879 693 et
894 637 1061 694 uicesimum
1076 643 1106 693 et

91 747 103 784 s
118 719 364 798 quadragesimum
382 717 490 776 humeri
506 726 535 776 et
548 717 664 776 lernina.
694 717 753 776 Sed
769 717 805 777 de
819 719 935 777 maxilla
949 716 1019 778 illud
1035 735 1104 796 quo·

118 822 173 883 que
194 802 385 879 adjiciendum
408 810 468 877 est,
491 801 568 878 quod
589 801 718 860 humidos
741 801 822 861 oibus
844 802 890 862 diu
917 801 1105 862 assumendus

117 898 178 949 est:
195 897 281 965 otque
296 888 396 960 etiam,
414 901 497 962 quum
513 893 625 963 tempus
647 886 806 962 prooessit,
828 887 856 944 in
877 886 983 962 lagano
1008 885 1103 944 simili-

117 972 227 1048 busque
243 971 305 1030 aliis
321 967 564 1048 perseverandum
579 978 638 1043 est,
654 965 747 1028 doneo
764 987 802 1027 en
814 978 875 1029 toto
887 968 1032 1030 maxillam
1046 966 1104 1026 oal-

117 1054 162 1114 lus
183 1055 307 1113 firmarit.
338 1053 482 1131 Itemque,
504 1053 601 1128 utique
625 1053 723 1130 primis
744 1051 862 1131 diebos,
885 1052 1046 1113 babendum
1068 1052 1104 1110 si-

82 1138 242 1197 tulentinm.
1069 1170 1071 1174 ι

442 1386 623 1447 CAPUT
657 1386 777 1447 VIII.

481 1506 517 1554 De
532 1505 626 1570 jugulo
645 1503 732 1553 fracto.

179 1658 207 1715 1.
229 1656 363 1733 Jugulum
377 1672 465 1729 vero,
488 1657 511 1712 si
526 1662 720 1715 transversum
741 1657 862 1715 fractum
882 1665 942 1733 est,
966 1673 1102 1717 nonnum·

115 1759 198 1821 quam
214 1757 266 1817 per
285 1757 316 1797 se
332 1758 431 1797 rursus
446 1747 526 1797 reote
542 1741 616 1813 ooit,
633 1747 677 1815 et,
694 1740 747 1797 nisi
761 1749 907 1814 movetur,
930 1740 1024 1799 sanari
1040 1741 1103 1800 sine

81 1825 244 1885 isviootura
265 1830 377 1899 potest:
401 1837 610 1898 nonnumquam
626 1837 715 1898 vero,
736 1825 915 1901 maximeque
930 1821 979 1882 ubi
995 1832 1102 1884 motum

115 1915 175 1979 est,
191 1904 328 1972 elabitur;
344 1904 464 1981 fereque
479 1903 528 1979 td,
544 1903 651 1983 quoda
667 1915 787 1984 pectore
804 1915 859 1982 est,
875 1907 1009 1985 superid,
1025 1907 1103 1986 quod

114 1988 149 2048 ab
164 1987 283 2047 humero
304 1996 365 2063 est,
381 1990 408 2046 in
423 1991 617 2066 posteriorem
630 1998 741 2066 partem
755 1989 907 2050 inclinatur
930 1989 1032 2069 (Hipp.
1055 1989 1103 2050 De

114 2071 234 2145 (Νέας
253 2073 306 2149 14)
323 2069 359 2150 ¹).
396 2069 485 2145 cujus
504 2090 537 2131 ea
555 2074 628 2131 ratio
648 2081 707 2148 est,
726 2073 803 2151 quod
820 2092 873 2152 per
889 2091 921 2132 se
933 2091 991 2132 non
1004 2091 1100 2132 move·

113 2168 171 2231 tur,
188 2154 239 2214 sed
258 2173 321 2214 oum
337 2154 447 2215 humeri
462 2164 539 2215 motu
557 2158 715 2223 consentit3
738 2158 843 2234 itaque,
859 2174 895 2217 eo
913 2156 1100 2232 subsistente,

78 2264 104 2304 ao
115 2239 192 2300 subit
215 2239 349 2298 humerus
370 2239 506 2314 agitatus.
560 2240 638 2299 Raro
662 2258 733 2300 vero
753 2240 904 2300 admodum
923 2242 952 2299 in
974 2242 1101 2319 priorem

112 2333 223 2402 partem
241 2323 371 2400 jugulum
393 2324 544 2382 inclinatur
555 2323 598 2402 ¹);
638 2323 710 2383 adeo
739 2333 768 2382 ut
793 2324 888 2401 magni
913 2322 1101 2401 professores

113 2426 261 2485 numquam
276 2425 308 2465 se
326 2406 432 2466 uldisse
445 2409 599 2466 memoriae
618 2407 784 2467 mandarint.
819 2407 878 2467 Sed
898 2407 1032 2486 locuples
1058 2417 1099 2467 ta·

112 2510 176 2549 men
191 2492 254 2565 ejus
268 2492 310 2548 rei
328 2500 429 2549 auctor
446 2489 638 2568 Hippocrates
655 2500 699 2549 est
715 2489 778 2569 (De
792 2492 881 2552 artt'c.
898 2492 919 2566 §
938 2493 1002 2568 15).
1040 2492 1099 2552 Ve-

112 2591 190 2648 rum,
207 2583 235 2632 ut
247 2573 392 2632 dissimilis
408 2584 528 2651 uterque
551 2572 635 2632 casus
656 2583 718 2650 est,
740 2578 782 2634 sio
798 2574 937 2655 quaedam
952 2574 1100 2636 dissimilia

76 2678 101 2716 ιι
111 2659 238 2734 requirit.
269 2655 324 2716 Ubi
344 2656 379 2716 ad
393 2658 526 2736 scapulas
538 2654 669 2734 jugulum
684 2657 789 2736 tendit,
807 2657 888 2718 simul
904 2659 1005 2720 dextra
1016 2677 1099 2718 manu

112 2740 196 2816 plana
214 2739 423 2816 propellendus
440 2744 467 2799 in
482 2743 676 2818 posteriorem
696 2751 808 2820 partem
832 2741 965 2801 bumerus
989 2751 1048 2818 est,
1071 2751 1101 2801 et

111 2822 179 2881 illud
195 2826 223 2880 in
241 2824 366 2899 priorem
383 2822 587 2883 attrahendum.
620 2825 676 2884 Ubi
691 2825 726 2884 ad
742 2835 845 2904 peetus
860 2842 1032 2884 conversum
1045 2833 1098 2900 est,

110 2909 201 2984 ipsum
221 2906 334 2982 quidem
350 2916 428 2966 retro
445 2906 576 2982 dandum,
596 2907 728 2968 bumerus
745 2920 838 2968 autem
856 2911 883 2966 in
897 2910 1023 2984 priorem
1035 2925 1098 2985 par-

180 3138 204 3215 ξ)
223 3130 263 3186 Ti
277 3131 328 3201 μὲν
343 3129 401 3214 ἀπρ
419 3128 752 3217 rodoqrp'dfoemeqoudo
770 3125 865 3187 ὅστέον
882 3131 911 3216 ἐς
927 3133 963 3216 τὸ,
977 3125 1035 3186 ἅνω
1053 3131 1094 3201 με’-

111 3219 158 3321 ρῖς
176 3200 339 3326 υπεὲέχειῖιἑ
358 3199 442 3339 galil
460 3219 518 3254 orto
536 3220 586 3269 της
603 3204 764 3270 ακρωμίης.
780 3241 806 3257 ..
826 3196 856 3255 ἐν
872 3222 909 3273 τῳ
927 3221 1002 3255 uarro
1022 3202 1097 3269 μέρει

109 3287 203 3406 wag)
225 3292 388 3391 Τῖαέὲιοῗπὸ
406 3311 456 3407 vais
474 3334 617 3409 ἄκρωμίης
636 3333 733 3393 ὀστέον
755 3333 901 3408 ὑπερέχειν
923 3340 971 3392 καὶ
989 3330 1100 3406 ἐποχέε-

108 3410 178 3460 σθαι
196 3402 242 3461 ἐπὶ
257 3409 307 3459 τοῦ
322 3401 423 3476 ἑτέρου.
436 3411 502 3463 Ibid.
511 3413 564 3463 lloo
579 3415 714 3478 capitulum
732 3421 775 3463 aut
789 3412 855 3463 male
871 3429 903 3463 ex
920 3412 1071 3479 Hippocrate
1084 3424 1100 3460 a

106 3478 179 3529 Celso
196 3489 350 3544 excerptum,
367 3489 410 3530 aut
425 3482 509 3546 inepte
527 3497 541 3531 a
559 3482 659 3531 librario
679 3481 854 3548 depravatum.
