2414 3924
404 241 608 290 moltonnum
628 241 777 292 emulos.
1036 243 1107 292 XLV

71 398 170 477 perte)
189 403 287 474 legere
303 402 455 458 maluerim.
541 393 626 471 *330‚
639 409 734 461 9-10
752 401 801 457 Sin
819 405 908 456 uuum
926 401 1047 472 ueprities
1066 408 1109 458 ert

69 492 123 543 aas
140 489 167 542 si
182 488 273 541 certes
292 486 331 539 ud
350 486 466 540 alteram
486 500 591 556 quoque
606 491 718 556 purtem
808 485 902 541 excidi
920 482 1015 555 [aune
1035 485 1104 540 idem

70 585 178 642 quoque
197 572 225 625 iu
246 572 323 625 cerie
342 570 382 623 ed
399 570 515 624 alterum
529 574 640 639 purtem
660 571 728 625 ossis
743 571 905 641 penetrante
917 569 982 639 fieri
991 571 1104 642 potest]‚

71 655 174 724 larga.
184 683 227 695 —
240 654 348 709 Voces:
365 657 416 706 eut
426 654 452 707 si
465 654 556 707 caries
573 659 627 707 oet.
643 652 772 708 videntur
787 670 802 708 e
821 653 944 724 margine
960 654 987 709 in
1000 660 1103 709 textum

71 737 239 810 irrepsisse,
266 743 294 792 et
314 738 405 792 denuo
432 736 608 791 occasionem
632 737 796 808 praebuisse
820 753 909 793 novas
931 737 1104 794 adnotationi

69 836 144 891 qnae
167 820 247 876 nucis
270 820 427 875 includitur.
469 819 565 875 Celsus
588 820 623 874 de
642 821 719 874 curie
735 820 792 890 jam
813 822 922 877 locutus
944 827 1021 890 erat,
1052 838 1105 878 nec

71 920 144 975 opus
164 909 225 959 erat
248 904 284 960 ed
307 919 367 958 eom
389 904 502 959 roverti.
589 896 671 971 *331‚
687 909 789 964 18-19
810 905 864 960 Vise
880 920 1001 976 uuquam
1017 907 1103 976 m'gri-
1125 923 1127 927 ’

69 989 134 1050 ties.
156 989 246 1042 curies
260 1001 344 1058 saepe
357 991 437 1041 totum
453 1000 483 1040 os
492 988 663 1057 perrumpit,
677 985 777 1057 Terga.
794 1016 838 1028 -
860 989 914 1044 Vix
926 1003 1046 1060 unquam
1061 991 1103 1044 ni·

66 1071 164 1141 pridies
177 1073 311 1143 inuprum
325 1071 416 1125 curies
432 1084 487 1140 per
500 1075 584 1125 lotum
598 1085 629 1124 os
640 1073 799 1142 perrumpit
814 1071 897 1127 codd.
914 1076 943 1126 et
957 1071 1019 1126 edd.
1051 1073 1103 1128 Lo·

70 1169 121 1208 eus
142 1154 296 1210 alibrariis
314 1154 491 1225 depravatus.
529 1153 644 1222 Celsus,
663 1153 690 1208 ni
707 1154 805 1224 fallor,
821 1155 948 1227 scripsit:
980 1155 1034 1210 Vite
1048 1171 1102 1210 uu·

66 1253 153 1309 quom
172 1239 305 1309 nigrities,
328 1238 463 1292 interdum
484 1239 587 1302 caries,
613 1243 694 1292 totum
715 1253 747 1293 os
764 1241 928 1310 permmpit.
960 1238 1023 1294 Vox
1035 1241 1101 1294 uete-

66 1337 150 1393 grum
164 1320 230 1377 loco
245 1321 379 1376 interdum
396 1337 431 1374 ex
451 1321 630 1392 praecedenti
648 1322 770 1378 membro
786 1323 939 1378 oscitanter
955 1339 969 1378 n
985 1322 1102 1379 librario

68 1405 190 1475 repetita
207 1411 259 1460 est.
286 1419 342 1475 per
355 1420 404 1460 seu
420 1404 558 1473 glossema
574 1411 633 1474 est,
651 1405 713 1460 sive
727 1405 821 1476 potius
837 1405 998 1477 provenite
1014 1407 1101 1462 verbo

62 1489 224 1558 perrumpit
243 1493 459 1559 praeoccupato.
556 1494 624 1557 331,
639 1494 672 1546 25
693 1488 723 1543 tul
741 1503 847 1560 quoque
864 1487 964 1560 [sapui]
982 1491 1101 1560 specillo,
1175 1516 1178 1522 ·

68 1571 171 1641 Terga.
186 1597 229 1613 ·-
244 1572 307 1626 Vox
320 1572 393 1642 signi
406 1587 442 1625 ex
456 1571 637 1641 glossemate.
664 1571 768 1627 Seltonr
784 1572 924 1643 interpres
941 1574 1018 1644 se'geo
1037 1588 1100 1644 spe-

67 1653 125 1708 cills'
145 1653 271 1709 scribere
290 1654 419 1711 debebat.
503 1661 565 1723 332,
580 1662 596 1712 2
617 1655 863 1726 suspendendaque
877 1671 975 1710 munus
989 1658 1100 1712 ciramea

67 1742 122 1803 est,
146 1737 235 1807 Targa
257 1753 316 1792 oum
334 1738 404 1794 lled.
420 1738 609 1807 1,vm.v111.
627 1767 670 1778 -
690 1739 751 1809 Ego
773 1754 841 1793 voro
861 1739 962 1810 scripsi
984 1753 1100 1809 suspeu-

67 1820 212 1892 denduque
237 1824 325 1892 magis
349 1822 463 1876 sinistre
483 1837 581 1876 munus
603 1827 655 1892 est,
687 1839 746 1877 cum
768 1822 869 1877 ceteris
891 1821 973 1877 codd.
989 1826 1018 1876 et
1035 1823 1098 1878 edd.

68 1905 216 1975 'largaque
237 1904 300 1975 ipso
322 1905 350 1960 in
373 1905 417 1960 ed.
441 1905 533 1961 Peter.
555 1910 632 1964 1815.
731 1909 798 1975 332,
815 1911 846 1964 31
869 1904 982 1974 expellit
998 1902 1101 1976 [euque

66 1988 131 2059 fere
143 1990 207 2057 quie
222 1993 289 2042 testu
303 1990 390 2044 tenetis
405 1994 431 2042 et
444 1996 560 2059 anguste
577 1996 617 2044 est
630 1983 727 2059 λεπίς,
742 1988 771 2043 id
783 1995 821 2042 est
833 2004 965 2060 squama,
985 1987 1100 2043 Graecis

67 2072 246 2141 nominetur]‚
263 2071 362 2143 Targa.
377 2102 419 2112 -
436 2073 584 2128 llenrbrum
601 2072 679 2127 uncis
696 2072 831 2128 inclusum
846 2071 1040 2143 interpretatio
1057 2078 1100 2128 est

68 2155 186 2222 alicuius
201 2155 299 2224 scioli,
319 2157 382 2211 loeo
400 2172 451 2229 suo
467 2162 553 2220 mota;
578 2173 632 2212 vox
647 2156 719 2210 enim
736 2151 817 2222 λεπίς
839 2172 893 2212 non
914 2156 950 2211 ad
965 2171 1100 2211 ceruncn·

67 2240 132 2306 lam,
146 2238 196 2292 sed
212 2239 246 2292 ad
263 2253 296 2296 os
313 2239 414 2294 reterri
433 2245 539 2310 potest;
559 2241 631 2296 haud
650 2239 733 2294 dubie
749 2241 853 2311 scripta
869 2239 919 2294 luit
930 2240 1000 2295 haec
1011 2238 1098 2295 inter-

67 2320 190 2392 prelatio
206 2327 316 2376 contra:
342 2337 372 2377 os
387 2322 514 2377 adustum
530 2330 593 2392 etc,
616 2323 635 2378 l.
651 2329 694 2382 29.
780 2329 841 2393 333,
857 2332 873 2383 5
890 2337 1029 2399 percusse
1049 2327 1097 2390 est,

68 2404 167 2474 Targa.
175 2433 217 2444 —
227 2405 346 2460 Verbum
359 2413 399 2460 est
409 2406 536 2460 omittunt
547 2407 626 2461 codd.
636 2423 745 2462 omnes:
761 2423 831 2478 queo
843 2407 928 2462 lectio
940 2425 1011 2463 nunc
1021 2413 1098 2462 anto-

67 2489 194 2558 pouenda
211 2487 276 2542 rnihi
288 2489 407 2544 videtur.
418 2517 455 2527 -
474 2490 540 2544 Item
551 2495 591 2543 est
603 2497 669 2562 post
680 2489 775 2560 fronte
791 2507 818 2561 p·
831 2496 892 2560 323,
903 2496 920 2550 9
931 2508 947 2546 a
959 2490 1099 2549 eadnote

69 2572 156 2626 abest.
219 2564 301 2640 *335,
316 2578 347 2630 12
360 2571 456 2627 No‘uue
468 2574 553 2628 verbe
568 2589 672 2628 curere
685 2589 770 2646 usque
786 2590 821 2629 ox
831 2575 1000 2645 glossemate
1016 2565 1098 2630 sunt?

109 2660 196 2724 336‚9
212 2654 280 2709 stitit
294 2656 381 2710 latens
394 2657 422 2709 in
440 2671 470 2710 eo
485 2658 553 2710 ossis
565 2672 632 2712 euro
649 2664 700 2725 est,
716 2659 815 2729 Targa.
834 2687 872 2697 -
890 2656 958 2712 nitu
971 2658 1026 2713 lete
1039 2658 1099 2712 sine

65 2752 127 2791 osse
139 2754 236 2793 eucum
250 2744 291 2792 est
304 2740 385 2795 eodd.
401 2739 470 2794 lllsd.
484 2740 505 2807 1,
518 2740 580 2796 Vat.
589 2740 659 2795 Vlll.
687 2741 823 2797 Goochins
840 2757 937 2798 novam
948 2742 1098 2797 lectionem

66 2822 215 2892 proposuit
226 2838 304 2892 quarn
316 2823 426 2894 recepi;
446 2822 576 2892 fortasse,
591 2830 621 2877 ut
636 2825 723 2879 minus
741 2826 774 2880 ab
794 2826 905 2897 optimis
924 2825 1004 2881 codd.
1017 2840 1097 2880 reee-

67 2905 171 2973 derem‚
182 2905 283 2960 tollere
296 2905 429 2961 debebam
442 2921 482 2960 eo.
545 2912 649 2975 337‚30
659 2907 977 2979 euque[eurne‘],Targa,
988 2908 1034 2979 qui
1047 2923 1097 2964 no-

66 2992 106 3041 tat
118 3004 215 3042 vocem
226 2991 321 3042 cornis
338 3006 374 3044 ex
385 2991 553 3059 glossemate
564 2990 591 3044 in
604 2995 706 3044 textum
719 2997 859 3063 receptam
872 2992 968 3047 inisse.
1034 2996 1096 3059 338,

65 3076 100 3128 34
114 3070 196 3126 nitito
216 3074 305 3125 miuus
324 3070 539 3143 [extrinsecus],
558 3072 656 3142 Targa.
674 3102 716 3111 -
737 3072 905 3130 Aduerbium
926 3077 1098 3129 extrinsecum

67 3149 180 3225 (saltem
199 3156 375 3211 scribendum
391 3164 451 3211 erat
465 3158 628 3211 intrimeeus
647 3156 763 3226 jubente
783 3155 931 3232 lindenio)
950 3171 1096 3229 perperam

66 3239 211 3308 repetitum
230 3245 273 3294 est
294 3255 309 3293 e
329 3240 447 3310 periodo
462 3239 600 3311 sequenti.
693 3246 754 3311 339,
769 3245 872 3300 29-30
883 3242 982 3312 primis
997 3246 1096 3308 tempo·

65 3321 155 3392 eidus,
177 3322 276 3392 Targa.
298 3353 341 3363 -
366 3325 454 3395 primi
478 3325 606 3395 temporis
629 3341 643 3378 e
663 3324 744 3378 codd.
767 3330 794 3379 et
818 3324 881 3378 edd.
907 3324 991 3393 antiq.
1013 3336 1096 3376 revo-

65 3404 136 3459 cavi.
221 3400 344 3476 *341,3
367 3409 530 3462 tricesimum
542 3407 652 3479 [diem]‚
670 3408 775 3478 Targa,
793 3407 839 3479 qui
857 3423 909 3478 pro
926 3409 1095 3477 glossemate

64 3489 148 3544 habet
164 3504 260 3544 vocem
275 3488 353 3544 dum.
392 3490 468 3546 llarm
483 3507 579 3548 vocem
595 3499 660 3563 post
678 3493 915 3564 quadragesimum
932 3487 964 3560 (l.
982 3486 1011 3550 tl
1029 3488 1093 3544 cod.
