2414 3924
79 182 137 244 176
370 194 403 241 A.
420 191 451 241 c.
469 189 779 242 summasunmna

76 371 108 432 p.
121 351 177 431 )·(.
195 362 240 408 vt.
258 366 344 408 cerae
360 366 388 426 p.
403 347 460 428 )·(.
476 361 548 406 vna.
566 345 811 425 spumaeargenti
827 362 855 423 p.
872 343 931 425 )·(.
949 357 1070 406 xxxvl.

77 437 136 497 olei
150 434 259 493 veteris
275 432 425 492 heminam.

139 516 189 577 22.
217 516 288 575 Item
304 515 347 591 id,
375 515 452 594 quod
469 534 505 575 ex
521 515 566 574 his
584 520 712 573 constat:
735 529 870 591 squamae
886 513 981 589 aeris,
1003 513 1072 573 turis

77 603 220 680 loliginis,
252 600 428 676 singulorum
453 619 481 678 p.
504 601 560 678 )-(.
582 611 627 658 tv.
656 596 773 673 galbani
798 614 826 675 p.
850 597 976 675 )·(.v1.
1005 596 1072 657 salis

77 685 245 748 ammoniaci
271 702 299 761 p.
321 685 376 762 )-(.
398 696 458 742 ΧΠ.
484 702 509 741 z.
539 699 624 741 cerae
650 698 677 757 p.
706 679 762 759 )·(.
784 693 865 740 xxv.
896 679 957 739 olei
983 679 1091 740 tribuas

77 770 208 831 heminis.
239 767 320 826 llaec
340 775 435 825 autem
456 766 519 825 aliis
543 782 659 843 quoque
675 763 886 823 recentioribus
905 763 1073 824 vulneribus

77 863 158 914 recte
176 856 365 930 imponuntur.

140 936 190 997 23.
229 936 300 994 Sunt
324 935 408 993 etiam
431 932 497 993 alba
524 933 598 991 lenia
628 930 707 1010 (Gal.
735 929 976 1010 s.6.1‚18);
1011 931 1073 994 iere

78 1038 135 1080 non
150 1019 288 1098 gravibus
306 1016 471 1076 vulneribus
485 1015 717 1093 accommodata,
738 1015 958 1094 praecipueque
976 1016 1072 1076 senili·

78 1104 145 1164 bus:
168 1103 253 1182 quale
275 1111 319 1160 est
342 1101 419 1179 quod
439 1099 527 1160 habet
543 1116 680 1160 cerussae
695 1117 723 1177 p.
739 1097 795 1177 )·(.
813 1111 925 1158 xxxn.
948 1101 1013 1160 sevi
1033 1101 1101 1161 vi-tt

77 1187 157 1248 tuiini
172 1187 279 1261 curati,
294 1193 323 1243 et
341 1202 440 1260 cerae,
458 1183 634 1259 singulorum
650 1202 680 1262 p.
698 1182 753 1262 )·(.
771 1195 893 1242 xuvtn.
909 1182 969 1241 olei
984 1183 1073 1242 hemi·

78 1288 129 1329 nas
144 1279 220 1344 tres,
237 1268 392 1346 exquibus
410 1285 528 1326 cerussa
546 1269 688 1344 coquitur.

138 1371 188 1431 24.
211 1369 309 1447 Aliud,
327 1369 402 1448 quod
418 1369 507 1428 habet
524 1387 659 1429 cerussae
678 1387 707 1447 p.
721 1368 776 1447 )·(.
789 1381 847 1427 xx.
866 1385 953 1426 cerae
970 1386 1000 1447 p.
1015 1369 1071 1449 )·(.

78 1468 184 1515 xxxv.
207 1454 264 1513 olei
279 1453 438 1529 heminam,
462 1471 553 1530 aquae
568 1454 732 1512 sextarium.
773 1453 854 1526 Quae
870 1453 986 1530 quoties
1001 1452 1072 1528 adji-

79 1540 189 1600 ciuntur
211 1555 348 1597 cerussae
368 1536 416 1596 vel
438 1553 556 1614 spumae
578 1538 705 1613 argenti,
730 1537 806 1596 scire
826 1534 894 1594 licet
909 1535 959 1596 illa
974 1553 1012 1596 ex
1027 1536 1104 1597 hisrs

79 1622 229 1702 coquenda
245 1639 321 1680 esse.
358 1620 412 1680 Est
427 1629 521 1680 autem
537 1639 572 1679 ea
589 1620 764 1698 percandida
781 1620 970 1699 compositio,
990 1619 1072 1680 ideo·

79 1725 135 1786 qne
149 1705 331 1784 elephantine
346 1705 514 1763 nominatur.

141 1807 190 1866 25.
219 1806 307 1866 Lenia
321 1823 437 1884 quoque
453 1804 593 1884 quaedam
609 1803 765 1882 emplastra
782 1811 862 1878 sunt,
881 1819 952 1880 quas
971 1802 1073 1865 λιπα-

79 1883 138 1969 ράς
152 1890 216 1949 iere
232 1889 336 1951 Graeci
349 1891 508 1957 nominant;
531 1897 562 1948 ut
576 1888 604 1947 id
620 1886 695 1966 quod
710 1886 797 1946 habet
811 1887 888 1944 minii
904 1903 933 1963 p.
949 1887 1006 1964 )-(.
1022 1900 1070 1948 Ν.

78 1992 196 2054 spumae
213 1975 325 2050 argenti
341 1991 370 2050 p.
384 1973 438 2050 )-(.
452 1986 533 2036 xxv.
551 1990 657 2047 cerae,
674 1980 702 2030 et
724 1971 816 2048 adipis
835 1969 953 2046 suillae,
970 1972 1069 2048 singu·
1080 1988 1104 2028 ro

78 2059 170 2118 lorum
184 2076 212 2135 p.
227 2059 283 2137 )·(.
300 2070 432 2116 xxxvtt.
450 2056 566 2116 vitellos
584 2065 715 2133 quatuor.
1122 2082 1125 2090 ·

141 2157 191 2218 26.
220 2157 287 2217 Alia
313 2158 484 2234 compositio
508 2157 626 2232 generis
649 2155 792 2230 ejusdem:
827 2171 928 2230 cerac,
953 2156 1071 2214 resinae

78 2240 304 2315 terebinthinae,
326 2239 505 2315 singulorum
530 2258 558 2316 p.
574 2237 691 2316 )·(.V1.
715 2256 852 2298 cerussae
875 2256 903 2316 p.
921 2239 977 2316 )·(.
994 2251 1071 2298 vt11.

78 2341 196 2401 spumae
214 2323 342 2398 argenti,
364 2321 470 2399 plumbi
488 2324 676 2395 recrementi,
696 2322 873 2398 singulorum
891 2339 919 2399 p.
934 2321 992 2400 )·(.
1010 2336 1069 2383 xx.

79 2406 161 2464 cicini
178 2405 236 2464 olei
250 2415 279 2463 et
293 2407 393 2464 murtei
411 2405 541 2480 singulae
556 2404 695 2463 heminae.
1080 2432 1106 2470 η

138 2504 188 2563 27.
217 2505 328 2580 Tertia,
358 2522 431 2583 quae
455 2504 491 2562 ad
516 2514 663 2564 auctorem
686 2505 899 2582 Archagathum
926 2503 1069 2564 reiertur:

77 2589 151 2660 misy
167 2589 258 2663 cocti,
280 2589 355 2647 aeris
372 2587 528 2664 combusti,
550 2589 726 2665 singulorum
742 2608 769 2667 p.
786 2589 842 2668 )-(.
860 2602 904 2648 lv.
929 2605 1070 2648 cerussae

79 2679 181 2730 coctae
202 2690 230 2750 p.
247 2671 301 2749 )·(.
317 2684 390 2731 v111.
414 2672 527 2731 resinae
550 2673 758 2733 terebinthinae
779 2691 807 2750 p.
823 2674 879 2752 )·(.
894 2687 927 2732 x.
949 2690 1070 2750 spumae

78 2757 190 2830 argenti
206 2774 235 2834 p.
254 2756 310 2833 )·(.
328 2769 374 2814 vl.
395 2753 396 2756 ’

140 2851 190 2912 28.
213 2852 371 2913 Etiamnum
386 2855 503 2929 generis
519 2855 664 2930 ejusdem:
685 2873 803 2934 spumae
820 2856 949 2932 argenti,
967 2873 1065 2930 cerae,
1078 2879 1103 2921 rr

78 2936 169 3014 adipis
182 2938 299 3014 suillae,
318 2935 495 3014 singulorum
511 2958 539 3018 p.
553 2939 728 3019 )·(.xxv11.
742 2938 831 2999 vitelli
846 2941 922 2998 cocti
936 2947 1067 3017 quatuor,

77 3037 164 3080 rosae
184 3021 306 3081 hemina.
341 3021 398 3081 Aut
420 3025 509 3083 cerati
531 3042 569 3082 ex
585 3024 652 3083 oleo
671 3032 782 3083 murteo
796 3022 865 3081 iacti
881 3032 979 3100 partes
996 3031 1067 3098 tres,

77 3104 168 3182 adipis
192 3107 292 3166 suillae
317 3124 383 3186 pars
404 3117 520 3185 quarta,
550 3108 662 3185 paulum
684 3125 722 3165 ex
746 3103 853 3183 plumbi
872 3115 1065 3165 recremento.

76 3186 147 3264 Aut,
170 3208 288 3267 spumae
307 3195 418 3268 argenti
433 3191 557 3266 selibra,
580 3208 617 3248 ex
633 3188 691 3247 olei
705 3187 834 3264 hemina,
858 3198 887 3247 et
902 3207 992 3268 aquae
1008 3208 1066 3249 ma·

75 3272 154 3330 rinae
171 3273 277 3351 altera,
294 3284 395 3352 cocta,
412 3274 506 3334 donec
524 3271 628 3331 bullire
645 3269 776 3347 desierit,
795 3273 839 3330 cui
851 3273 965 3349 paulum
979 3289 1103 3334 ceraess

75 3355 111 3413 sit
123 3354 274 3430 adjectum.
297 3357 369 3430 Aut,
388 3374 474 3434 pares
485 3355 637 3432 portiones
649 3369 747 3429 cerae,
763 3357 1066 3435 sevi,stibis,spumae

75 3441 204 3515 argenti,
224 3455 369 3497 cerussae.
