2414 3924
127 203 190 266 260
422 213 455 261 Α.
470 213 500 260 o.
519 212 617 261 cnusr
632 211 827 261 nuurcmsn

128 390 185 450 qne
200 368 341 429 interdum
360 370 406 444 lit,
421 367 606 429 considerari
622 368 726 444 debet,
751 386 851 447 purum
871 385 908 426 ne
929 367 957 427 ld
972 368 1026 444 sit,
1049 365 1130 446 quod

127 454 312 535 provolutum
328 462 388 527 est,
407 471 443 512 an
457 452 577 512 humore
591 469 710 512 mucoso
727 451 938 512 circumdatum.
975 451 1006 511 Si
1025 469 1130 530 purum

128 547 189 613 ast,
206 540 235 596 in
250 555 323 616 aqua
340 535 476 596 desidere
492 536 577 595 homo
595 535 702 611 debet,
725 545 772 596 aut
797 536 889 612 salsa,
912 544 958 596 aut
982 553 1047 595 curn
1061 553 1128 594 vcr-

127 622 212 682 benis
227 622 276 681 vel
293 621 443 680 malicorio
466 621 597 679 incocta:
625 621 648 679 si
662 619 821 697 humidum,
842 621 911 680 uiuo
926 629 1043 680 austero
1060 619 1142 701 sub-3

128 706 262 767 luendum
281 713 342 780 est,
359 702 582 782 illinendumque
598 704 684 763 iaece
700 705 757 762 vini
775 704 934 763 combusta.
969 702 1027 764 Ubi
1050 713 1153 763 utros

127 789 199 850 libet
212 789 297 848 modo
312 796 439 847 curatum
455 796 508 863 est,
521 790 596 847 intus
608 788 806 865 reponendum
820 787 880 857 est:
894 785 1130 864 imponendaque

128 874 268 954 plantago
287 873 425 945 contrita,
444 870 489 930 vel
513 871 583 930 lolia
601 870 700 930 salicis
720 874 748 931 in
770 881 855 933 aceto
878 881 979 940 cocta;
1001 879 1060 930 tum
1076 870 1129 930 lin·

128 957 236 1018 teolum
249 965 279 1015 et
293 973 382 1032 super
396 954 476 1014 lana:
493 972 584 1033 eaque
597 955 751 1030 deliganda
764 965 843 1032 sunt,
860 954 991 1015 cruribus
1006 957 1083 1014 inter
1095 972 1129 1014 se

131 1041 283 1101 devinctis.

192 1127 240 1184 ll.
263 1123 364 1197 Fungo
383 1139 498 1200 quoque
514 1123 607 1181 simile
625 1122 706 1182 ulcus
721 1123 749 1181 in
766 1122 866 1182 eadem
889 1123 961 1182 sede
981 1123 1063 1199 nasci
1080 1141 1128 1182 so·
1141 1138 1164 1179 ru

27 1265 31 1272 ,
128 1207 179 1267 Ιει.
208 1206 255 1283 ld,
272 1207 295 1264 si
310 1205 401 1263 hiems
416 1215 480 1281 est,
496 1206 627 1283 egelida;
649 1208 673 1265 si
693 1207 769 1266 aliud
784 1215 913 1284 tempus,
929 1205 1035 1284 frigida
1055 1224 1131 1284 aqua

128 1289 284 1350 fovendum
300 1298 358 1348 est:
381 1289 447 1348 dein
459 1307 577 1366 squama
600 1292 676 1349 aeris
692 1291 901 1370 inspergenda,
918 1309 1064 1369 supraque
1082 1307 1130 1349 oe·

128 1381 221 1433 ratum
238 1392 275 1431 ex
290 1382 402 1432 murteo
415 1373 536 1449 iactum,
554 1376 598 1433 cui
615 1374 729 1452 paulum
740 1393 892 1452 squamae,
905 1375 1051 1451 fuliginis,
1072 1373 1130 1434 cal-

130 1457 173 1518 cis
184 1458 221 1517 sit
236 1457 389 1532 adjectum.
413 1458 444 1515 Si
460 1457 515 1516 hac
530 1459 642 1517 ratione
656 1476 713 1519 uon
728 1459 856 1538 tollitur,
873 1459 921 1519 vel
936 1458 1129 1518 medicamen-

128 1542 166 1601 tis
180 1539 459 1615 vehementioribus,
477 1541 523 1599 vel
540 1541 619 1601 lerro
639 1542 812 1602 adurendum
828 1552 882 1602 est.
1141 1558 1164 1597 ιε

467 1777 651 1840 CAPUT
678 1779 781 1837 XIX.
817 1774 820 1780 ’

448 1895 484 1942 Dc
509 1895 647 1960 digitorum
670 1893 807 1943 ulceribus.

191 2046 355 2122 Digitorum
376 2055 469 2105 autem
491 2056 591 2106 vetera
614 2045 713 2104 ulcera
736 2046 967 2106 commodissime
993 2057 1130 2108 curantur
1196 2040 1200 2055 “

131 2140 178 2192 εει
194 2130 289 2206 lycio,
312 2139 359 2188 aut
376 2148 489 2190 amurca
506 2139 607 2204 cocta,
629 2147 714 2208 quum
730 2130 858 2212 utrilibet
875 2132 968 2190 vinum
984 2132 1129 2206 adjectum

132 2223 188 2274 est.
221 2214 252 2272 ln
269 2213 369 2272 iisdem
385 2213 527 2273 recedere
543 2213 579 2271 ab
596 2231 691 2289 ungue
709 2214 863 2274 caruncula
877 2233 940 2274 cum
956 2233 1060 2292 magno
1079 2216 1164 2275 ‹to-20

130 2298 195 2357 lore
208 2298 374 2356 consuevit:
394 2288 574 2374 πτερύγιον
582 2296 685 2355 Graeci
701 2298 859 2374 appellant.
882 2297 1005 2377 Oportet
1016 2300 1130 2359 alumen

130 2379 264 2438 melinum
284 2379 434 2439 rotundum
455 2382 482 2436 in
500 2397 572 2456 aqua
588 2379 715 2457 liquare,
738 2381 832 2441 donec
850 2382 943 2441 mellis
965 2384 1129 2443 crassitudi-

131 2480 196 2521 nem
211 2461 329 2521 habeat:
346 2473 419 2533 tum,
436 2473 570 2540 quantum
585 2464 649 2536 ejus
665 2464 736 2523 aridi
756 2466 823 2541 luit,
847 2466 1019 2526 tantumdem
1034 2467 1130 2527 mellis

131 2545 298 2620 infundere,
321 2555 350 2604 et
369 2546 497 2605 rudicula
517 2548 657 2622 miscere,
681 2548 775 2608 donec
797 2550 896 2608 similis
920 2568 1008 2610 croco
1026 2551 1129 2611 colore

132 2629 193 2703 liat,
211 2646 305 2706 eoque
319 2628 444 2688 illinere.
469 2630 589 2705 Quidam
607 2632 641 2690 ad
658 2632 788 2691 eumdem
809 2652 890 2692 usum
907 2634 1075 2712 decoquere
1092 2637 1163 2693 sias

64 2711 70 2721 ‘
130 2712 188 2771 mul
205 2712 327 2788 malunt,
345 2732 430 2791 quum
448 2717 527 2792 paria
545 2715 673 2792 pondera
690 2717 820 2775 aluminis
836 2718 907 2777 aridi
924 2727 953 2777 et
968 2718 1063 2778 mellis
1079 2720 1130 2777 mi·

131 2805 277 2858 s'cuerunt.
301 2798 331 2855 Si
346 2797 401 2858 hac
418 2801 527 2858 ratione
545 2817 579 2858 ea
600 2817 657 2859 non
672 2801 858 2876 exciderunt,
877 2801 1036 2861 excidenda
1049 2812 1129 2863 sunt:

131 2881 236 2942 deinde
253 2880 333 2957 digiti
353 2882 469 2941 fovendi
488 2901 560 2961 aqua
578 2901 614 2940 ex
633 2883 785 2960 verbenis,
804 2884 1067 2963 imponendumque
1083 2905 1129 2945 su·

131 2976 186 3044 per
197 2965 433 3024 medicamentum
448 2968 486 3026 lta
500 2968 620 3026 lactum:
638 2968 786 3042 chalcitis,
801 2968 993 3046 malicorium,
1011 2987 1129 3048 squama

131 3051 208 3110 aeris
224 3051 406 3125 excipiuntur
418 3051 473 3109 irco
490 3052 588 3128 pingui
604 3050 709 3111 leniter
722 3061 805 3112 cocta
821 3071 857 3111 cx
870 3052 972 3123 melle;
987 3063 1034 3112 aut
1047 3052 1128 3112 char·
1138 3065 1163 3107 oo

131 3141 178 3191 tae
201 3131 382 3209 combustae,
405 3137 621 3211 auripigmenti,
650 3135 795 3211 sulphuris
818 3139 915 3212 ignem
937 3154 994 3195 non
1015 3137 1130 3215 experti

132 3233 185 3293 par
206 3215 307 3274 modus
331 3227 431 3276 cerato
453 3221 589 3277 miscetur
611 3238 648 3278 es
667 3230 779 3278 murteo
801 3219 897 3279 iacto:
921 3231 968 3279 aut
983 3222 1130 3298 aeruginis

131 3317 215 3358 rasae
235 3318 263 3377 p.
283 3300 338 3377 )-(.
357 3314 378 3358 1.
395 3320 530 3379 squamae
551 3305 627 3360 aeris
652 3321 679 3380 p.
696 3304 752 3381 )-(.
769 3317 831 3363 xli.
848 3303 943 3363 mellis
959 3304 1063 3379 cyatho
1080 3322 1129 3365 co·

131 3393 249 3458 guntur:
273 3392 320 3441 aut
340 3403 426 3459 pares
449 3388 599 3462 portiones
620 3388 777 3445 miscentur
792 3388 854 3446 saxi
871 3388 977 3463 calcis,
999 3388 1129 3448 chalciti-

132 3465 191 3540 dis,
208 3467 418 3543 auripigmenti.
443 3467 586 3546 Quidquid
601 3469 701 3530 horum
716 3472 879 3550 impositum
896 3481 955 3548 est,
971 3472 1129 3548 tegendum
1139 3489 1163 3529 as
