2414 3924
415 207 483 263 mu.
501 209 551 256 111.
574 207 651 258 eas.
666 209 758 258 xxuv.
1029 204 1088 266 115

90 380 165 422 muru
183 370 247 437 εει,
260 362 343 438 juxta
358 361 445 422 talum
460 379 498 420 ex
510 371 632 440 utroque
646 382 730 424 crure
743 365 857 443 paulum
869 369 1015 444 sanguinis
1028 371 1088 430 mit-

92 456 171 516 tere;
191 445 358 523 occipitium
378 445 525 521 incidere,
548 455 576 506 et
592 447 786 508 cucurbitulas
807 449 979 519 admovere;
1009 451 1088 512 ferro

91 529 223 590 candenti
238 530 267 587 in
285 529 439 606 occipitio,
463 538 492 588 ει
507 530 580 590 infra
602 548 733 610 qnoque,
757 551 813 610 qua
828 551 935 594 summa
954 535 1089 596 vertebra

91 630 155 673 cum
176 613 271 690 capite
296 613 494 686 committitur,
527 613 651 674 adurere
676 616 788 676 duobus
811 617 902 692 locis,
929 627 958 677 ut
979 637 1033 697 per
1054 636 1090 679 ea

67 697 273 776 aperniciosus
288 695 390 755 bumor
405 694 518 755 evadat.
548 696 659 769 Quibus
676 700 700 757 si
718 700 943 760 linitumuualum
958 719 1015 761 uon
1027 702 1088 762 fue-

89 783 143 855 rit,
166 797 260 858 prope
277 789 338 854 εει,
361 789 392 838 ut
404 788 576 857 perpetuum
592 783 637 840 sit.
672 782 718 841 nd
734 783 885 843 levandum
901 784 945 861 id,
970 794 1089 845 tantum·

90 864 176 924 modo
199 863 331 923 utendum
353 863 408 922 erit
424 864 633 923 exercitatione
648 866 752 941 multa,
780 867 930 942 frictione,
956 869 1089 949 cibisque

90 949 143 1022 iis,
165 948 214 1026 qui
233 964 319 1024 supra
341 945 544 1024 comprehensi
560 957 640 1007 sunt:
664 952 882 1028 praecipueque
899 952 1012 1012 vitanda
1029 969 1089 1012 om·

54 1058 56 1061 ·
91 1031 153 1105 nia,
172 1048 262 1109 quae,
280 1048 316 1088 ne
332 1030 450 1104 fierent,
467 1032 646 1108 excepimus.

58 1287 82 1325 ro
232 1294 235 1299 ·
405 1265 588 1329 CAPUT
624 1269 776 1328 XXIV.

466 1383 503 1432 De
520 1383 601 1448 Regio
618 1384 713 1432 morbo.

154 1534 258 1612 Aeque
278 1542 362 1592 notus
384 1542 429 1592 est
449 1535 583 1611 morbus,
608 1555 692 1614 quem
709 1537 848 1595 interdum
865 1548 1028 1615 arquatum,
1049 1541 1089 1599 in·

90 1619 203 1678 terdum
218 1618 329 1694 regium
344 1618 495 1677 nominant.
532 1618 623 1691 Quem
638 1619 833 1698 Hippocrates
858 1619 952 1700 (Apu.
970 1622 1019 1697 lv,
1037 1623 1088 1699 62,

91 1703 147 1769 om
165 1699 258 1761 Couc.
273 1699 348 1779 118)
364 1702 419 1776 ait,
436 1703 459 1760 si
472 1713 538 1780 post
550 1705 702 1781 septimum
715 1702 789 1763 diem
802 1703 985 1765 febricitante
998 1723 1089 1781 aegro

56 1784 276 1862 resaperveuit,
305 1794 394 1844 tutum
422 1803 505 1859 esse,
538 1787 673 1847 mollibus
694 1788 885 1846 tantummodo
908 1787 1089 1866 praecordiis

90 1866 301 1928 substantibus:
324 1868 446 1929 Diocles
462 1888 499 1928 ex
517 1879 595 1943 toto,
617 1871 725 1949 sipost
743 1871 856 1930 febrem
874 1873 980 1946 oritur,
1004 1873 1089 1930 etiam

91 1952 250 2032 prodesse;
273 1952 298 2010 si
317 1961 385 2030 post
400 1953 476 2012 bunc
492 1953 600 2030 febris,
622 1954 769 2014 occidere.
806 1952 896 2013 Color
911 1963 1005 2014 autem
1024 1972 1088 2012 eum

89 2035 220 2096 morbum
236 2033 363 2112 detegit,
376 2039 499 2097 manime
517 2038 684 2113 oculorum,
709 2039 737 2096 in
754 2038 875 2118 quibus,
900 2037 977 2118 quod
993 2037 1089 2098 album

90 2139 157 2181 esse
174 2120 278 2195 debet,
297 2121 328 2179 fit
342 2121 460 2180 luteum.
498 2122 639 2200 Soletque
656 2123 801 2181 accedere
819 2131 847 2180 et
863 2122 942 2196 sitis,
958 2131 988 2180 et
1003 2121 1089 2181 dolor

52 2233 80 2273 20
92 2206 210 2283 eapitis,
229 2213 257 2263 et
271 2204 410 2282 frequens
425 2206 581 2282 singultus,
599 2216 627 2265 et
642 2205 879 2284 praecordiorum
892 2205 994 2264 dextra
1006 2212 1089 2282 parte
1120 2205 1136 2219 '

90 2289 228 2365 durities,
251 2289 297 2363 ει,
320 2288 367 2347 ubi
393 2291 525 2367 corporis
540 2290 698 2349 vehemens
714 2298 807 2347 motus
824 2298 882 2365 est,
901 2290 1019 2365 spiritus
1035 2286 1088 2346 dif-

91 2373 218 2450 dcultas,
241 2372 492 2452 membrorumque
509 2374 665 2434 resolutio:
687 2382 790 2451 atque,
808 2372 856 2431 ubi
874 2372 978 2431 diutius
993 2379 1090 2430 manet

90 2457 226 2532 morbus,
243 2466 333 2515 totum
348 2474 456 2534 eorpus
469 2475 532 2516 cum
544 2458 657 2535 pallore
670 2457 794 2534 quodam
806 2456 969 2515 inalbescit.
994 2455 1088 2514 Primo

92 2540 139 2599 die
160 2541 305 2599 abstinere
320 2559 439 2617 aegrum
456 2550 588 2619 oportet;
612 2540 740 2599 secundo
759 2539 866 2599 ducere
883 2541 995 2599 alvum:
1020 2547 1088 2613 tum,

56 2624 118 2683 ²⁵si
146 2623 237 2684 febris
263 2633 324 2700 εει,
356 2641 419 2683 eam
446 2625 538 2683 victus
564 2643 675 2702 genere
701 2623 861 2691 discutere;
900 2625 924 2682 si
950 2640 1007 2681 uon
1034 2631 1089 2698 est,

92 2708 294 2767 scammoniam
316 2708 396 2786 potui
412 2706 498 2782 dare,
523 2709 571 2767 vel
587 2726 650 2766 cum
666 2725 739 2784 aqua
756 2706 852 2766 betam
871 2707 966 2766 albam
983 2705 1089 2765 contri-

93 2801 166 2866 tam,
183 2791 230 2849 vel
247 2810 308 2850 cum
325 2810 398 2869 aqua
413 2791 504 2851 mulsa
521 2810 610 2851 nuces
622 2809 750 2867 amaras,
767 2790 952 2865 absinthium,
969 2791 1089 2862 anisum,

92 2878 135 2934 sic
156 2883 186 2932 ut
209 2893 276 2952 pars
296 2876 380 2952 hujus
403 2876 514 2935 minima
537 2877 581 2934 sit.
627 2874 824 2951 Asclepiades
848 2875 949 2950 aquam
974 2887 1090 2949 quoque

92 2958 214 3036 salsam,
246 2967 275 3018 et
302 2959 417 3039 quidem
439 2977 493 3036 per
515 2959 647 3031 biduum,
661 3016 663 3020 ⁴
678 2958 857 3035 purgationis
880 2973 966 3014 causa
990 2955 1090 3012 bibere

57 3048 81 3088 ³⁰
93 3043 237 3119 cogebat,
262 3043 312 3116 iis,
330 3061 404 3120 quae
423 3044 531 3101 urinam
545 3051 677 3115 movent,
697 3042 826 3116 reJectis.
849 3038 988 3111 Quidam,
1005 3052 1090 3112 snpe-

91 3126 218 3186 rioribus
234 3128 366 3202 omissis,
384 3144 438 3204 per
452 3127 543 3201 baec,
561 3135 589 3183 et
606 3143 659 3202 per
674 3139 726 3181 eos
745 3121 842 3197 cibos,
860 3121 908 3199 qui
924 3125 1091 3191 extenuant,

93 3212 167 3271 idem
193 3229 226 3269 εε
248 3211 389 3288 consequi
409 3209 515 3269 dicunt.
553 3208 619 3284 Ego
634 3207 756 3282 ubique,
785 3208 808 3263 si
832 3207 901 3263 satis
918 3203 1018 3261 virium
1036 3207 1091 3273 εει,

92 3294 248 3361 validiora;
278 3296 302 3352 si
324 3312 442 3373 parum,
466 3291 656 3355 imbecilliora
672 3289 776 3348 auxilia
791 3287 938 3366 praefero.
977 3285 1008 3344 Si
1024 3298 1077 3360 pu*

92 3380 170 3454 gatio
193 3378 261 3453 fuit,
295 3387 362 3455 post
388 3394 450 3434 eam
478 3377 571 3435 triduo
598 3376 690 3452 primo
714 3372 828 3432 modice
855 3370 949 3429 cibum
975 3382 1040 3445 opor

57 3467 82 3509 ³⁵
92 3479 242 3521 assumere
265 3479 303 3520 ex
322 3460 416 3519 media
436 3462 571 3536 materia,
592 3468 621 3518 ει
643 3458 737 3516 vinum
758 3455 861 3600 biberg
874 3468 1040 3580 *graecuml
