2414 3924
454 201 693 269 -187-

143 346 240 413 aliud
278 353 391 408 cretam
414 345 562 408 cimoliam
585 365 655 409 cum
673 345 802 409 alumine
825 350 919 409 scisso
937 365 1014 427 aqua
1031 366 1079 409 re·

55 437 154 500 solves
184 445 217 499 at
245 453 300 517 per
318 436 425 496 ‘totum
452 432 489 496 ab
513 434 689 516 ¹inguinibus
716 443 747 496 et
773 438 892 516 pectine
920 437 1079 516 usquead

55 525 149 608 pedes
174 527 208 587 iu
232 523 295 586 solo
319 522 443 585 oblinas.

144 612 233 675 aliud
250 611 288 673 ad
306 611 494 693 hydropicos.
531 629 697 692 sympasma
720 611 949 673 desiccatorium
972 629 1079 673 menae

58 703 206 766 torrentis
231 699 440 776 adobrutione‚
470 717 558 780 quam
587 699 807 762 ammochosian
828 708 947 774 vocant,
975 707 1007 760 et
1027 699 1107 780 hym

59 790 184 873 dropim
213 796 245 851 et
272 792 352 851 sicca
379 788 499 871 lavatio,
528 807 603 868 quae
627 808 644 850 a
667 788 788 850 Graecis
810 788 959 850 xerolusia
983 787 1080 868 appel·

57 878 146 942 latur.
177 878 209 940 id
225 885 272 939 est
290 885 486 957 sympasmate
504 880 589 957 prius
603 880 723 957 corpori
737 877 855 939 sudanti
869 878 900 938 in
914 895 982 937 aere
1002 874 1080 937 bono

56 965 249 1031 lavacrorum
277 984 412 1047 asperso,
440 973 470 1027 et
499 968 542 1027 sic
569 964 679 1026 sabano
706 968 786 1027 sicco
815 965 1021 1046 detergantur,
1051 972 1082 1026 et

56 1055 111 1119 alia
134 1053 235 1119 multa
258 1054 370 1135 cyclico
393 1055 490 1116 modo.
527 1052 703 1116 mirabiliter
725 1062 876 1134 oporatur.

192 1186 333 1249 LXXVII.
364 1187 419 1248 Ad
441 1188 753 1268 praefocationem
776 1188 947 1248 matricis,
1095 1205 1122 1244 ιο

149 1284 411 1346 Praeiocationem
429 1287 562 1346 matricis
585 1287 722 1364 sequitur
745 1283 863 1346 subitus
886 1302 983 1369 casus,
1000 1286 1082 1345 vocis

56 1375 229 1456 amputatio
247 1382 282 1435 ut
300 1371 516 1455 obmutescant,
539 1382 570 1434 et
588 1373 785 1454 apprehensio
804 1390 924 1456 sensus,
947 1372 1083 1435 dentium

57 1465 191 1525 confixio
213 1469 244 1523 et
262 1461 373 1523 stridor
396 1462 518 1542 rapidus
539 1464 581 1522 ita
604 1470 638 1523 ut
660 1463 841 1522 accessionis
864 1468 999 1541 tempore
1023 1478 1083 1521 una

57 1570 129 1633 pars
150 1553 217 1611 oris
234 1549 271 1611 ad
290 1541 413 1611 alteram
430 1561 546 1630 partem
565 1550 692 1612 conduci
716 1549 865 1629 videatur,
887 1548 1082 1611 articulorum

57 1641 245 1720 contractio,
277 1639 521 1719 praecordiorum
548 1636 732 1718 suberectio‚
762 1640 857 1717 ipsius
886 1640 1017 1699 matricis
1045 1637 1083 1698 ad
1096 1649 1123 1690 15

59 1730 239 1810 superiores
270 1734 371 1807 partes
408 1725 588 1806 subfugium.
637 1734 709 1787 tunc
747 1729 836 1786 etiam
871 1726 1001 1787 thoracis
1034 1744 1083 1786 ex·

59 1819 158 1878 tantia
185 1816 317 1877 efficitur
345 1823 376 1876 et
406 1814 511 1895 pulsus
537 1817 680 1895 parvitas,
711 1813 860 1892 aliquibus
889 1823 919 1873 et
946 1814 1083 1874 alienatio

61 1907 174 1966 mentis
205 1912 236 1965 et
262 1907 373 1965 iterum
398 1903 496 1965 subita
518 1905 683 1982 resumptio
710 1903 751 1961 ita
774 1908 809 1961 ut
830 1903 929 1961 omnia
953 1903 1083 1978 quaein

61 1995 237 2054 accessione
262 1994 411 2053 senserint
434 1991 616 2052 dimissionis
638 1999 773 2068 tempore
797 1988 1002 2050 recordentur.

134 2107 299 2178 apeciiue:
318 2110 427 2179 pedena
445 2125 474 2174 c,
491 2109 623 2191 pudenda
636 2125 667 2177 p.
758 2111 918 2175 laipusma
936 2121 978 2175 op.
1067 2109 1083 2160 5

61 2181 207 2236 ferventes
220 2183 286 2250 (c)p.
359 2180 394 2234 ad
414 2179 583 2235 obrisrouem
602 2197 625 2249 c,
645 2177 887 2246 adobritionemp
907 2179 1030 2244 (adrem
1048 2178 1083 2245 cf.

61 2252 165 2307 Aetius
189 2255 239 2316 10,
262 2256 309 2308 27.
334 2257 373 2306 28
396 2256 421 2306 et
444 2256 474 2318 3,
498 2257 524 2306 9.
567 2251 635 2305 (leis.
659 2255 689 2316 3,
713 2253 771 2317 21).
887 2247 1039 2303 amocisiun
1062 2265 1085 2316 c,

62 2320 211 2377 smooosia
224 2338 256 2390 p.
329 2324 359 2376 ei
376 2321 511 2391 ydropica
522 2339 554 2391 p,
573 2322 602 2376 ei
619 2320 745 2390 tropicae
764 2337 778 2375 c
796 2320 871 2387 (fort.
886 2320 929 2373 esi
946 2319 994 2387 h.).
1068 2325 1084 2374 6

61 2395 164 2463 xero(u
179 2391 277 2461 c)lusia
296 2410 338 2462 cp.
424 2398 440 2447 t
459 2392 477 2447 i.
497 2392 538 2462 (id
556 2394 610 2462 esi)
629 2392 766 2461 sispasma
784 2390 861 2460 prius
879 2390 1003 2460 corporis
1022 2407 1084 2445 aau-

64 2515 148 2572 duuti
161 2532 190 2584 c,
209 2518 239 2570 ei
252 2475 498 2602 supermatffiq
516 2519 546 2586 (q
564 2517 614 2571 del.
628 2518 675 2586 12⁰)
687 2496 814 2584 ¹corporis
831 2513 943 2569 sudanti
952 2530 983 2583 p.
1056 2512 1086 2568 in

67 2621 133 2661 aare
156 2605 233 2661 bono
256 2606 434 2661 lavacrorum
452 2623 480 2661 c:
503 2606 532 2660 iu
558 2604 713 2673 lavacrisp
733 2604 781 2671 (ef.
802 2601 874 2657 Cael.
893 2603 964 2657 Awr.
984 2602 1039 2656 olor.
1059 2605 1086 2667 3,

65 2681 141 2745 117).
212 2693 362 2746 aspersae,
376 2694 443 2732 -aa
451 2694 483 2746 p.
552 2682 568 2730 9
582 2675 661 2730 licito
675 2675 759 2730 modo
773 2691 796 2743 c,
811 2673 883 2728 ciclo
897 2672 981 2728 modo
990 2689 1023 2741 p,
1037 2673 1087 2727 nbi

65 2749 185 2802 adnotat
194 2754 230 2817 1⁰⁰
248 2749 266 2803 i.
285 2765 305 2802 e.
321 2754 454 2803 cmredor
467 2762 581 2803 coaevas
595 2763 664 2801 caeo.
680 2745 775 2800 XIV:
798 2744 817 2799 i.
832 2744 915 2799 modo
929 2744 983 2799 hoc
1001 2745 1085 2799 modo

65 2817 116 2874 illo
141 2818 271 2874 iterando
297 2835 367 2888 opus
390 2819 419 2875 ei
432 2819 479 2874 ad
501 2818 577 2872 idem
600 2817 693 2887 sepius
717 2816 882 2871 resedendo
907 2814 950 2869 iia
975 2816 1087 2870 videtur

65 2888 137 2944 licei
154 2889 285 2944 dubitem
303 2892 342 2959 (t).
424 2891 556 2960 operatur
573 2889 637 2955 (sic)
654 2904 696 2956 cp.
785 2892 817 2941 10
837 2887 878 2940 De
896 2884 1087 2954 prefocatione

67 2978 104 3016 m.
118 2976 150 3029 p.
264 2967 295 3015 11
316 2960 440 3016 matricis
458 2977 493 3030 p:
518 2962 568 3014 urit
591 2960 707 3028 (autem)
727 2975 749 3014 c.
859 2961 892 3010 lt
911 2955 1045 3025 aphsnaio
1064 2971 1088 3021 o,

70 3042 177 3144 adpffio
188 3085 218 3136 p.
293 3084 424 3122 sensuum
439 3084 461 3122 c.
536 3071 568 3119 13
582 3064 719 3119 confrixio
734 3080 755 3119 c.
828 3061 943 3131 rapidus
957 3078 985 3116 c:
999 3077 1048 3115 om.
1058 3077 1087 3128 p.

72 3179 103 3228 15
122 3153 171 3244 pio
189 3191 223 3244 p:
244 3174 418 3229 detractione
437 3191 459 3228 c.
544 3171 695 3239 suberepto
712 3170 776 3237 (sic)
793 3184 821 3234 c,
840 3165 1010 3232 annectiop
1029 3167 1088 3234 (pa-

70 3258 225 3333 τεωρισμός
248 3262 308 3318 so.
327 3280 358 3331 p.
382 3261 506 3330 2491)).
581 3266 613 3314 16
640 3238 777 3327 11118111
795 3272 832 3325 p,
855 3253 1048 3322 subfumigunt
1074 3268 1089 3308 e

72 3328 220 3404 (ἆναφυγὴ
246 3333 305 3389 Sor.
327 3335 451 3415 11249).
570 3336 603 3384 1⁷
627 3345 730 3398 parvus
754 3343 776 3382 c.
886 3341 911 3408 a.
935 3325 964 3378 ei
987 3323 1090 3378 mentis

72 3405 206 3461 alienatio
221 3420 258 3474 p,
277 3421 301 3459 a.
321 3403 456 3459 alienatno
475 3403 504 3456 ei
521 3400 635 3456 mentiri
653 3415 675 3455 c.
763 3403 795 3453 18
815 3396 928 3477 subdpta
944 3412 968 3478 o.
1055 3399 1089 3449 ta

73 3476 261 3532 accessionem
280 3491 321 3543 op.
394 3472 558 3541 sensatico,
581 3469 751 3540 sumpserint
763 3485 794 3537 p.
868 3466 1013 3522 druisronis
1031 3482 1053 3522 c.
