2414 3924
452 212 691 278 —123-

151 356 244 418 311311.
293 358 422 437 3333133,
455 358 550 437 33331,
582 375 634 436 333
666 367 781 420 asterus
812 362 843 421 in
877 363 944 422 rino
977 361 1078 423 datum

63 445 245 508 coclearium
268 444 281 504 l
304 445 440 506 similiter
463 445 631 507 abstinebit.

151 533 241 595 311311.
283 535 469 594 summitates
496 533 566 595 ruhi
593 552 666 612 quas
689 535 776 615 vulgo
806 537 941 597 turinnes
964 546 1079 617 vocant,

61 632 90 685 et
106 639 216 684 murra
230 639 303 691 ¹cum
323 621 435 683 caduco
458 631 596 701 granatae
615 632 646 683 31
668 623 743 703 33113
766 623 935 685 omiacitide
958 626 989 685 13
1009 627 1077 686 vino

61 712 191 792 styptico
225 710 313 771 simul
343 709 466 771 decocta
494 717 524 770 et
555 712 586 770 in
613 713 735 790 potione
762 711 829 774 data
857 714 918 773 sive
948 730 1003 792 per
1034 715 1105 774 int

61 801 190 862 leuiores
213 806 316 878 partes
336 798 451 877 podicis
474 800 583 859 iniecta
606 817 720 859 summe
744 800 822 861 lacit.

150 886 241 948 31131.
277 889 393 966 3113333
417 905 486 948 cum
512 886 689 966 plantaginis
712 906 785 949 suco
813 888 935 950 decocta
959 899 989 950 et
1012 889 1078 950 data
1148 891 1152 895 ’

61 977 194 1038 31311331
217 984 365 1056 ventrem,
387 976 495 1036 iniecta
519 983 618 1036 autem
642 976 744 1037 eadem
766 977 891 1056 perlicit

150 1065 234 1144 potio
257 1062 293 1124 ad
317 1062 524 1142 dysenteriam.
565 1082 633 1124 ossa
653 1063 690 1124 de
713 1063 827 1126 locusta
851 1066 963 1126 marina
987 1082 1079 1144 super

59 1153 209 1215 carbones
232 1159 351 1225 exusta,
374 1150 463 1230 331133
486 1151 591 1215 leviter
614 1151 796 1234 subassatas,
818 1171 852 1213 33
875 1155 974 1232 333133
997 1155 1117 1214 simi-1⁰

59 1241 126 1303 liter
165 1239 369 1321 subassatum,
408 1257 530 1301 crocum
567 1242 628 1300 sive
665 1240 810 1302 caducum
847 1241 916 1302 mali
936 1243 1076 1321 3333311,

59 1329 197 1392 bitumen
216 1328 366 1390 iudaicum
384 1336 435 1389 aut
453 1346 508 1407 pro
527 1327 672 1390 bitumine
690 1331 788 1408 picem
807 1331 925 1411 siccam,
943 1332 1076 1391 omnium

59 1418 81 1476 V
101 1419 190 1499 paria
213 1416 346 1496 pondera
369 1416 525 1496 diligenter
548 1423 629 1477 teres
651 1424 683 1478 31
704 1420 735 1478 13
757 1435 848 1496 33333
870 1417 964 1479 dabis.

149 1505 231 1568 aliud
260 1505 296 1566 ad
323 1504 530 1584 dysenteriam.
571 1507 719 1567 133313333
745 1505 793 1566 dia
820 1507 948 1586 symiytu
976 1506 1074 1586 appel·

57 1596 151 1676 latus,
180 1611 271 1673 quem
300 1595 438 1673 superius
466 1593 502 1653 ad
531 1596 683 1673 sanguinis
710 1596 934 1656 reiectationem
957 1596 1077 1674 scripsi·
1092 1610 1117 1651 15

57 1703 125 1746 mus
156 1689 210 1744 aut
236 1683 284 1744 dia
311 1681 423 1743 coraliu
452 1690 503 1742 331
531 1691 612 1743 33313
641 1682 688 1744 dia
703 1680 830 1744 ¹electru
858 1691 910 1744 aut
942 1684 1079 1760 trigonus

59 1775 211 1834 trociscus
234 1770 372 1831 similiter
394 1772 425 1830 in
448 1771 570 1848 potione
594 1770 680 1831 datus
703 1771 856 1850 magnifice
882 1777 1032 1849 operatur.

148 1857 240 1920 aliud.
276 1858 321 1919 lac
344 1860 490 1919 asininum
510 1866 561 1919 aut
580 1861 734 1937 caprinum
752 1858 885 1919 schiston
908 1858 1077 1919 conlectum

56 1959 88 2010 et
109 1950 218 2011 datum
241 1946 371 2007 abstinet
392 1954 535 2007 ventrem.
573 1947 705 2007 schiston
728 1946 832 2006 dicunt
850 1945 956 2005 Graeci
977 1944 1023 2005 133
1046 1948 1078 2005 13

56 2055 117 2117 quo
145 2035 263 2116 lapides
290 2034 421 2095 fluviales
455 2036 569 2095 incensi
597 2036 757 2095 mittuntur
784 2035 845 2094 sive
875 2035 1077 2112 extinguntur.
1091 2049 1117 2089 33

148 2123 231 2185 aliud
255 2123 290 2184 ad
315 2122 518 2202 dysentericus
542 2122 727 2202 3131113333,
753 2122 784 2182 id
807 2121 942 2182 33111133
966 2123 1078 2200 quiex

56 2215 175 2277 ventris
197 2213 336 2292 passione
359 2211 389 2271 id
413 2218 459 2272 est
482 2211 664 2272 ulceratione
686 2210 823 2272 similiter
841 2218 876 2271 ut
899 2209 1078 2290 dysenterici

130 2389 145 2437 1
159 2381 258 2437 333313
267 2398 309 2450 33.
373 2381 447 2436 33331
461 2382 527 2504 peip
543 2386 577 2434 oio
587 2397 628 2449 33.
691 2383 815 2451 33313333
826 2397 849 2448 3,
863 2383 1035 2451 33333133333
1045 2397 1075 2449 p.

56 2456 125 2509 (1313
145 2469 176 2508 cz
196 2452 309 2521 (13133.
382 2458 466 2506 1333
479 2450 502 2505 'r
519 2452 532 2504 Ι
551 2468 591 2520 cp.
665 2452 799 2522 3vulgus
816 2468 857 2520 33.
929 2453 1032 2506 vocant
1050 2468 1077 2506 c:

56 2543 102 2597 dre
108 2559 141 2612 3.
220 2540 376 2609 43113333,
397 2539 467 2594 mire
484 2557 505 2595 3.
579 2538 694 2595 candiae
708 2557 731 2608 3,
750 2529 842 2608 {adico
858 2557 888 2610 3.
960 2541 1078 2609 grauate

56 2615 120 2682 (313)
139 2627 177 2681 33
194 2612 227 2677 (i.
246 2628 267 2665 e.
287 2611 497 2681 maligranati,
516 2616 548 2664 31
565 2610 665 2678 infra).
755 2612 848 2682 galles
869 2609 1017 2667 omlatidas
1036 2625 1077 2678 33.

58 2691 73 2738 5
91 2682 182 2738 simul
207 2682 326 2737 decocta
344 2684 372 2737 31
390 2681 457 2736 data
475 2681 590 2752 potione
604 2699 641 2750 p,
664 2681 688 2736 si
706 2699 808 2750 coques
832 2683 862 2736 31
884 2682 913 2735 13
932 2680 1078 2749 pocionem

57 2756 125 2810 daia
139 2770 164 2809 3.
241 2752 467 2820 6333313313,
487 2751 637 2820 3311313.
711 2755 834 2808 731331.
844 2769 876 2821 3.
948 2753 1078 2806 8331333

57 2841 83 2880 c:
102 2840 174 2881 vero
191 2840 222 2893 3.
332 2823 881 2893 931333133333333331133131331331
900 2838 941 2891 33,
1049 2824 1079 2876 31

58 2912 141 2966 super
160 2910 205 2963 33.
281 2899 314 2948 10
333 2895 445 2948 exustas
464 2910 486 2949 3.
558 2893 719 2963 1311113333.
801 2901 832 2948 11
854 2897 1078 2960 3333113313.

60 2972 91 3020 11
110 2966 178 3036 pice
196 2962 307 3021 331333.
381 2971 414 3019 13
433 2965 500 3019 Vc:
519 2980 570 3018 om.
583 2982 613 3034 p.
685 2981 772 3033 33333
786 2981 812 3019 c:
830 2980 930 3033 puscas
940 2979 970 3031 3.
1045 2968 1079 3016 14

59 3038 94 3092 ad
112 3035 468 3104 (1133131331313333333
557 3036 605 3090 dia
619 3035 769 3105 31313333,
788 3034 930 3089 (1133111133
949 3048 971 3087 3.
1045 3037 1078 3085 15

59 3107 188 3177 superius
207 3121 268 3174 333.
284 3110 329 3161 38.
404 3105 781 3176 1611333331033131311333
800 3121 842 3172 cp.
915 3101 1078 3156 (1133133111

56 3194 88 3247 3,
112 3178 163 3232 dia
189 3176 337 3232 31311313.
416 3183 456 3241 ,17
481 3177 511 3230 13
533 3176 677 3247 potionem
701 3175 799 3229 damus
823 3176 851 3229 31
874 3192 910 3228 m.
935 3187 957 3229 c.
1045 3175 1077 3226 18

59 3248 155 3319 1331133
177 3264 213 3316 3,
237 3246 325 3302 iricon
347 3263 362 3302 3
384 3244 506 3316 (σχιστόν
529 3248 623 3301 Diosc.
646 3251 680 3312 2,
704 3248 758 3313 77).
874 3249 907 3296 19
932 3240 1028 3296 Sallen
1047 3258 1077 3312 3,

60 3319 157 3375 813333
182 3335 204 3374 c.
315 3319 359 3372 133
378 3335 413 3386 p:
440 3319 481 3373 113
508 3334 530 3372 3.
637 3321 672 3370 10
694 3314 822 3369 fluviales
840 3330 875 3383 p:
903 3312 1078 3369 1131331333.

59 3389 166 3457 incensi
180 3406 217 3459 p:
236 3404 288 3444 om.
307 3407 329 3443 3.
402 3395 435 3442 11
456 3388 610 3443 3111333333
630 3385 808 3456 3311133333.
880 3384 898 3439 i.
918 3383 974 3438 illis
992 3383 1042 3452 qui
1055 3400 1077 3452 3,

60 3460 191 3530 13313.
266 3476 299 3514 ex
318 3475 368 3514 om.
388 3476 409 3515 3.
490 3465 523 3513 11
542 3457 560 3514 i.
580 3457 750 3513 ulceratione
770 3487 804 3497 -
824 3456 968 3527 caprinum
987 3471 1037 3511 om.
1055 3470 1078 3510 3.
