2414 3924
110 207 149 266 10
411 216 808 265 commurmuratus

109 372 187 452 quod
204 390 241 431 eu
256 369 300 430 bis
316 378 376 445 est,
393 371 418 428 si
437 386 543 448 corpus
561 370 728 429 adstrictum
744 379 804 447 cst,
821 369 1008 448 digerendum
1023 391 1107 444 esse;

110 458 134 516 si
154 455 298 535 produvio
318 452 447 529 laborat,
471 452 685 522 continendum;
708 456 731 513 si
750 455 868 514 mixtum
890 457 987 515 ritium
1007 456 1106 534 babet,

109 539 318 600 occurrendum
330 536 451 596 subinde
463 538 670 597 vehementiori
682 537 768 598 malo.
786 537 824 597 Et
835 538 918 598 aliter
931 541 1022 599 acutis
1033 559 1109 602 mor·

109 624 154 684 bis
166 620 344 698 medendum,
357 620 441 681 aliter
450 623 582 697 vetustis,
599 621 681 681 aliter
692 622 932 700 increscentibus,
945 623 1029 683 aliter
1042 625 1108 684 sub·

110 706 286 782 sistentibus,
302 705 386 766 aliter
399 707 458 780 jam
476 705 512 764 ad
528 707 676 766 sanitatem
692 705 844 765 inclinatis.
872 706 980 767 llorum
1005 708 1133 768 obser-⁵

108 794 254 852 vatiouem
273 789 442 849 medicinam
463 806 545 857 esse;
570 807 652 866 quam
677 789 714 849 ita
737 790 851 864 liniunt,
876 799 906 848 ut
928 793 1009 869 quasi
1033 794 1108 853 viam

109 874 269 955 quamdam,
287 891 371 952 quam
384 867 534 951 μέθοδον
549 873 653 933 Graeci
668 874 829 950 nominant,
845 891 1018 952 eorumque,
1033 893 1108 954 quae

109 962 138 1021 iu
153 956 262 1018 morbis
281 959 439 1018 communia
456 966 534 1030 suut,
550 956 817 1034 contemplatricem
832 975 899 1017 esse
922 959 1106 1019 contendant.

108 1044 154 1104 Ac
167 1060 261 1121 neque
278 1040 465 1100 rationalibus
477 1058 520 1116 se,
537 1058 630 1117 neque
644 1042 841 1118 experimenta
854 1050 959 1102 tantum
971 1053 1107 1120 spectau-

108 1126 184 1188 tibus
199 1124 377 1186 adnumerari
393 1124 506 1184 volunt:
523 1143 607 1203 quum
626 1123 661 1183 ab
678 1123 734 1184 illis
746 1141 783 1183 eo
798 1127 911 1185 nomine
923 1125 1104 1204 dissentiant,
1119 1136 1144 1176 1⁰

107 1210 185 1290 quod
200 1211 228 1267 in
245 1210 411 1284 conjectura
430 1226 524 1267 rerum
547 1207 692 1267 latentium
713 1207 812 1268 nolunt
833 1227 899 1269 esse
919 1209 1105 1279 medicinam;

109 1294 144 1355 ab
156 1294 201 1352 bis
215 1309 263 1368 eo,
279 1290 355 1369 quod
372 1310 471 1369 parum
488 1293 558 1351 artis
575 1310 642 1351 esse
660 1293 688 1350 in
703 1291 908 1352 observatione
924 1296 1107 1372 experimen·

108 1388 200 1438 torum
219 1375 347 1435 credunt.
373 1375 457 1451 Quod
474 1375 508 1435 ad
523 1374 726 1435 Erasistratum
745 1377 886 1454 pertinet,
907 1380 1027 1457 primurn
1042 1380 1107 1457 ipsa

108 1461 251 1522 evidentia
265 1461 328 1535 ejus
343 1461 471 1537 opinioni
485 1468 641 1537 repugnat;
658 1462 724 1539 quia
740 1477 823 1535 raro,
846 1463 899 1520 nisi
916 1471 983 1540 post
1005 1462 1106 1522 borum

108 1544 231 1624 aliquid,
247 1544 364 1604 morbus
381 1545 469 1603 venit.
501 1542 612 1602 Deinde
631 1561 689 1603 non
706 1546 853 1622 sequitur,
869 1555 899 1604 ut
920 1545 996 1624 quod
1021 1546 1106 1607 alium
1118 1560 1142 1600 15

107 1647 164 1689 non
179 1628 278 1704 afficit,
293 1637 340 1687 aut
358 1627 486 1688 eumdem
502 1627 587 1703 alias,
604 1627 631 1687 id
646 1645 682 1686 ne
699 1627 781 1687 alteri
796 1629 925 1706 quidem,
945 1639 993 1689 aut
1013 1629 1106 1690 eidem

108 1722 240 1789 tempore
262 1711 319 1771 alio
341 1721 455 1772 noceat.
488 1711 612 1772 Possunt
635 1713 710 1770 cuim
732 1712 872 1789 quaedam
894 1712 1016 1773 subesse
1041 1731 1105 1774 cor·

109 1799 183 1876 pori,
198 1795 246 1856 vel
258 1813 295 1855 ex
310 1797 470 1856 infirmitate
487 1795 566 1871 ejus,
585 1794 631 1854 vel
646 1813 684 1854 ex
700 1796 796 1874 aliquo
813 1797 934 1873 allecta,
961 1816 1035 1876 quae
1057 1798 1104 1856 vel

108 1884 137 1940 in
154 1881 210 1941 alio
227 1898 283 1941 non
299 1890 373 1957 sunt,
391 1879 438 1939 vel
456 1881 484 1938 in
499 1878 556 1939 boc
571 1879 714 1939 aliusnon
731 1879 860 1949 luerunt;
884 1899 976 1959 eaque
998 1899 1052 1960 per
1071 1900 1104 1941 se

108 1982 164 2025 nou
179 1973 266 2042 tanta,
283 1974 313 2023 ut
331 1965 476 2024 concitent
490 1962 635 2040 morbum,
649 1971 742 2023 tamen
757 1962 912 2024 obnoxium
928 1966 1020 2042 magis
1041 1965 1141 2024 aliisuo

107 2049 217 2124 injuriis
232 2067 339 2127 corpus
355 2049 490 2108 efficiant.
519 2046 603 2122 Quod
615 2048 639 2107 si
656 2047 927 2125 contemplationem
943 2067 1037 2107 rerum
1057 2067 1105 2108 na·

107 2142 199 2209 turae,
216 2151 299 2211 quam
312 2150 370 2191 non
383 2141 491 2191 temere
507 2131 610 2191 medici
627 2130 680 2189 sibi
702 2131 859 2207 vindicant,
881 2133 951 2193 satis
972 2149 1104 2211 compre-

107 2216 266 2292 hendisset,
284 2218 368 2275 etiam
383 2215 453 2276 illud
473 2216 593 2291 suisset,
614 2215 682 2273 nihil
705 2215 820 2274 omnino
837 2215 875 2274 ob
890 2234 974 2275 unam
990 2234 1105 2276 causam

108 2301 181 2376 iteri,
198 2299 250 2358 sed
267 2297 293 2357 id
309 2316 362 2376 pro
379 2317 466 2359 causa
482 2298 670 2377 apprehendi,
688 2299 764 2376 quod
781 2299 937 2359 contulisse
954 2299 1104 2379 plurimum

107 2382 229 2442 videtur.
258 2382 358 2441 Potest
372 2380 515 2458 autemid,
531 2382 595 2441 dum
610 2381 702 2441 solum
717 2392 776 2458 est,
794 2401 851 2443 uon
870 2402 1006 2461 movere,
1028 2383 1104 2463 quod
1114 2393 1140 2432 ²5

102 2468 232 2542 junctum
247 2466 310 2525 aliis
325 2467 447 2525 maxime
463 2475 569 2525 movet.
604 2466 727 2526 Accedit
743 2467 778 2526 ad
793 2466 875 2544 baec,
894 2468 971 2545 quod
987 2486 1024 2527 ne
1040 2471 1104 2546 ipse

108 2550 221 2629 quidem
234 2549 435 2626 Erasistratus,
450 2552 496 2627 qui
509 2551 652 2609 transfuso
665 2553 693 2609 iu
705 2552 826 2610 arterias
840 2552 979 2628 sauguine
992 2549 1104 2610 febrem

108 2634 170 2693 lieri
190 2634 268 2709 dicit,
286 2633 371 2711 idque
389 2635 471 2693 nimis
484 2634 599 2711 repleto
619 2651 744 2712 corpore
761 2635 898 2711 incidere,
915 2634 1035 2712 reperit,
1052 2651 1103 2693 cur

108 2735 145 2776 ex
166 2715 278 2776 duobus
300 2734 392 2796 aeque
412 2718 547 2795 repletis,
569 2717 642 2777 alter
662 2720 690 2777 ln
712 2717 843 2778 morbum
860 2718 1006 2794 inciderit,
1030 2718 1104 2778 alter

108 2803 183 2861 omni
199 2800 329 2879 periculo
347 2802 469 2870 vacarit;
491 2800 568 2879 quod
583 2802 711 2879 quotidie
729 2802 792 2861 lieri
809 2811 940 2881 apparet.
979 2802 1024 2862 En
1046 2818 1139 2880 quoao

107 2884 178 2945 disci
194 2893 304 2964 potest,
321 2893 350 2943 ut
365 2903 433 2945 vera
450 2886 487 2944 sit
501 2885 550 2944 illa
565 2886 735 2962 translusio,
754 2895 848 2945 tamen
870 2886 947 2945 illam
970 2903 1027 2946 uon
1052 2904 1104 2963 per

107 2987 150 3045 sa,
167 2987 251 3046 quum
267 2970 383 3046 plenum
400 2986 505 3048 corpus
521 2977 575 3044 est,
592 2971 670 3045 lucri,
694 2969 747 3028 sed
764 2987 847 3046 quum
868 2969 969 3030 borum
996 2967 1104 3047 aliquid

106 3054 274 3112 accesserit.
302 3052 482 3113 'l'hemisonis
497 3071 567 3111 vero
585 3054 702 3129 aemuli,
719 3053 743 3111 si
759 3062 916 3131 perpetua,
938 3071 1011 3131 quae
1035 3070 1103 3131 pro·

105 3139 226 3213 mittunt,
242 3137 357 3212 babent,
374 3138 465 3214 magis
482 3137 566 3195 etiam
582 3154 665 3214 quam
681 3136 742 3212 ulli,
759 3137 916 3196 rationales
934 3146 1007 3196 sunt.
1044 3135 1102 3194 Ne-

107 3238 163 3297 que
178 3223 262 3296 enim,
277 3223 301 3281 si
318 3223 381 3301 quis
395 3239 452 3281 non
468 3221 561 3281 omnia
579 3229 665 3297 tonet,
684 3238 758 3298 quae
774 3220 922 3280 rationalis
941 3219 1013 3280 alius
1034 3237 1101 3298 pro·
1112 3242 1134 3284 ar

106 3303 164 3379 bat,
182 3307 312 3383 protinus
331 3307 388 3365 alio
406 3322 483 3365 noro
501 3306 614 3364 nomine
636 3306 704 3364 artis
724 3302 848 3380 indiget;
865 3302 1007 3379 simodo,
1024 3302 1101 3381 quod

105 3388 224 3464 primum
243 3399 295 3466 ost,
313 3407 370 3449 non
385 3391 540 3449 memoriae
556 3389 630 3464 soli,
653 3388 704 3447 sed
722 3388 826 3446 rationi
848 3405 963 3467 quoquo
986 3389 1101 3446 insistit.

105 3469 166 3545 Sin,
185 3473 260 3547 quod
279 3490 350 3532 vero
365 3475 484 3551 propius
497 3480 550 3547 est,
565 3471 687 3531 visulla
705 3479 845 3552 perpetua
868 3479 1028 3550 praecepta
1042 3488 1101 3529 me·
