2414 3924
548 191 764 256 ..99-

145 346 209 400 1919
237 354 373 416 corpore.
413 343 444 397 et
470 335 537 397 illae
566 338 658 415 magis
686 353 763 414 quae
790 336 923 414 proxime
957 336 1020 396 cuti
1052 335 1166 396 luerint

143 435 244 507 natae,
271 425 357 487 facile
385 433 416 485 ct
442 427 508 486 visu
532 433 562 487 et
589 431 670 486 tactn
702 430 937 504 cognoscuntur,
965 441 1035 484 cnm
1058 441 1090 484 se
1115 442 1164 484 en·

73 518 78 529 '
146 517 238 576 tantia
260 523 291 577 et
319 513 446 575 durities
468 513 561 575 veluti
583 515 809 592 circumscripta
832 530 902 573 cnm
924 510 1035 576 rubore
1059 519 1091 573 91
1112 513 1165 574 do

145 603 209 664 lore
237 603 415 683 ostenderit,
443 609 474 664 ct
501 619 571 664 cum
594 604 728 682 coeperit
755 618 846 681 supra
874 600 953 661 dicta
983 599 1110 662 durities
1131 604 1165 662 in

119 691 287 754 csaniolam
307 693 449 753 converti.
486 690 534 751 bis
552 692 646 770 signis
665 691 856 769 cognoscitur
874 691 1001 750 maxime
1023 691 1049 750 si
1067 691 1165 752 maius

146 782 238 842 fuerit
269 787 429 859 apostema.
483 777 568 838 dolor
601 779 721 857 quidem
752 796 807 857 per
843 777 977 838 membra
1013 777 1165 854 discurrit,

145 871 242 930 tensio
270 870 361 929 etiam
388 867 523 928 eiusdem
550 865 610 927 loci
635 868 777 947 patientis
804 867 934 928 efficitur
964 885 1033 928 cum
1062 885 1164 945 grave·

146 956 228 1038 dine,
260 953 378 1018 dolores
409 958 583 1017 increscunt
615 964 646 1017 et
682 955 782 1016 febres
813 962 979 1016 nocturnae
1016 957 1165 1038 oriuntur,

147 1054 176 1107 et
204 1045 385 1107 dimissionis
413 1052 548 1124 tempore
576 1045 656 1105 circa
683 1043 792 1104 collum
824 1043 871 1105 vel
901 1043 1033 1105 thoracis
1062 1052 1165 1124 partes

13 1174 17 1178 -
107 1155 135 1196 19
149 1133 265 1195 modica
287 1132 469 1195 humectatio
492 1132 612 1194 sudoris
634 1133 772 1193 sentitur.

235 1229 266 1283 et
292 1229 451 1302 propterca
479 1223 642 1282 curationis
673 1230 809 1300 tempore
842 1222 873 1281 in
900 1221 966 1300 ipso
996 1222 1081 1282 initio
1105 1223 1166 1282 erit

145 1309 361 1392 festinandum,
393 1317 424 1370 et
455 1311 481 1370 si
517 1311 583 1370 fieri
614 1311 747 1389 potuerit
777 1317 955 1389 spargantur
982 1309 1102 1388 frigida,
1134 1317 1167 1370 et

145 1399 328 1460 dialoreticis
351 1397 609 1478 cataplasmatibus
633 1399 782 1459 fervorem
805 1397 1049 1477 extinguentibus
1078 1415 1166 1459 cure·

145 1505 221 1548 mus.
258 1487 314 1548 boc
337 1496 384 1548 est
406 1486 597 1548 coriandrum
625 1488 731 1547 tritum
754 1504 824 1548 cum
851 1504 928 1565 pane
951 1504 1041 1565 posca
1063 1487 1165 1547 inluso

107 1574 387 1657 15191991999191119,
406 1583 436 1635 et
459 1576 633 1654 frequenter
652 1573 789 1636 mutabis.
826 1582 877 1635 ant
894 1573 1071 1654 plantaginis
1095 1574 1166 1637 lolia

147 1682 216 1724 cum
247 1664 346 1725 inluso
373 1681 464 1745 pane,
496 1682 552 1724 noc
584 1682 644 1725 non
676 1665 767 1724 etiam
794 1671 825 1725 et
853 1663 1050 1724 scarilationis
1084 1681 1165 1724 com

146 1759 285 1832 petentes
319 1751 500 1816 laceraturus
527 1751 612 1812 dabis
639 1769 713 1831 quas
741 1751 848 1812 Graeci
879 1751 1016 1830 amycbas
1048 1760 1164 1814 vocant

30 1906 35 1913 .
146 1840 234 1902 aliud.
271 1843 297 1902 si
324 1841 401 1902 forte
425 1840 603 1901 musculosis
632 1843 664 1901 in
686 1838 761 1900 locis
784 1847 836 1901 aut
858 1838 1041 1918 glandulosis
1063 1839 1111 1900 vel
1133 1842 1165 1901 in
1202 1852 1205 1867 ¹

145 1931 281 1990 mammis
304 1930 396 1990 suerit
417 1936 518 1991 tumor
536 1936 587 1989 ant
613 1928 753 2009 durities,
775 1927 940 2008 policinum
961 1946 1063 1988 semen
1083 1927 1165 2006 quud

106 2039 133 2080 ao
147 2016 252 2078 Graeci
279 2018 406 2098 psyllion
433 2025 539 2079 vocant
567 2015 660 2077 calida
683 2017 836 2097 infundes,
867 2024 897 2077 ct
920 2034 989 2077 cum
1010 2016 1165 2095 infrigida-

147 2109 225 2166 verit
247 2115 277 2166 et
299 2109 486 2167 inviscarerit
508 2104 634 2166 induces
657 2112 688 2166 ct
711 2123 850 2184 appones.

218 2238 618 2313 111199911119901911199.
691 2239 964 2309 199919999Η9999
1036 2239 1165 2309 proxime

147 2326 275 2365 cr-mo
293 2326 319 2379 9,
338 2316 495 2379 -1119919
565 2309 690 2393 9911999
710 2313 773 2366 9919
790 2327 817 2380 9
907 2312 1075 2380 2991999,
1096 2313 1166 2367 note
1187 2306 1202 2368 .’·

146 2397 172 2436 c:
192 2382 305 2449 99199.
378 2382 408 2434 91
426 2380 612 2451 (9991199119)
630 2398 676 2464 999
694 2397 745 2436 999.
763 2398 789 2452 9.
867 2381 1069 2450 31911119999
1090 2381 1166 2439 duri-

145 2451 232 2506 tiores
252 2453 361 2521 (91919,
380 2450 539 2506 1191111999.
624 2453 836 2522 circumscripta
853 2468 898 2521 99.
918 2455 1027 2521 -199
1101 2452 1205 2508 9919Ι

145 2538 241 2592 9999
332 2522 840 2593 19191991919191999(91.9,197)
860 2522 956 2578 dolore
974 2525 1005 2577 et
1021 2523 1205 2580 19119199.-

145 2599 163 2647 4
188 2593 555 2664 99199199199-11919,
579 2611 609 2649 99
633 2596 754 2662 (iterum)
778 2593 1166 2674 99199191119.99919
1193 2615 1205 2693 ·3'

145 2663 223 2746 dicta
236 2679 287 2719 om.
307 2666 382 2733 (cum
401 2664 518 2719 durities
528 2663 691 2748 9999111199.
765 2663 933 2718 banniolum
950 2681 996 2735 999
1015 2663 1205 2747 9199191999

145 2733 328 2804 9911919999
347 2751 439 2804 9999.
512 2733 678 2790 9119919999
697 2734 873 2804 911991919,
893 2733 1009 2791 sivero
1028 2735 1119 2790 199199
1133 2735 1205 2812 9.“

146 2804 295 2887 equidem
313 2821 358 2875 999
381 2823 431 2862 om.
449 2823 481 2876 9.
591 2806 755 2861 1919991919
776 2823 821 2876 999
845 2820 946 2876 9919.
1057 2811 1091 2860 10
1120 2823 1184 2865 99-
1202 2866 1205 2871 ,

145 2874 399 2946 19119999999.
509 2877 947 2960 11Ε1919919199999999.9.
1054 2875 1115 2932 191

147 2945 296 3016 1111119999
315 2963 408 3003 coac
491 2954 523 3003 11
538 2945 876 3030 9919911199199191119,
894 2949 1031 3016 potesta.

1156 2979 1169 2991 '
1192 2992 1199 3025 1

145 3017 225 3086 gius:
244 3017 400 3088 -119999,
512 3024 545 3072 14
564 3034 629 3072 cum
649 3017 988 3098 999199999911119919,
1008 3035 1170 3088 99199999
1193 3028 1199 3045 ¹

144 3087 461 3156 99919191119999,9991
475 3062 994 3159 9999999991919999,1519119
1008 3106 1054 3160 999
1073 3106 1125 3145 om.
1140 3107 1200 3194 9.

147 3165 179 3214 16
190 3176 253 3212 cum
263 3160 374 3215 addidi:
367 3176 508 3230 999999.
564 3159 811 3228 1991119119919(91.
822 3176 845 3216 9.
855 3163 918 3229 2419
934 3160 1131 3216 ocariietionee

144 3156 1200 3315 999111991991999,9999199999999111999191919999999991911
1200 3247 1201 3250 ’

144 3301 239 3354 91999
260 3301 574 3384 99999199199199199).
655 3300 785 3370 (19111999
809 3317 861 3359 om
879 3318 921 3372 99
1004 3302 1111 3358 amicas
1129 3320 1192 3375 99-

146 3370 297 3441 (91991999).
361 3377 395 3426 19
403 3371 557 3441 9911919991
566 3388 626 3441 999
690 3376 724 3425 20
732 3371 881 3453 99111999
890 3372 993 3442 pedion
999 3391 1030 3442 9
1029 3372 1170 3456 pedone.
1198 3400 1200 3403 ·

145 3447 179 3496 21
199 3441 486 3513 91199119999111999
505 3459 602 3512 9999.
673 3441 859 3513 1919919999.
932 3445 1130 3514 9999919999.
1188 3458 1194 3475 ··
