2414 3924
102 181 144 243 20
402 190 437 236 s.
448 187 479 237 c.
495 187 593 236 censu
604 185 799 234 unicornu

101 347 200 424 gines,
223 345 325 422 capitis
341 340 478 416 dolores,
501 342 614 420 aliaque
637 340 797 418 superioris
810 342 900 419 partis
916 339 991 399 mala
1005 340 1100 400 inere·

102 436 195 490 scunt.
234 425 309 499 Quid
329 427 403 485 enim
423 428 497 486 inter
512 424 586 484 baec
605 423 741 500 adJnvare
758 432 878 501 possunt
894 424 978 502 quies
993 431 1023 483 et
1039 425 1100 482 ine·

102 512 166 585 dia,
184 528 238 589 per
252 528 326 589 quae
340 510 390 570 illa
404 510 526 568 maxime
541 504 697 567 eveniunt?
735 506 791 579 Qui
804 507 934 584 dejicere
949 506 1026 583 vult,
1042 509 1099 586 pri·

102 606 177 655 ntum
192 594 264 653 cibis
279 596 411 672 vinisque
427 601 522 651 utetur
534 592 585 668 iis,
609 609 683 669 quae
704 588 763 649 boc
779 600 942 670 praestaut;
965 590 1049 667 dein,
1075 594 1100 651 si

103 697 204 758 parum
217 678 267 737 illa
280 677 451 757 proficient,
467 674 553 735 aloen
565 683 666 735 sumat.
700 673 758 733 Sed
771 678 958 752 purgationes
970 693 1097 754 quoque,
1113 696 1127 736 t

102 773 134 822 ut
151 761 292 822 interdum
306 761 492 820 necessariae
509 767 590 833 sunt,
607 761 667 834 sic,
681 757 729 816 ubi
744 757 914 837 frequentes
927 768 1007 834 sunt,
1023 760 1100 839 peri·

104 846 198 906 culum
212 845 345 906 afferunt.
383 843 536 903 Assuescit
552 844 625 901 euim
642 859 700 901 uon
715 841 753 900 ali
768 858 889 920 corpus;
913 861 998 920 quum
1011 845 1100 902 omui·

102 930 157 989 bus
169 929 279 990 morbis
296 927 422 988 obnoxia
438 929 559 986 maxime
574 925 721 984 iulirmitas
737 929 782 985 sit.

31 1023 34 1027 ’
168 1013 311 1073 Calefacit
324 1020 419 1071 autem
438 1012 553 1085 unctio,
577 1027 650 1088 aqua
674 1009 767 1085 salsa,
787 1011 938 1088 magisque
959 1012 983 1069 si
1009 1009 1102 1070 calida

104 1107 165 1173 est,
190 1098 284 1156 omnia
306 1096 399 1171 salsa,
421 1112 534 1167 amara,
556 1110 695 1169 carnosa,
715 1094 824 1172 sipost
842 1093 936 1152 cibum
958 1102 1019 1169 est,
1040 1092 1136 1154 bal-so

103 1200 205 1256 neum,
220 1183 314 1239 viuum
330 1188 485 1238 austerum.
519 1177 687 1253 Refrigerat
702 1177 730 1235 in
742 1179 844 1254 jejuno
859 1187 888 1236 et
902 1177 1053 1255 balneum,
1073 1186 1103 1237 et

105 1283 238 1338 somnus,
254 1265 309 1322 uisi
326 1264 409 1322 nimis
424 1262 530 1340 longus
545 1271 607 1336 est,
631 1260 725 1320 omnia
741 1261 840 1328 acida;
861 1279 936 1339 aqua
949 1279 1034 1340 quam
1052 1261 1101 1320 fri·

104 1348 268 1425 gidissima;
287 1347 399 1422 oleum,
416 1350 440 1406 si
456 1364 531 1425 aqua
544 1347 689 1405 miscetur.
722 1345 871 1405 Humidum
885 1355 980 1405 autem
993 1362 1102 1425 corpus

105 1431 196 1490 efficit
208 1430 291 1491 labor
302 1431 409 1508 minor,
425 1449 510 1510 quam
522 1448 559 1489 ex
572 1428 795 1504 cousuetudine,
807 1429 946 1507 frequens
958 1429 1101 1506 balneum,

106 1512 188 1574 cibu's
203 1514 334 1592 plenior,
351 1515 437 1574 multa
456 1516 551 1595 potio;
572 1513 729 1592 posthaec
746 1512 915 1588 ambulatio,
940 1522 970 1572 et
983 1513 1100 1591 vigilia;
1113 1532 1136 1570 rs

106 1615 213 1678 perse
235 1615 350 1678 quoque
372 1597 527 1657 ambulatio
546 1596 633 1657 multa
654 1607 684 1656 et
699 1597 873 1672 vehemens,
901 1607 930 1656 et
948 1598 1102 1657 matutinae

106 1685 307 1744 exercitationi
322 1700 379 1742 uon
398 1685 528 1761 protinus
544 1681 626 1740 cibus
643 1681 789 1757 adjectus;
815 1699 849 1740 ea
865 1699 975 1758 genera
1002 1699 1101 1755 escae,

104 1785 180 1845 quae
192 1770 308 1826 veniunt
320 1785 357 1825 ex
371 1765 447 1826 locis
462 1764 592 1843 frigidis,
609 1774 639 1823 et
652 1764 775 1844 pluviis,
791 1774 821 1824 et
833 1767 958 1842 irriguis.
996 1763 1102 1824 (loutra

106 1852 197 1911 siccat
213 1851 365 1910 immodica
380 1850 569 1923 exercitatio,
585 1849 693 1923 fames,
709 1850 806 1908 unctio
822 1851 884 1908 siue
902 1867 992 1927 aqua,
1010 1849 1101 1924 calor,

106 1934 152 1994 sol
168 1935 352 2010 immodicus,
367 1933 472 2010 frigida
488 1951 578 2011 aqua,
605 1932 686 1991 cibus
708 1935 912 1993 exercitationi
928 1935 1022 1992 statim
1036 1932 1102 1991 sub·
1112 1953 1138 1992 ao

101 2020 216 2095 jectus,
234 2028 263 2078 et
280 2022 305 2077 is
321 2021 387 2096 ipse
402 2036 439 2076 ex
455 2019 544 2076 siccis
560 2025 589 2076 ct
605 2018 749 2076 aestuosis
764 2016 840 2076 locis
855 2018 985 2076 veniens.

170 2102 275 2162 Alvum
298 2102 450 2177 adstringit
470 2101 569 2176 labor,
598 2099 708 2175 sedile,
731 2109 811 2160 creta
832 2100 960 2178 figularis
984 2102 1103 2179 corpori

106 2186 193 2260 illita,
212 2187 293 2245 cibus
307 2185 483 2257 imminutus,
510 2193 539 2242 et
554 2185 578 2242 is
592 2185 656 2260 ipse
673 2184 765 2242 semel
782 2183 828 2244 die
846 2194 989 2244 assumtus
1003 2184 1040 2244 ab
1056 2201 1104 2261 eo,

107 2269 212 2347 quibis
230 2268 321 2337 solet;
344 2270 449 2343 exigua
467 2269 563 2345 potio,
585 2285 680 2346 neque
702 2267 842 2343 adbibita,
865 2270 920 2328 nisi
940 2286 1024 2347 quum
1047 2267 1104 2328 cibi

106 2355 171 2432 quis
188 2361 320 2428 quantum
333 2359 508 2410 assumturus
525 2359 583 2425 est,
603 2354 694 2428 cepit;
711 2361 777 2429 post
795 2352 888 2412 cibum
901 2354 993 2431 quies.
1029 2351 1139 2411 Con-as

104 2445 150 2494 tra
165 2435 253 2493 solvit
270 2444 352 2494 aucta
370 2432 523 2493 ambulatio
540 2443 625 2513 atque
645 2454 730 2511 esca,
752 2445 847 2495 motus
863 2438 912 2514 qui
927 2445 995 2514 post
1010 2435 1104 2495 eibum

106 2528 167 2592 est,
198 2519 319 2577 subinde
344 2518 479 2595 potiones
507 2519 573 2578 cibo
595 2521 748 2578 immixtae.
791 2519 866 2579 lllud
887 2537 1002 2598 quoque
1028 2521 1104 2578 scire

107 2611 240 2680 oportet,
257 2601 335 2678 quod
347 2610 476 2660 ventrem
488 2605 611 2662 vomitus
624 2603 748 2663 solutum
761 2605 938 2683 comprimit,
954 2620 1103 2680 compres-

106 2703 167 2744 sum
186 2685 289 2744 solvit:
312 2687 439 2763 itemque
462 2689 623 2765 comprimit
644 2688 668 2745 is
687 2689 828 2763 vomitus,
853 2690 900 2766 qui
923 2687 1016 2746 statim
1036 2695 1104 2764 post

106 2766 200 2829 cibum
216 2778 276 2835 est;
295 2768 440 2844 solvitis,
459 2773 506 2848 qui
522 2770 604 2830 tarde
623 2773 800 2848 supervenit.
1113 2785 1138 2826 cc

170 2852 253 2926 Quod
275 2853 311 2913 ad
333 2861 443 2912 aetates
466 2872 536 2913 vero
553 2856 694 2932 pertinet,
716 2854 839 2914 inediam
858 2854 997 2915 facillime
1019 2856 1104 2913 susti·

104 2946 173 2996 nent
184 2935 295 2996 mediae
308 2946 430 3011 aetates,
444 2940 535 2997 miuus
542 2941 677 3015 juvenes,
690 2939 803 2997 minime
817 2940 899 3017 pueri
912 2948 942 2998 et
953 2947 1104 2998 senectute

106 3021 234 3080 confecti
255 3017 350 3101 (Apb.
364 3020 393 3095 l,
417 3020 481 3101 13).
527 3021 592 3094 Quo
614 3023 706 3081 miuus
725 3022 783 3081 fert
797 3022 883 3083 facile
904 3023 1044 3100 quisque,
1067 3038 1103 3080 eo

105 3108 223 3184 saepius
238 3104 325 3165 debet
342 3103 436 3164 cibum
452 3123 614 3173 assumere;
637 3107 819 3184 maximeque
836 3123 872 3165 eo
891 3115 976 3184 eget,
999 3108 1047 3184 qui
1063 3107 1104 3164 iu·

105 3192 211 3248 erescit
236 3187 331 3266 (Apb.
348 3187 375 3266 l,
399 3187 464 3265 14).
511 3186 610 3249 Calida
632 3189 737 3249 lavatio
759 3200 788 3249 et
813 3191 912 3269 pueris
933 3199 963 3250 et
985 3189 1140 3254 senibusso

104 3280 171 3349 apta
195 3283 248 3332 est.
293 3273 396 3331 Vinum
420 3271 536 3330 dilutius
555 3275 668 3350 pueris,
693 3274 808 3333 senibus
834 3276 991 3350 meracius,
1011 3276 1104 3334 neutri

104 3357 191 3415 aetati
207 3374 280 3432 quae
297 3355 459 3415 inflationes
475 3365 600 3414 movent.
639 3356 780 3417 Juvenum
802 3360 909 3433 minus,
933 3376 1006 3436 quae
1024 3375 1104 3417 assu·

104 3447 196 3514 maut,
212 3448 240 3497 et
254 3438 398 3516 quomodo
411 3448 562 3513 curentur,
573 3440 703 3498 interest.
735 3441 846 3514 Quibus
854 3440 1011 3518 juvenibus
1024 3442 1104 3501 fluxit
