2414 3924
422 210 492 257 nun.
503 211 526 257 1.
538 210 753 259 rnoosnssuu.
1073 204 1092 262 7

93 365 238 426 medicum
252 381 310 424 non
327 381 436 441 egere,
449 373 478 423 et
496 364 662 425 irrationale
681 366 784 427 animai
801 366 874 426 hauc
894 375 984 426 artem
1002 384 1092 445 posse

94 456 264 530 praestare;
284 446 336 507 sed
355 447 407 506 has
424 447 570 508 latentium
585 467 680 509 rerum
698 451 882 524 conjecturas
897 449 932 509 sd
953 468 1013 510 rem
1035 469 1092 511 non

94 534 261 614 pertinere;
288 533 352 611 quia
379 547 436 589 non
459 532 587 610 intersit,
610 533 676 611 quid
694 533 824 593 morbum
844 533 944 610 iaciat,
958 534 1009 593 sed
1025 535 1091 612 quid

91 617 194 693 tollat,
210 632 305 693 neque
320 614 482 694 quomodo,
496 616 547 675 sed
565 617 631 694 quid
653 619 760 695 optime
780 616 940 695 digeratur;
960 618 1022 677 sive
1038 618 1092 678 hac

66 702 130 762 ode
144 718 232 760 causa
245 701 398 759 concoctio
411 698 531 777 incidat,
551 702 613 760 sive
626 701 660 760 de
677 702 739 772 illa;
761 711 790 761 et
808 703 870 759 sive
886 703 1038 761 concoctio
1056 704 1093 761 sit

92 785 153 862 iila,
165 786 228 843 sive
241 791 345 844 tantum
360 781 493 859 digestio.
527 783 553 842 N
556 803 637 869 equex
647 785 840 863 quaerendum
861 803 928 844 esse
946 785 1091 864 quomodo

92 870 253 948 spiremus,
267 866 319 926 sed
332 866 399 944 quid
410 885 529 943 gravem
540 868 708 947 tardumque
727 871 856 948 spiritum
874 869 1024 947 expediat:
1042 888 1090 929 ne-

94 971 151 1032 que
166 951 233 1030 quid
245 969 336 1011 venas
347 960 472 1027 moveat,
487 951 537 1011 sed
552 952 618 1032 quid
632 970 765 1032 quaeque
777 963 870 1013 motus
882 972 992 1030 genera
1005 954 1091 1030 signi·

92 1040 192 1097 tinent.
224 1035 304 1096 Haec
324 1044 416 1094 autem
439 1038 579 1111 cognosci
601 1038 815 1116 experimentis.
848 1037 885 1097 Et
908 1038 936 1096 iu
961 1036 1091 1096 omnibus

58 1137 83 1178 ro
93 1120 236 1198 ejusmodi
254 1119 477 1195 cogitationibus
490 1121 517 1178 in
529 1129 674 1198 utramque
687 1130 796 1200 partem
810 1121 912 1180 disseri
924 1139 1028 1199 posse;
1041 1123 1091 1180 ita·

93 1223 151 1284 que
165 1205 309 1282 ingenium
328 1211 361 1281 et
374 1202 534 1263 facundiam
549 1206 682 1273 vincere;
701 1206 820 1265 morbos
839 1215 932 1265 autem
953 1223 1010 1265 non
1031 1205 1090 1264 elo·

93 1289 227 1368 quentia,
255 1286 306 1346 sed
331 1286 467 1346 remediis
485 1290 588 1347 curari.
618 1289 699 1362 Quae
717 1290 741 1348 si
754 1290 818 1368 quis
829 1290 952 1368 elinguis
969 1308 1020 1349 usu
1035 1289 1090 1348 dis-

94 1381 176 1432 creta
194 1371 269 1430 hene
288 1372 379 1446 norit,
399 1370 474 1430 hunc
486 1371 631 1450 aliquanto
643 1374 781 1448 majorem
799 1373 937 1434 medicum
960 1375 1091 1449 iuturum,

94 1475 179 1535 quam
192 1455 216 1514 si
227 1454 289 1513 sine
304 1473 356 1513 usu
368 1453 493 1531 linguam
506 1474 584 1515 suam
599 1457 768 1516 excoluerit.
803 1457 900 1535 Atque
913 1476 947 1516 ea
966 1458 1091 1535 quidem,

58 1561 84 1602 rs
94 1541 131 1600 de
144 1538 247 1618 quibus
260 1546 304 1597 est
316 1537 436 1614 dictum,
454 1557 634 1617 supervacua
655 1559 720 1599 esse
740 1541 946 1609 tantummodo;
966 1540 993 1599 id
1009 1559 1091 1615 vero,

95 1623 174 1702 quod
191 1631 296 1697 restat,
318 1623 402 1681 etiam
422 1621 554 1683 crudele:
578 1625 707 1684 vivorum
728 1623 870 1683 hominum
891 1624 984 1685 alvum
1006 1635 1092 1704 atque

95 1706 268 1786 praecordia
282 1705 378 1781 incidi,
394 1714 423 1764 et
436 1706 534 1765 salutis
551 1707 689 1767 humanae
703 1706 866 1785 praesidem
877 1717 965 1767 artem
977 1727 1033 1768 nou
1046 1724 1091 1765 so-

24 1845 42 1859 „
95 1793 153 1851 lum
165 1799 278 1869 pestem
290 1789 384 1866 alicui,
397 1789 448 1848 sed
461 1789 534 1849 hauc
545 1791 630 1850 etiam
639 1792 856 1866 atrocissimam,
868 1790 976 1849 inferre
987 1813 993 1858 ;
1008 1807 1091 1867 quum

96 1876 267 1955 praesertim
281 1892 318 1932 ex
338 1874 391 1950 iis,
419 1891 492 1952 quae
508 1883 583 1933 tanta
602 1873 738 1933 violentia
758 1882 948 1952 quaerantur,
968 1872 1023 1932 alia
1035 1889 1092 1931 nou

58 1986 85 2025 20
96 1960 209 2038 possint
221 1958 336 2017 omnino
347 1959 499 2034 cognosci,
513 1958 568 2017 alia
580 1959 692 2035 possint
704 1958 788 2016 etiam
802 1957 863 2016 siue
874 1957 997 2016 scelere.
1020 1956 1092 2014 Nam

96 2043 235 2118 colorem,
248 2041 407 2116 laevorem,
419 2041 578 2117 mollitiem,
592 2040 732 2117 duritiem,
749 2041 907 2118 similiaque
919 2040 1022 2116 omnia,
1035 2057 1092 2097 nou

95 2145 162 2187 esse
175 2126 254 2201 talia,
268 2126 360 2185 inciso
378 2142 518 2203 corpore,
533 2126 627 2204 qualia
640 2127 753 2201 integro
772 2124 890 2184 fuerint:
910 2126 974 2203 quia
996 2141 1091 2201 quum,

95 2209 270 2288 corporibus
285 2207 439 2283 inviolatis,
453 2208 526 2267 baec
537 2219 631 2268 tamen
643 2217 728 2286 metu,
745 2209 860 2284 dolore,
876 2207 986 2283 inedia,
1001 2206 1091 2267 crudi-

95 2304 164 2371 tate,
176 2292 359 2368 lassitudine,
377 2292 455 2351 mille
470 2292 532 2351 aliis
549 2293 742 2352 mediocribus
762 2293 912 2353 affectibus
927 2310 1016 2369 saepe
1034 2308 1092 2349 mu-

57 2387 204 2447 retentum
224 2376 426 2452 multomagis
447 2377 603 2435 verisimile
622 2387 680 2453 est,
705 2378 856 2453 interiora,
881 2377 983 2455 quibus
1001 2377 1093 2451 major

94 2461 246 2536 mollities,
269 2469 298 2519 et
319 2459 368 2519 lux
384 2461 448 2536 ipsa
467 2477 542 2521 nova
563 2461 613 2536 sit,
629 2460 681 2520 sub
694 2462 873 2537 gravissimis
887 2460 1052 2520 vulneribus
1065 2466 1094 2517 et

94 2548 158 2624 ipsa
169 2544 361 2605 trucidatione
373 2545 482 2602 mutari.
511 2543 614 2621 Neque
628 2545 780 2623 quidquam
794 2563 859 2604 esse
874 2545 995 2619 stultius,
1010 2559 1093 2621 quam

96 2630 181 2709 quale
198 2628 264 2708 quid
286 2628 353 2686 vivo
375 2627 489 2686 homine
515 2636 573 2704 est,
592 2628 649 2687 tale
666 2629 830 2688 existimare
854 2647 921 2688 esse
940 2629 1092 2702 moriente,

94 2716 151 2775 imo
166 2713 226 2788 jam
237 2720 364 2778 mortuo;
377 2728 441 2769 narn
454 2720 563 2770 uterum
572 2714 629 2790 (sc.
642 2713 792 2790 ventrem)
806 2713 928 2790 quidem,
941 2713 988 2791 qui
1003 2712 1094 2770 minus

58 2797 130 2862 aoad
145 2816 205 2857 rem
223 2796 381 2875 pertineat,
402 2795 528 2872 spirante
547 2796 660 2855 homine
673 2814 761 2874 posse
779 2795 887 2856 diduci:
910 2795 1094 2873 simulatque

95 2899 166 2940 vero
179 2881 285 2940 ferrum
298 2878 333 2938 ad
347 2877 516 2955 praecordia
534 2881 671 2955 accessit,
685 2889 714 2937 et
731 2879 881 2939 discissum
899 2889 1094 2940 transversum

96 2974 207 3043 septum
220 2972 272 3038 est,
287 2961 363 3041 quod
378 2961 541 3021 membrana
553 2963 671 3041 quadam
685 2965 853 3041 superiores
866 2973 963 3041 partes
977 2961 1012 3021 ab
1024 2961 1094 3020 inie-

94 3049 218 3108 riorihus
229 3047 334 3107 diducit
347 3037 556 3125 (διάφραγμα
574 3044 677 3105 Graeci
692 3045 831 3124 vocant),
851 3046 993 3105 hominem
1007 3044 1094 3123 proti·

95 3151 146 3191 uus
165 3134 285 3193 animam
303 3131 449 3188 amittere:
468 3133 506 3190 ita
523 3131 625 3188 mortui
647 3129 757 3188 demum
776 3129 948 3207 praecordia
961 3136 989 3186 et
1001 3130 1096 3185 viscus

59 3236 86 3276 as
96 3233 178 3276 omne
191 3217 219 3274 iu
233 3221 420 3291 conspectum
433 3213 630 3273 latrocinantis
642 3211 746 3271 medici
759 3212 817 3271 dari
830 3229 952 3270 necesse
967 3219 1011 3268 est
1027 3207 1095 3281 tale,

95 3301 179 3378 quale
192 3298 296 3359 mortui
308 3296 356 3371 sit,
375 3313 432 3354 non
445 3297 529 3375 quale
542 3297 599 3355 vivi
612 3297 672 3355 iuit.
694 3294 793 3373 ltaque
806 3295 945 3372 consequi
956 3291 1095 3352 medicum

93 3394 123 3443 ut
134 3384 277 3444 homiuem
290 3379 445 3441 crudeliter
451 3381 581 3457 Juguiet,
595 3398 651 3440 non
664 3389 692 3439 ut
705 3380 794 3455 sciat,
808 3378 901 3458 qualia
914 3378 970 3436 vivi
982 3378 1096 3436 viscera

93 3467 259 3529 habeamus.
297 3466 327 3524 Si
348 3463 416 3540 quid
431 3473 525 3523 tamen
546 3467 599 3541 sit,
616 3463 693 3542 quod
717 3463 808 3522 adhuc
831 3463 958 3541 spirante
982 3461 1096 3520 bomine
