2414 3924
120 193 164 257 30
359 204 408 251 nn
429 203 493 251 nur
514 202 647 250 usnam
669 201 746 249 cir.
761 200 846 248 xvir.

123 346 229 416 liores,
259 362 347 423 quam
369 352 474 422 potero
493 341 683 403 lucidissimis
702 342 782 401 notu
800 338 942 416 siguabo;
977 358 1017 401 ex
1037 360 1098 421 quo

89 431 213 492 aetiam
233 430 351 508 primus
370 427 420 488 ille
441 436 511 487 tuus
532 425 638 488 natalis
657 425 768 504 liquido
788 432 939 486 noscetur.
976 434 1100 504 tempus

123 522 223 576 autem
238 530 299 573 non
314 513 393 572 diem
407 510 612 572 tantummodo
628 510 675 571 rel
688 527 822 570 mensem
838 508 885 570 rel
898 527 1015 570 annum
1028 529 1099 572 ver·

124 605 235 660 tentem
257 595 391 676 appello,
413 597 466 657 sed
488 604 518 656 et
532 595 612 674 quod
633 595 752 673 quidam
767 594 895 655 lustrum
916 601 969 655 aut
982 613 1097 657 aunum

89 695 264 760 amagnum
285 689 406 751 vocant,
432 688 462 741 et
480 682 560 758 qnod
580 678 733 758 saeculum
752 680 917 739 nominant.
961 687 1133 741 ceterum5

124 768 163 828 de
176 783 257 835 aevo,
275 765 354 845 quod
370 771 415 826 est
424 773 543 842 tempus
557 782 648 824 unum
665 771 694 825 et
708 765 879 834 maximum,
896 780 957 823 non
968 763 1100 826 multum

125 850 264 930 estquod
279 852 310 910 in
324 850 493 928 praesentia
507 848 632 909 dicatur.
671 856 717 910 est
731 850 811 909 euim
826 850 1015 918 inmensum,
1032 851 1100 911 siue

125 935 254 1011 origine,
271 936 335 994 sine
350 935 422 1008 dne,
445 933 525 1012 quod
541 933 647 994 eodem
662 932 751 994 modo
767 951 887 1011 semper
902 933 958 992 luit
967 940 1005 999 ,et
1018 952 1099 995 sem·

124 1037 180 1097 per
200 1018 334 1079 futurum
357 1025 415 1087 est,
446 1036 543 1097 neque
567 1018 605 1078 ad
626 1035 805 1097 quemquam
824 1018 980 1078 hominum
1003 1020 1100 1096 magis

91 1114 215 1181 squam
230 1103 267 1163 ad
282 1101 408 1164 alterum
425 1104 562 1180 pertinet.
593 1103 651 1163 hoc
672 1105 705 1163 iu
719 1104 775 1164 tria
796 1101 934 1185 dividitur
948 1108 1147 1182 temporalo

126 1188 337 1265 praeteritum,
365 1204 523 1266 praesens,
544 1187 689 1249 lntnrum.
724 1205 742 1247 e
768 1185 876 1266 quibam
900 1189 1099 1266 praeteritum

126 1271 208 1331 initio
224 1278 313 1341 caret,
331 1273 410 1332 exitu
426 1270 567 1342 futurum,
583 1287 727 1350 praesens
741 1278 850 1340 autem,
866 1270 946 1350 quod
963 1272 1097 1333 medium

127 1363 188 1425 est,
204 1354 280 1415 adeo
296 1358 435 1433 exiguum
451 1363 481 1415 et
494 1354 787 1433 inconprehensibile
802 1363 856 1426 est,
872 1362 906 1416 ut
919 1353 1035 1417 nullam
1050 1374 1100 1418 re-

126 1439 216 1518 cipiat
230 1438 443 1517 longitudinem
460 1458 557 1521 neque
573 1439 654 1502 aliud
669 1457 733 1501 esse
748 1440 881 1501 videatur
896 1457 985 1519 quam
1000 1447 1099 1501 trans·

126 1525 182 1586 acti
196 1524 347 1604 futurique
362 1526 546 1594 coniunctio,
569 1525 643 1586 adeo
657 1542 749 1602 porro
764 1523 914 1594 instabile,
938 1531 971 1584 ut
984 1523 1098 1587 ibidem
1117 1536 1146 1586 15

126 1609 164 1670 sit
177 1625 354 1689 numquam,
376 1617 406 1670 et
420 1609 562 1689 quidquid
577 1610 755 1670 transcurrit
768 1627 786 1669 a
801 1609 900 1670 luturo
917 1609 1055 1688 decerpit
1069 1618 1100 1673 et

92 1702 108 1752 o
126 1693 248 1774 adponit
267 1695 437 1772 praeterito.
482 1695 556 1755 haec
575 1695 654 1755 iuter
672 1711 706 1754 se
726 1700 877 1772 tempora,
908 1700 976 1753 ante
996 1703 1098 1756 actum

126 1778 194 1839 dico
210 1786 425 1847 elocuturum,
452 1796 550 1856 neque
564 1779 646 1856 paria
660 1786 730 1839 sunt
745 1795 841 1857 neque
860 1779 901 1837 ita
920 1782 955 1837 ut
969 1776 1097 1840 alterum

126 1862 221 1924 altero
247 1861 364 1941 longius
388 1862 543 1925 breviusvc
568 1862 716 1923 videatur:
755 1863 897 1942 quidquid
926 1862 1008 1922 enim
1035 1880 1096 1924 non

92 1945 217 2008 ohabet
235 1947 340 2016 finem,
371 1946 568 2008 conlationem
596 1964 753 2008 mensurae
780 1963 840 2006 non
859 1947 973 2024 recipit
1023 1965 1096 2027 qua·
1112 1957 1142 2008 20

126 2040 249 2111 propter
271 2050 375 2092 aevum
397 2048 493 2110 neque
514 2049 661 2092 annorum
682 2049 738 2092 nee
759 2031 946 2091 saeculorum
967 2049 1096 2094 numero

128 2133 182 2176 uec
204 2116 331 2194 denique
353 2115 413 2176 ullo
429 2116 502 2176 liniti
524 2119 666 2194 temporis
686 2115 806 2176 modulo
822 2116 921 2176 metiri
943 2116 1095 2178 conabor:

126 2201 199 2260 haec
223 2203 302 2261 enim
318 2200 355 2261 ad
371 2208 495 2261 aetatem
517 2201 659 2261 infinitam
680 2217 740 2260 non
757 2207 825 2260 sunt
838 2198 983 2261 brumalis
1004 2203 1096 2263 unius

125 2284 218 2345 instar
233 2286 334 2346 horae.
927 2287 941 2313 ⁸

93 2378 107 2426 l
190 2368 291 2448 ltaque
312 2376 345 2429 ut
365 2367 480 2428 saecula
501 2370 612 2447 possim
633 2386 811 2449 percurrere
833 2376 862 2429 et
882 2368 939 2428 hoe
954 2376 1094 2430 nostrum
1110 2379 1143 2428 ao

127 2469 267 2529 praesens
293 2452 462 2528 designare,
494 2454 611 2514 omissis
632 2455 730 2514 aureis
756 2453 963 2532 argenteisque
984 2461 1015 2514 et
1035 2454 1095 2516 hoc

126 2551 220 2611 genus
241 2537 379 2612 poeticis,
402 2554 417 2597 a
440 2538 560 2598 conditu
581 2538 664 2598 urbis
684 2538 812 2608 Romae,
836 2539 948 2617 patriae
970 2546 1094 2600 nostrae

74 2622 109 2683 17
127 2621 307 2688 eommunis,
340 2621 492 2692 exordiar,
524 2634 554 2684 et
575 2624 716 2700 quonlam
738 2621 855 2683 saecula
875 2629 925 2684 aut
944 2622 1093 2684 naturalia

46 2734 49 2739 ,
126 2711 195 2764 sunt
211 2711 261 2764 ant
276 2704 385 2777 civilia,
403 2708 485 2784 prius
500 2707 537 2768 de
553 2706 738 2767 naturalibus
753 2707 857 2767 dicam.

91 2798 107 2846 a
190 2789 345 2851 Saeculum
372 2799 417 2850 est
451 2792 576 2869 spatium
604 2793 679 2852 vilae
706 2792 852 2852 humanae
885 2789 1091 2868 longissimum
1108 2799 1138 2849 30

192 3012 217 3059 4.
238 3014 386 3059 autunum
405 3010 479 3058 ann1'1
502 3009 528 3057 V
588 3010 755 3061 o.secu1um
776 3010 803 3058 V
860 3012 883 3060 7.
902 3010 1048 3072 presentia
1069 3010 1095 3060 V

126 3081 166 3129 10.
181 3091 267 3142 ,quam
286 3076 453 3128 adnumerum
472 3078 509 3139 D,
531 3091 613 3141 quam
632 3075 668 3126 ad
686 3077 842 3127 adulterum
859 3079 888 3136 d¹
947 3076 988 3125 11.
1010 3093 1025 3126 a
1045 3094 1090 3129 om.

125 3146 182 3196 DV
248 3147 287 3199 12.
310 3159 421 3196 trisemo
446 3145 571 3207 (tutatuta
594 3151 654 3195 octe
675 3144 744 3210 ros.)
771 3146 796 3194 D
866 3155 973 3194 extruso
996 3145 1022 3193 D

126 3215 165 3264 18.
193 3213 493 3278 rucoupnaeheusurtne
517 3213 555 3272 D,
584 3211 819 3278 inconprensibile
848 3214 873 3262 V
942 3211 982 3260 16.
1012 3214 1091 3274 quic-

126 3279 189 3346 quid
218 3280 245 3329 V
311 3287 338 3331 et
363 3280 477 3345 adponit
498 3282 650 3345 praeterito
672 3296 719 3331 om.
746 3280 770 3329 V
839 3280 879 3331 18.
903 3274 1001 3344 paria]
1027 3292 1091 3344 prc-

124 3350 186 3415 pria
208 3347 234 3398 V
301 3350 341 3402 19.
361 3349 491 3426 quicquid
514 3348 540 3398 V
605 3349 647 3401 26.
667 3347 816 3414 decoquaae
835 3344 878 3410 (oe
897 3363 933 3396 ea
951 3345 989 3411 δι)
1008 3347 1035 3396 Ι)

125 3419 165 3469 28.
187 3415 348 3467 exonerans*
360 3415 363 3478 Ι
375 3424 400 3466 et
419 3430 461 3481 qm
482 3415 526 3480 (et
544 3419 615 3467 initio
633 3431 721 3467 versor
739 3417 825 3485 adeor.
843 3431 874 3465 m.
895 3411 929 3480 2)
948 3415 986 3478 D,
1010 3430 1090 3466 exor·
1153 3421 1156 3429 “

126 3482 261 3548 diarlDE
281 3482 456 3535 sancvms
479 3485 507 3533 V
519 3486 616 3534 omnus
635 3488 663 3534 et
681 3484 809 3548 qnoniam
828 3509 859 3519 -
879 3481 970 3532 dicam
