2414 3924
146 247 209 310 248
437 260 470 306 a.
490 259 520 306 c.
540 257 639 306 czzsr
653 256 847 305 nnnrcrunu

147 413 244 487 croci,
259 412 410 489 myrrhae,
427 413 557 472 aluminis
570 411 709 486 scissilis,
726 412 903 488 singulorum
919 429 948 489 p.
959 412 1016 492 )·(.
1030 426 1067 472 11.
1084 432 1140 493 per

146 515 179 557 sc
196 505 397 572 conteruntur,
420 496 613 574 paulatimque
628 495 673 554 bis
691 495 862 570 adjiciuntur
876 496 935 553 vini
950 496 1024 555 lenis
1042 497 1139 571 cyathi

146 580 221 655 dno,
242 578 338 639 mellis
362 597 452 647 unus;
480 579 584 638 deinde
605 579 696 657 priori
719 595 809 638 succo
832 580 885 638 ista
906 578 1085 656 miscentur,
1110 589 1139 640 et

146 682 245 724 rursus
267 663 372 722 leniter
397 665 611 741 incoqunntur:
653 671 701 721 aut
728 661 857 737 ejusdem
886 664 966 723 succi
992 665 1138 723 sextarios

146 748 250 807 codem
270 746 355 806 modo
380 748 527 824 coquitur,
551 755 636 824 atquc
653 746 754 805 cadem
769 748 880 806 ratione
897 747 963 806 trita
977 746 1053 806 baec
1068 746 1161 824 adjis

76 842 78 846 ⁴
141 832 272 897 ciuntur:
306 829 387 889 nardi
410 849 438 908 p.
459 829 515 908 )-(.
535 863 587 886 —.
618 829 761 906 omphacii
782 848 810 908 p.
830 829 887 908 )·(.
905 843 929 890 1.
954 831 1138 906 cinnamomi,

145 915 293 990 myrrhae,
315 914 428 987 casiae,
452 912 629 989 singulorum
652 931 680 990 p.
697 911 792 992 )-(.1.
826 912 936 972 Eadem
951 922 1046 973 autem
1063 913 1139 975 baec

146 1008 176 1059 ct
191 996 308 1058 auribus
324 1006 353 1056 et
368 997 485 1056 naribus
503 997 663 1074 purulentis
678 997 895 1056 accommodata
909 1005 983 1056 sunt.
1007 995 1098 1057 (libus
1111 1000 1140 1056 in

144 1083 200 1142 bac
218 1097 334 1159 quoqne
349 1080 513 1140 valetudine
529 1079 604 1139 lenis
617 1097 684 1138 esse
697 1079 800 1158 debet,
816 1099 853 1139 ne
865 1090 1030 1158 exasperet.
1052 1079 1140 1153 Quod

45 1190 48 1195 ·
145 1168 170 1224 si
190 1173 267 1224 tanta
282 1164 463 1223 inflammatio
479 1173 540 1239 est,
564 1158 594 1222 ul
608 1162 737 1241 spiritum
753 1163 906 1242 impediat,
927 1163 1051 1224 inlecto
1069 1175 1170 1224 con-tt

146 1246 366 1326 quiescendum
387 1265 403 1307 a
420 1247 486 1306 cibo
503 1247 717 1323 abstinendum,
734 1265 829 1325 neque
844 1246 1044 1306 assumendum
1056 1248 1138 1326 quid·

145 1348 229 1410 quarn
246 1340 362 1407 praeter
377 1348 477 1408 aquam
494 1331 615 1390 calidam
632 1339 691 1399 est;
708 1331 790 1389 alvus
803 1347 921 1408 quoque
933 1330 1063 1390 ducenda
1076 1341 1138 1399 est;

145 1415 383 1493 gargarizandum
405 1432 443 1473 ex
464 1415 519 1474 lico
543 1422 572 1472 et
594 1413 703 1481 mulso;
727 1414 891 1474 illinendum
912 1414 968 1473 mcl
993 1432 1058 1473 cum
1077 1431 1138 1474 om·

145 1497 262 1577 pbaci0;
283 1500 463 1557 extrinsecus
481 1497 692 1573 admovendus,
717 1497 769 1556 sed
784 1497 930 1577 aliquanto
944 1497 1065 1572 diutius,
1089 1516 1138 1557 va-

56 1609 61 1620 .
144 1599 200 1661 por
218 1581 345 1658 calidus,
370 1582 464 1641 donec
480 1599 514 1640 ca
531 1590 708 1661 suppurent,
731 1591 759 1640 et
775 1599 876 1659 perse
892 1582 1065 1660 aperiantur.
1107 1583 1169 1642 stu

144 1684 217 1744 pure
241 1665 389 1725 substante
411 1682 468 1728 uon
489 1673 657 1742 rumpuntur
677 1663 705 1722 bi
726 1673 869 1741 tumores,
891 1664 1034 1725 incidendi
1055 1675 1137 1726 sumt:

143 1750 248 1810 deinde
268 1767 306 1807 ex
327 1749 419 1809 mulso
437 1749 529 1808 calido
544 1747 794 1825 'gargarizandum
830 1749 868 1807 Αι
884 1749 908 1808 si
925 1748 1056 1808 modicus
1071 1752 1137 1827 qui-

144 1835 208 1894 dem
230 1841 339 1908 tumor,
363 1834 415 1892 sed
436 1833 617 1892 exulceratio
635 1841 696 1907 est,
721 1830 860 1891 furfurum
876 1833 1000 1892 cremori
1019 1832 1053 1891 ad
1070 1850 1137 1908 gar·

143 1917 328 1995 garizandum
349 1917 463 1995 paulum
479 1915 574 1975 mellis
590 1915 779 1991 adjiciendum
794 1924 856 1990 est,
878 1915 1074 1993 illinendaque
1091 1916 1136 1975 ul·

145 2018 212 2061 cera
234 2000 291 2060 buc
312 2002 540 2061 medicamento:
561 2001 640 2079 passi
656 2017 738 2077 quam
756 1999 913 2059 dulcissimi
928 2008 988 2059 tres
1003 1998 1169 2059 heminaen

144 2085 179 2144 ad
208 2103 290 2144 unam
318 2094 493 2162 coquuntur;
527 2093 584 2142 tum
611 2083 743 2159 adjicitur
768 2084 839 2142 turis
865 2102 893 2161 p.
918 2081 973 2160 )·(.
995 2097 1017 2141 1.
1046 2085 1137 2159 croci,

143 2168 293 2244 myrrhae,
311 2169 488 2245 singulorum
504 2186 532 2245 p.
548 2167 604 2246 )·(.
622 2201 657 2213 -
674 2166 835 2245 leniterque
852 2168 946 2227 omnia
962 2185 1062 2226 rursus
1078 2166 1137 2226 ier·

143 2260 273 2311 vescunt.
307 2250 364 2312 Ubi
384 2269 456 2329 pura
479 2251 576 2309 ulcera
599 2259 680 2325 sunt,
706 2250 810 2309 ecdem
830 2249 970 2309 luriurum
990 2267 1137 2327 cremore,

145 2333 191 2391 vel
207 2334 282 2392 lacte
298 2332 534 2410 gargarizandum
551 2342 604 2391 est.
626 2332 722 2411 Atque
738 2334 785 2393 bic
801 2351 916 2412 quoquc
934 2333 1006 2393 cibis
1022 2334 1137 2393 lenibus

144 2433 217 2493 opus
233 2426 292 2491 est,
312 2417 413 2493 quibus
429 2415 514 2490 adjici
531 2416 616 2475 dulce
631 2417 724 2476 vinum
743 2426 850 2496 potest.
1143 2433 1168 2473 aa

491 2653 674 2717 CAPUT
716 2657 784 2717 XI.

509 2768 544 2816 Do
562 2769 612 2817 oris
628 2768 763 2817 ulceribus.

204 2914 313 2976 Ulcera
332 2926 426 2976 autem
443 2920 517 2994 oris,
537 2920 560 2978 si
576 2938 639 2978 cum
654 2919 875 2978 inflammatione
891 2927 972 2992 sunt,
992 2926 1021 2976 et
1036 2933 1137 2995 parum

143 3019 213 3080 pura
236 3018 270 3059 uc
292 3000 448 3062 rubicunda
470 3012 551 3076 sunt,
574 3005 682 3080 optime
703 3003 738 3061 iis
754 3001 971 3060 medicamentis
990 3008 1136 3074 curantur,

144 3102 217 3163 quae
234 3087 429 3165 supraposita
446 3105 483 3145 ex
498 3087 580 3146 malis
598 3086 709 3164 punicis
725 3085 779 3164 (ci.
796 3103 825 3163 p.
845 3084 916 3159 246,
935 3085 955 3144 l.
976 3083 1031 3161 19)
1049 3085 1170 3143 liuntzao

143 3168 388 3247 continendusque
398 3188 489 3249 saepe
511 3188 562 3229 ore
577 3171 736 3248 reprimens
752 3185 866 3229 cremor
881 3177 940 3243 est,
961 3169 1005 3227 cui
1020 3166 1137 3245 paulum

143 3251 236 3311 mellis
249 3253 285 3310 sit
296 3253 448 3328 adjectum.
467 3254 609 3314 Utendum
620 3250 872 3330 ambulationibus,
883 3251 1046 3311 etnonacri
1058 3249 1136 3311 cibo.

143 3333 231 3396 Simul
244 3343 329 3413 atque
342 3354 413 3396 vcro
427 3355 498 3415 pura
510 3338 610 3397 nlccra
622 3355 689 3398 esse
701 3345 871 3414 coeperunt,
884 3335 957 3395 lenis
968 3335 1081 3408 bumor,
1094 3334 1136 3391 in·

143 3419 252 3478 tardum
265 3420 350 3479 etiam
365 3438 446 3497 quam
460 3423 566 3498 optima
581 3438 654 3497 aqua
671 3436 722 3480 ore
739 3420 911 3479 continenda
924 3428 988 3482 est:
1001 3416 1136 3496 prodest·

143 3520 200 3578 quc
215 3511 368 3562 assumtum
383 3519 485 3582 purum
498 3504 609 3581 vinum,
628 3504 800 3582 pleniorque
818 3503 916 3580 cibus,
938 3501 1002 3561 dnm
1019 3499 1135 3559 acribus
1143 3519 1167 3562 ss
