2414 3924
152 214 215 276 322
259 228 293 273 n.
309 226 339 274 c.
357 225 456 274 censs
470 224 664 273 unorcmnn
686 224 756 272 nis.
770 224 829 271 vn.
847 204 923 273 ese.
939 227 1065 274 xxxin.

153 391 217 442 tero
233 380 280 459 (P.
288 380 364 457 Aeg.
380 380 431 455 vi,
449 379 517 459 84),
532 380 590 440 alio
607 379 676 438 loon
689 379 756 438 mihi
773 378 878 438 dietum
895 390 940 440 est
955 382 1010 461 (V,
1019 381 1072 459 26,
1080 381 1151 461 34).

152 464 210 526 Sed
224 465 254 524 id
277 482 393 542 quoque
417 482 480 522 cum
501 463 633 541 periculo
656 480 764 523 summo
787 464 832 532 iit;
849 482 913 524 num
932 482 1022 543 saepe
1038 466 1067 524 in
1083 468 1152 544 ipso

152 566 245 628 opere
267 547 316 607 vel
333 547 503 626 profusione
520 547 683 623 sanguinis,
700 547 748 606 vel
762 548 872 607 animae
897 547 1065 608 deiectione
1089 568 1151 610 rno-

52 676 55 681 ·
151 633 270 693 riantur.
309 633 418 691 Verum
442 630 490 690 hie
519 647 635 709 quoque
662 630 731 689 nihil
755 633 893 707 interest,
919 649 955 690 au
975 634 1047 692 satis
1061 642 1153 692 tntum

153 715 326 795 praesidium
347 716 398 789 sit,
424 715 501 793 quod
526 716 638 773 unicum
660 722 714 773 est.
749 713 841 790 Igitur
858 717 932 774 inter
957 733 1055 775 sanam
1070 719 1179 781 vitia-s

153 808 267 877 tumque
284 808 394 876 partem
409 798 561 858 incidenda
577 797 720 876 scalpello
737 815 805 857 earo
821 799 962 876 usquead
982 815 1015 858 os
1035 809 1082 859 est
1097 803 1153 877 sio,

147 891 183 955 ¹nt
204 900 299 961 neque
323 892 423 942 eontra
446 883 538 960 ipsum
570 882 719 941 articulum
741 882 769 940 id
792 882 857 956 liat,
873 891 903 941 et
917 885 1012 959 potius
1028 901 1067 942 ex
1083 902 1155 944 sana

154 974 235 1045 purte
250 966 359 1043 aliquid
374 965 540 1040 excidatur,
556 983 641 1042 quam
663 984 700 1024 ex
716 983 804 1042 aegra
820 966 1007 1043 relinquatur.
1039 967 1097 1027 Ubi
1119 968 1155 1027 ad

153 1057 318 1110 essentum
338 1059 394 1126 est,
412 1047 578 1108 reducenda
599 1050 685 1108 abeo
700 1067 769 1109 sana
785 1066 874 1126 caro,
895 1057 923 1109 et
938 1051 1016 1109 eirea
1034 1067 1069 1110 os
1084 1052 1154 1110 suh·

153 1132 279 1194 secunda
300 1140 359 1209 est,
374 1142 404 1192 ut
420 1150 455 1192 ea
474 1150 590 1211 quoqne
605 1142 687 1210 parte
700 1133 807 1210 aliquid
829 1150 864 1193 os
884 1133 1021 1193 nudetur:
1043 1133 1111 1193 dein
1125 1136 1153 1195 id
1164 1154 1189 1195 ro

153 1215 264 1276 serrula
283 1215 506 1293 praecidendum
525 1225 579 1290 est,
596 1234 678 1294 qnam
696 1218 828 1295 proxime
851 1234 939 1275 sanae
962 1219 1041 1276 carni
1066 1221 1154 1279 etium

74 1348 79 1357 .
153 1298 327 1359 Inhaerenti:
357 1318 392 1359 ao
420 1309 476 1358 tum
499 1300 581 1359 frons
608 1302 701 1376 ossis,
724 1317 806 1378 quarn
823 1301 934 1359 serrula
954 1305 1153 1380 exasperavit,

153 1381 294 1457 laevanda
310 1390 371 1458 est,
389 1400 535 1462 supraque
552 1384 714 1443 inducenda
730 1387 817 1451 cutis;
834 1402 910 1462 quae
933 1384 985 1443 snb
1008 1386 1154 1459 eJ'usmodi

155 1467 303 1527 curatione
320 1466 386 1526 laxa
410 1486 476 1527 esse
492 1466 596 1544 debet,
612 1465 740 1545 ut'qnam
756 1469 882 1528 maxime·
893 1467 1018 1546 undique
1031 1488 1065 1528 os
1082 1487 1153 1529 oon·

153 1558 243 1628 tegat.
277 1551 340 1626 Quo
358 1552 430 1611 ontis
447 1550 561 1610 inducta
576 1568 633 1610 uon
648 1551 745 1627 inerit,
761 1551 789 1611 id
803 1552 965 1611 linamentis
981 1554 1034 1611 erit
1052 1562 1152 1613 eonte-
1166 1564 1190 1605 ¹⁵

153 1634 286 1713 gendum,
310 1643 339 1694 et
365 1653 455 1714 super
482 1634 509 1694 id
533 1636 659 1713 spongia
683 1652 720 1694 ex
743 1643 827 1696 aceto
846 1634 1009 1711 deliganda.
1045 1635 1155 1698 Cetera

153 1728 257 1798 postea
281 1719 325 1777 sio
345 1718 496 1794 iacienda,
515 1727 545 1777 nt
566 1720 594 1777 in
607 1718 788 1795 vulneribus,
805 1720 832 1777 in
849 1718 953 1797 quihus
968 1737 1022 1798 pus
1040 1723 1154 1782 moveri

153 1801 241 1861 debet
256 1801 293 1879 ¹),
310 1811 498 1881 praeceptum
516 1811 560 1860 est
577 1803 630 1880 (V,
651 1803 701 1879 26,
719 1804 756 1864 16
774 1802 868 1881 sqq.).

223 1989 249 2052 1)
268 1988 339 2038 Hane
352 1994 464 2038 veterum
483 1989 603 2038 librorum
619 1987 751 2038 lectionem
767 1987 849 2037 firmat
867 1988 894 2038 P.
910 1990 975 2056 Aeg.
989 2004 1014 2056 p.
1031 1987 1093 2050 ³38,
1112 1991 1153 2042 ed.

151 2055 242 2106 Briau:
261 2054 305 2122 Τῇ
322 2054 453 2124 πυοποιῷ
468 2055 593 2122 χρῆσθαι
609 2054 759 2124 θεραπείᾳ.
