2414 3924
538 252 581 261 ..
625 215 669 280 42
718 252 756 262 ..

139 368 165 420 2
188 362 238 437 Vl,
261 379 383 441 spumae
407 361 522 440 argenti
547 366 571 416 i.
594 360 662 442 llll,
686 380 825 423 cerussae
851 368 876 419 λ
894 364 934 445 ll,
957 363 1015 424 olei
1038 367 1155 426 rosacei

138 448 188 513 lib.
212 452 234 533 1,
258 468 330 511 uvae
358 448 477 529 lupinae
501 453 526 504 λ
549 449 623 512 Vlll.
665 451 721 511 hoc
750 452 998 513 medicamentum
1029 453 1101 514 iacit
1123 463 1153 515 et

139 540 175 601 ad
199 540 337 621 herpetas
361 538 417 599 boe
440 546 487 599 est
510 539 711 618 serpusculos.

470 733 556 794 XXV.
593 735 641 794 hd
665 753 824 796 araneas.

112 869 124 909 5
227 861 357 919 araneas
381 857 486 918 Graeci
509 876 525 918 a
549 858 695 936 serpendo
724 859 803 938 quod
831 858 938 939 herpin
961 860 1065 921 dicunt
1088 861 1156 922 her·

137 957 221 1028 petas
241 947 357 1029 dicunt,
381 964 435 1006 nos
453 964 524 1006 vero
544 945 680 1007 similiter
699 946 789 1008 latino
809 966 947 1008 sermone
966 951 1045 1010 sicut
1063 967 1155 1031 supra

46 1059 70 1098 r·
85 1049 124 1088 2⁰⁵
138 1036 266 1097 diximus
294 1054 311 1096 a
339 1035 486 1114 serpendo
511 1035 701 1113 serpnsoulos
729 1039 926 1099 nominamus.
947 1033 952 1118 l
973 1045 1003 1098 et
1026 1038 1157 1099 efficitur

138 1125 193 1185 sub
230 1126 344 1203 ingenti
381 1123 518 1184 acredine
556 1141 589 1183 ac
623 1123 720 1184 calore
758 1124 834 1186 lellis
866 1144 934 1185 cum
966 1126 1157 1206 pustularum

138 1215 458 1293 superinsurreetione.
508 1219 554 1271 est
586 1220 616 1272 et
648 1212 726 1273 aliud
758 1232 853 1292 genus
885 1213 1032 1296 herpetis,
1065 1234 1157 1295 quem

98 1314 123 1354 ro
138 1301 243 1361 Graeci
275 1300 429 1361 cenchrias
462 1308 580 1380 vocant,
613 1302 639 1360 si
672 1301 791 1381 quidem
824 1305 855 1362 in
888 1304 1045 1382 superficie
1077 1307 1156 1365 cutis

137 1389 272 1469 pustulas
296 1391 425 1450 minutas
444 1388 524 1449 milio
544 1388 655 1450 similes
674 1390 817 1452 ostendit:
842 1409 929 1470 quam
951 1391 1048 1453 Latini
1066 1393 1156 1472 vulgo

138 1495 275 1539 araneam
298 1480 446 1538 verrinam
469 1484 583 1537 vocant.

226 1569 257 1627 in
289 1564 493 1627 curationibus
525 1573 626 1626 autem
658 1567 794 1628 similiter
826 1576 859 1629 nt
892 1569 1067 1649 erysipelate
1101 1589 1156 1631 su·

136 1657 239 1735 perius
263 1654 390 1715 curabis.

98 1826 123 1865 15
200 1785 208 1798 '
467 1813 566 1875 xxvi.
603 1815 651 1875 aa
675 1817 823 1876 scrofas.

227 1939 347 2001 Seroias
389 1939 493 2000 Graeci
535 1938 671 2001 chiradas
711 1950 818 2001 vocant
854 1940 979 2001 duritias
1023 1940 1157 2002 rotundo

137 2031 287 2090 schemate
315 2037 398 2089 natas
427 2036 458 2089 et
485 2030 584 2088 nervis
615 2037 704 2108 atque
733 2031 851 2090 arteriis
873 2031 957 2089 venis
980 2036 1010 2089 et
1033 2047 1155 2090 muscu-

137 2117 208 2177 losis
231 2115 412 2177 membranis
435 2119 680 2177 connaturatione
704 2118 821 2198 infixas,
848 2117 928 2196 qurod
952 2117 1057 2178 Graeci
1088 2125 1156 2179 cata
1188 2110 1190 2114 ’

138 2205 270 2284 syniysin
297 2211 412 2265 vocant.
454 2211 484 2264 et
512 2221 579 2263 cum
607 2204 787 2283 glandulosis
814 2209 845 2266 in
874 2206 948 2266 locis
971 2208 1002 2265 in
1027 2213 1155 2285 utraque

18 2295 22 2301 '
97 2295 268 2372 angustaris
294 2301 379 2372 parte
407 2292 519 2352 inerint
548 2299 647 2374 natae,
675 2295 764 2354 sicuti
793 2296 855 2355 suis
885 2295 1011 2355 feminae
1035 2295 1156 2375 turgida

90 2410 96 2423 ·
137 2380 211 2441 colla
240 2399 307 2442 cum
340 2380 442 2441 dolore
470 2379 645 2462 ostendunt,
677 2383 755 2443 unde
788 2384 853 2463 ipso
886 2385 1004 2444 nomine
1037 2385 1155 2445 scrofae

210 2612 222 2658 l
244 2605 305 2660 oleo
324 2620 388 2659 roso
406 2605 470 2670 (sic)
488 2621 514 2675 9,
534 2603 588 2658 olei
606 2603 678 2659 rosei
697 2607 747 2672 (ro.
762 2608 795 2675 p)
815 2623 856 2675 cp.
965 2613 980 2660 2
1004 2607 1052 2663 hh.
1077 2609 1098 2662 i.
1126 2625 1154 2677 9,

136 2674 198 2729 libr.
218 2674 231 2727 Ι
250 2693 272 2744 e,
292 2677 319 2729 l’.
339 2675 359 2730 I.
375 2691 405 2743 p.
478 2681 493 2728 3
514 2677 625 2744 erpetas
640 2692 675 2744 p:
695 2677 831 2731 herbenas
848 2696 874 2748 9,
894 2677 1023 2732 hertenas
1040 2695 1061 2733 c.
1137 2687 1153 2733 5

136 2746 242 2814 harpen
264 2763 294 2816 9,
319 2745 420 2815 herpin
444 2762 458 2799 c
481 2747 520 2813 (q.
544 2746 570 2798 h.
590 2746 616 2800 d.
640 2762 691 2801 om.
710 2764 746 2816 p,
770 2764 865 2817 erpem
889 2749 955 2805 Sim.
979 2765 1000 2806 s.
1022 2754 1153 2818 cremae)

135 2817 273 2886 herpenas
290 2834 316 2886 9,
334 2815 567 2885 herpepeticoap
587 2818 648 2886 (om.
669 2834 691 2883 c,
714 2819 846 2888 herpetas
864 2818 960 2874 Simon
978 2835 998 2875 a.
1018 2823 1062 2890 a).
1137 2829 1152 2876 7

135 2887 304 2959 aerpiginem
328 2887 425 2941 Simon
447 2903 467 2940 s.
491 2888 614 2955 herpetas
637 2889 683 2956 (ef.
710 2890 807 2944 Isidor
830 2892 851 2944 Ι
856 2890 892 2959 V,
915 2897 947 2955 8,
972 2897 989 2945 5
1013 2891 1152 2960 serpedo).

136 2963 209 3015 nomi.
228 2976 246 3030 9
266 2961 296 3028 (i.
316 2976 336 3014 e.
357 2958 532 3012 nominamus
547 2963 588 3026 p),
608 2960 815 3016 nominavimus
834 2978 855 3015 c.
929 2968 945 3015 8
961 2978 994 3016 ac
1012 2978 1041 3031 p:
1061 2963 1091 3016 et
1109 2979 1151 3031 ep.

135 3048 158 3085 c.
177 3050 204 3102 p.
224 3029 350 3086 extantia
370 3030 440 3085 leid.
532 3035 548 3083 9
567 3030 710 3100 herpentis
727 3049 778 3101 pp,
798 3031 902 3101 erpetis
921 3049 943 3087 c.
1036 3037 1069 3086 10
1088 3049 1152 3087 cen·

135 3120 207 3175 orias
224 3137 251 3189 9,
269 3118 370 3174 tectius
389 3136 411 3187 c,
430 3099 529 3175 concha
544 3135 574 3187 p.
672 3125 704 3174 12
724 3137 828 3180 aranea
845 3119 957 3175 verrinu
975 3125 1073 3189 (renea
1089 3138 1152 3177 ver·-

134 3191 193 3245 mia
215 3195 240 3260 e)
263 3207 293 3261 9,
317 3197 369 3244 -a
388 3207 410 3259 p
429 3188 529 3258 (tineas
555 3189 667 3244 verinus
686 3191 772 3260 Sim).
883 3197 916 3246 13
936 3192 1092 3261 erisipilato
1109 3208 1152 3262 po,

137 3261 231 3330 -pila
244 3278 274 3330 p.
381 3268 413 3316 to
432 3263 473 3315 tit.
492 3261 537 3317 Ad
556 3260 685 3332 scroph(i
697 3266 753 3330 ctas
771 3279 812 3333 pc,
831 3264 872 3317 De
891 3262 1055 3331 sorohrlisp
1075 3267 1151 3331 (mon

136 3331 247 3385 Scrofae
256 3336 328 3401 pop).
403 3338 435 3386 16
446 3332 575 3387 chiradas
587 3349 632 3402 pp,
646 3332 759 3386 hmadas
773 3349 794 3389 e.
870 3338 902 3387 18
917 3333 1109 3389 dnaturatione
1119 3352 1152 3405 p:

136 3407 170 3456 od
188 3403 376 3457 maturatione
395 3419 417 3473 e,
437 3406 520 3458 edatio
537 3420 565 3472 p.
670 3403 841 3458 catasinfisin
859 3421 904 3475 pp,
923 3405 1109 3460 catasmisisin
1128 3422 1151 3460 c.

135 3478 170 3526 20
189 3472 258 3527 suis:
277 3490 339 3528 sues
357 3489 398 3545 pe,
417 3490 468 3527 uos
483 3491 514 3542 p.
586 3480 619 3527 21
643 3472 744 3528 ostend
761 3492 786 3544 9.
