2416 3936
448 239 517 286 urs.
535 240 581 286 vn
604 238 678 286 cur.
693 240 752 286 vu.
1029 228 1090 292 239

100 393 285 472 cataplasma.
312 393 367 452 'Sal
384 395 584 477 ammoniacus,
591 396 638 456 vel
650 395 772 475 quilibet
789 396 861 456 alius
874 414 956 473 quam
969 398 1093 474 optimus

98 480 152 538 teri
168 477 272 551 debet,
292 479 350 554 sic,
366 488 396 537 ut
412 481 438 537 ei
456 478 592 555 paulatim
607 478 703 537 oleum
721 477 888 554 adjiciatur,
903 482 998 538 donec
1012 497 1089 551 cras-

97 562 191 621 situdo
215 562 375 638 strigmenti
403 563 467 631 nau
500 562 527 621 id
549 562 652 622 deinde
673 563 847 622 miscendum
870 573 914 622 est
936 581 1000 623 curn
1023 564 1090 624 bor·

97 648 207 706 deacea
226 645 339 720 farina,
362 664 435 723 quae
459 665 496 704 ex
517 646 610 705 mulso
631 647 754 707 decocta
777 650 822 707 sit.
859 647 958 707 Facile
984 656 1089 725 autem,

74 730 259 806 creeognitis
274 729 421 806 omnibus,
438 748 512 807 quae
531 730 636 789 medici
653 731 856 810 prodiderunt,
871 750 1016 810 apparere
1032 735 1109 792 cui·.

97 815 168 874 libet
185 821 283 893 potest
298 815 347 871 vix
363 814 449 873 ullum
468 833 504 873 ex
521 816 573 891 iis,
592 833 666 893 quae
683 833 771 894 supra
786 815 997 895 comprehensa
1014 825 1088 892 sunt,

98 899 175 958 oculi
191 900 289 956 vitium
308 916 391 973 esse,
412 898 488 977 quod
504 914 561 957 non
577 899 755 978 simplicibus
771 916 906 978 quoque,
924 909 952 959 et
968 901 1089 979 promtis

97 984 231 1057 remediis
248 981 413 1042 submoveri
431 984 535 1060 possit.

438 1218 623 1281 CAPUT
657 1207 751 1279 VII.

61 1344 87 1383 ιο
461 1334 497 1383 De
516 1334 614 1383 aurium
632 1335 736 1384 morbis.

160 1485 186 1541 l.
216 1479 361 1545 Hactenus
378 1488 405 1544 in
424 1486 516 1545 oculis
532 1505 567 1547 ea
582 1489 781 1566 reperiuntur,
802 1488 829 1545 in
847 1486 949 1566 quibus
962 1489 1086 1548 medica·

94 1577 188 1628 menta
205 1570 353 1648 plurimum
369 1580 507 1647 possunt:
529 1572 654 1650 ideoque
669 1571 705 1631 ad
722 1589 806 1630 aures
819 1572 1019 1631 transeundum
1031 1581 1086 1648 est,

94 1672 213 1733 quarum
229 1672 310 1713 usum
327 1656 488 1732 proximum
504 1674 519 1715 a
535 1655 687 1716 luminibus
703 1665 802 1715 natura
817 1655 901 1714 nobis
917 1655 1004 1718 dedit.
1028 1655 1085 1717 Sed

93 1741 122 1797 in
145 1739 190 1796 lris
212 1739 358 1816 aliquanto
378 1742 469 1816 majus
490 1741 649 1818 periculum
672 1748 731 1798 est:
764 1757 828 1799 nam
850 1741 917 1798 vitia
937 1741 1086 1799 oculorum

62 1838 84 1875 15
94 1824 168 1880 intra
190 1824 271 1898 ipsos
293 1833 413 1892 nocent;
444 1826 552 1883 aurium
573 1824 808 1884 inflammationes
829 1823 1006 1900 doloresque
1029 1823 1085 1901 (cl.

94 1902 173 1981 Apb.
195 1904 236 1981 V,
259 1907 316 1974 40;
347 1906 427 1966 Cels.
449 1906 491 1983 ll,
514 1909 549 1985 7)
577 1908 717 1967 interdum
743 1909 827 1966 etiam
855 1908 890 1967 ad
914 1907 1085 1968 dementiam

93 1997 271 2067 mortemque
299 1992 499 2069 praecipitant.
545 1993 607 2066 Quo
634 1993 727 2068 magis
753 1994 827 2050 inter
854 1993 932 2052 initia
955 1994 1086 2069 protinus

94 2074 322 2132 succurrendum
341 2084 400 2150 est,
423 2093 458 2134 ne
479 2077 581 2151 maj0ri
605 2077 735 2155 periculo
755 2076 838 2135 loeus
857 2078 902 2138 sit.
940 2075 1020 2152 Ergo
1037 2074 1085 2134 ubi

93 2159 213 2237 primum
235 2158 365 2218 dolorem
386 2159 491 2236 aliquis
512 2162 618 2236 sensit,
643 2159 796 2220 'abstinere
823 2170 852 2218 et
878 2162 1026 2219 continere
1051 2177 1084 2218 se

57 2242 190 2301 aodebet.
227 2242 350 2302 Postero
373 2242 436 2316 die,
459 2245 482 2301 si
503 2244 701 2304 vehementius
717 2245 820 2304 malum
835 2253 894 2321 est,
919 2254 1004 2322 caput
1021 2252 1084 2303 ton·

93 2326 181 2401 dere,
200 2327 287 2404 idque
302 2328 375 2386 irino
392 2337 537 2404 unguento
558 2328 652 2388 calido
669 2347 833 2407 perungere
851 2338 880 2388 et
896 2329 1022 2407 operire.
1047 2327 1086 2398 At

91 2428 213 2486 magnus
229 2428 291 2470 cum
309 2410 392 2470 febre
405 2412 564 2490 vigiliaque
576 2412 661 2472 dolor
674 2415 780 2489 exigit,
796 2423 825 2471 ut
839 2413 956 2489 sanguis
969 2429 1086 2490 quoque

91 2495 224 2553 mittatur.
251 2497 281 2554 Si
300 2496 328 2555 id
344 2495 458 2573 aliquae
474 2514 578 2556 causae
596 2496 766 2575 prohibent,
783 2498 865 2556 alvus
878 2496 1017 2556 solvenda
1030 2505 1085 2556 est.

93 2575 305 2656 Cataplasmata
330 2596 447 2657 quoque
475 2580 584 2656 calida,
614 2580 734 2638 subinde
762 2591 884 2653 mutata,
914 2582 1084 2658 proficiunt;

56 2663 155 2721 ausive
177 2664 256 2723 foeni
278 2666 394 2741 graeci,
418 2667 480 2723 sive
501 2663 565 2739 lini,
588 2667 650 2723 sive
673 2665 729 2724 alia
750 2664 842 2725 larina
864 2683 902 2724 ex
925 2665 1017 2723 mulso
1037 2664 1085 2723 de-

93 2757 177 2806 cocta
205 2757 258 2807 est.
303 2747 396 2807 Recte
426 2750 511 2807 etiam
533 2749 653 2808 subinde
676 2749 864 2809 admoventur
886 2750 1027 2827 spongiae
1048 2766 1086 2806 ex

91 2849 164 2907 aqua
189 2832 280 2890 calida
303 2850 474 2910 expressae.
513 2833 598 2910 Tum,
621 2834 716 2893 levato
739 2830 859 2908 dolore,
888 2840 1015 2891 ceratum
1031 2832 1084 2889 cir·

92 2915 218 2974 cumdari
243 2915 330 2974 debet
352 2934 389 2974 ex
405 2916 496 2991 irino,
523 2927 569 2976 aut
587 2920 708 2997 cyprino
725 2917 846 2976 lactum:
869 2918 898 2976 in
916 2912 1084 2991 quibusdam

93 3008 186 3058 tamen
204 2999 322 3074 melius,
347 3000 424 3076 quod
441 3019 478 3059 ex
496 3019 562 3061 rosa
582 3011 641 3074 est,
662 3002 785 3080 prolicit.
822 3001 851 3058 Si
870 2997 1026 3056 vehemens
1045 2997 1084 3053 iu·

56 3083 243 3142 aollammatio
265 3101 394 3142 somnum
417 3103 454 3143 ex
469 3094 530 3144 toto
546 3084 697 3162 prohibet,
722 3083 807 3156 adjici
824 3081 1021 3159 cataplasmati
1036 3079 1083 3139 de·

91 3167 159 3226 bent
181 3170 336 3246 papaveris
361 3169 487 3228 cortices
507 3169 585 3228 fricti
605 3178 691 3245 atquc
711 3167 841 3242 contriti,
863 3166 922 3242 sic,
945 3175 974 3224 ut
989 3183 1026 3223 ex
1040 3163 1085 3223 bis

92 3270 159 3328 pars
176 3253 288 3312 dimidia
304 3253 355 3323 sit;
379 3271 471 3331 eaque
489 3263 545 3312 tum
562 3252 643 3312 simul
656 3270 694 3310 ex
710 3266 797 3327 passo
815 3250 904 3308 mixto
923 3249 1084 3326 decoquun-

91 3344 145 3394 tur.
183 3336 214 3395 ln
233 3356 328 3396 aurem
346 3356 418 3397 vero
440 3337 589 3396 infundere
608 3335 724 3413 aliquod
743 3334 979 3393 medicamentum
998 3349 1083 3411 opor·

90 3427 145 3487 tet;
172 3422 248 3498 quod
265 3440 382 3499 semper
395 3429 460 3480 ante
476 3422 610 3499 tepeireri
624 3421 775 3480 convenit:
794 3416 1084 3494 commodissimeque

54 3518 80 3559 ³5
91 3521 144 3579 per
165 3504 305 3579 strigilem
325 3505 487 3565 instillatur.
528 3504 584 3565 Ubi
606 3507 682 3565 auris
698 3503 817 3584 repleta
829 3513 899 3581 est,
917 3501 1103 3579 supernans
