2414 3924
460 247 529 309 uun.
544 248 581 294 11.
598 247 673 294 ose.
688 247 749 294 vu.
1070 234 1111 296 43

109 404 134 481 §
148 402 215 482 23).
248 401 382 480 Denique
397 410 465 480 post
481 401 538 460 alvi
553 401 667 478 longam
682 401 900 477 resolutionem,
917 402 1038 462 tormina
1054 401 1111 481 (ci.
1165 450 1166 455 ,

110 485 192 567 Aplt.
205 485 269 562 Vll,
287 485 358 565 23);
375 485 546 564 posthaec,
561 487 758 544 intestinorum
774 485 896 545 laevitas
912 487 1002 544 oritur
1014 481 1109 562 (Aple.

109 569 176 645 Vll,
192 568 244 645 80,
260 568 333 648 81);
356 577 424 647 post
439 570 538 627 nimias
554 569 783 644 destillationes,
808 569 905 639 tabes;
931 577 999 646 post
1013 569 1113 628 lateris

111 654 259 728 dolorem,
278 654 346 713 vitia
364 653 527 731 pulmonum
545 650 641 731 (Apb.
657 652 721 725 Vll,
740 656 793 723 ll;
815 650 910 714 Ocno.
928 654 1021 732 391);
1045 661 1112 730 post
1142 695 1145 698 -

82 739 202 812 abaco,
224 734 447 816 insania(Aplt.
468 735 620 813 v11,12);
650 747 716 814 post
745 753 865 813 magnos
887 736 1022 797 lcrvores
1046 753 1110 795 cor·

111 823 211 900 poris,
235 838 388 880 nervorum
409 822 489 897 rigor
503 829 550 879 aut
564 819 699 880 distentio
716 819 811 899 (dpb.
828 818 891 894 Vll,
915 821 984 899 13);
1002 820 1049 879 ubi
1065 837 1111 879 ca-

111 915 163 985 put
183 904 361 964 vulneratum
382 914 441 980 est,
469 903 601 963 delirium
626 901 721 982 (Apu.
743 903 811 981 Vll,
842 907 914 984 14);
944 903 993 963 ubi
1013 903 1111 980 vigilia

111 990 213 1066 torsit,
229 1006 383 1049 nervorum
396 989 532 1048 distentio
549 986 603 1066 (cl.
620 985 701 1066 Apo.
720 987 783 1066 vtl,
802 989 873 1066 18);
892 988 939 1048 ubi
956 988 1111 1070 veliemen-

110 1083 156 1133 ter
167 1090 260 1132 venae
276 1090 365 1150 super
379 1072 478 1131 ulcera
489 1080 650 1147 moventur,
668 1073 814 1149 sauguinis
827 1071 997 1150 profluvium
1014 1070 1110 1149 (Apo.

75 1156 176 1231 ronl,
195 1157 261 1234 21).

174 1241 350 1320 Suppuratio
362 1257 433 1300 vero
446 1238 576 1318 pluribus
588 1239 697 1299 morbis
709 1241 866 1307 excitatum
882 1258 946 1300 nam
964 1241 988 1298 si
1005 1239 1111 1317 longae

110 1324 210 1385 febres
227 1327 289 1383 siue
301 1323 415 1398 dolore,
433 1326 495 1383 sine
506 1322 657 1382 manifesta
671 1342 758 1383 causa
775 1333 932 1397 remanent,
948 1325 975 1383 iu
988 1323 1111 1402 aliquam

110 1418 223 1487 partem
243 1408 271 1468 id
295 1407 398 1467 malum
420 1406 570 1476 incumbit;
595 1409 623 1466 iu
633 1407 797 1484 junioribus
813 1418 922 1468 tamen:
940 1426 1003 1467 nam
1020 1410 1048 1467 in
1064 1426 1110 1466 se·

112 1492 242 1552 nioribus
255 1510 292 1551 ex
305 1492 445 1567 ejusmodi
456 1490 558 1550 morbo
572 1501 709 1569 quartana
718 1492 781 1551 iere
793 1494 919 1552 nascitur
932 1491 987 1570 (ci.
997 1491 1109 1571 Propo.

74 1576 134 1652 ιι)
149 1576 216 1656 24).
247 1574 357 1635 Eadem
379 1577 548 1654 suppuratio
569 1575 614 1651 lit,
639 1578 663 1634 si
681 1574 853 1654 praecordia
874 1576 960 1650 dura,
984 1574 1110 1635 dolentia

112 1669 177 1720 anto
189 1661 356 1720 vicesimum
369 1661 443 1720 diem
456 1660 596 1718 hominem
611 1677 669 1718 non
680 1660 871 1734 sustulerunt,
888 1677 982 1738 neque
994 1661 1111 1735 sanguis

112 1762 150 1804 ex
162 1744 278 1803 naribus
292 1744 381 1820 fluxit,
399 1745 579 1822 maximeque
591 1746 618 1802 iu
631 1743 875 1812 adolescentibus;
890 1745 988 1821 utique
1000 1744 1024 1801 si
1036 1744 1111 1801 inter

111 1829 252 1906 principia
273 1836 320 1887 aut
336 1827 486 1887 oculorum
512 1827 623 1903 caligo,
645 1836 692 1886 aut
715 1828 817 1906 capitis
838 1826 957 1887 dolores
979 1826 1109 1886 fuerunt:

113 1911 166 1970 sed
185 1920 240 1970 tum
254 1913 282 1971 iu
294 1911 479 1970 inferioribus
498 1910 626 1988 partibus
645 1911 750 1992 aliquid
765 1910 909 1979 abscedit;
925 1919 972 1970 aut
987 1911 1011 1968 si
1025 1927 1109 1986 prae·

70 2014 101 2054 ao
115 1994 213 2055 cordia
231 2005 369 2055 tumorem
386 1995 502 2054 mollem
515 1994 629 2071 habent,
647 2013 742 2076 nequo
752 1994 861 2054 babere
874 1997 947 2055 intra
960 1995 1110 2070 sexaginta

112 2080 175 2139 dios
191 2080 331 2153 desinunt,
351 2080 511 2157 haeretque
525 2097 578 2157 per
591 2096 674 2137 omne
689 2080 717 2139 id
729 2088 843 2156 tempus
857 2077 964 2138 febris:
981 2076 1035 2136 sed
1053 2086 1109 2136 tum

112 2167 139 2222 iu
162 2164 359 2241 superioribus
383 2164 512 2242 partibus
536 2163 565 2222 llt
586 2161 743 2222 abscessus
764 2161 894 2242 (Propo.
918 2163 1009 2241 §t);
1030 2179 1065 2220 ac
1086 2161 1110 2219 si

111 2250 185 2306 inter
207 2250 269 2327 ipsa
291 2249 405 2307 viscera
428 2265 484 2306 nou
507 2247 552 2321 llt,
583 2248 661 2307 circa
685 2265 770 2306 aures
795 2248 927 2325 erumpit.
959 2245 1110 2323 Quumque

112 2333 203 2390 omnis
219 2331 324 2408 longus
340 2341 433 2391 tumor
447 2333 482 2391 ad
498 2334 732 2409 suppurationem
748 2331 811 2391 iere
827 2339 952 2409 spectet,
966 2330 1057 2406 magis
1074 2345 1109 2388 eo

72 2417 204 2475 ostendit
224 2417 264 2490 is,
282 2417 329 2494 qui
348 2418 375 2474 in
397 2417 593 2493 praecordiis,
616 2433 699 2493 quam
714 2417 755 2491 is,
776 2417 824 2494 qui
840 2416 867 2474 iu
881 2424 984 2474 ventre
1000 2422 1058 2482 est;
1074 2414 1109 2488 is,

113 2502 160 2577 qui
180 2517 266 2578 supra
286 2499 465 2571 umbilicum,
491 2517 573 2577 quam
588 2502 630 2574 is,
653 2501 701 2578 qui
722 2500 795 2559 inira
812 2509 857 2559 est
878 2499 1007 2578 (Propo.
1026 2499 1047 2574 ς
1063 2496 1109 2576 7).

112 2586 143 2643 Si
160 2583 334 2643 lassitudinis
351 2585 436 2643 etiam
453 2602 555 2642 sensus
571 2585 598 2643 in
612 2583 697 2642 lebre
713 2594 775 2660 ost,
794 2585 841 2644 vel
857 2586 886 2643 iu
901 2583 1040 2657 maxillis,
1061 2580 1111 2640 vel

112 2670 139 2726 in
156 2668 285 2727 articulis
301 2668 408 2745 aliquid
424 2666 556 2727 abscedit
574 2665 669 2746 (Apo.
685 2666 734 2743 IV,
748 2669 815 2747 31)2
835 2668 979 2728 Interdum
994 2683 1110 2745 quoque

112 2754 191 2811 urina
214 2753 307 2811 tenuis
330 2760 359 2809 et
381 2751 468 2811 cruda
491 2753 533 2809 sic
554 2752 599 2810 diu
620 2752 727 2824 fertur,
750 2761 780 2811 ut
800 2752 857 2812 alia
872 2752 1008 2811 salutaria
1028 2752 1111 2827 signa

75 2838 184 2902 ausint:
210 2854 305 2914 exque
330 2853 365 2894 eo
391 2853 458 2894 casu
482 2835 652 2912 plerumque
674 2835 746 2895 inira
774 2845 969 2896 transversum
999 2843 1110 2912 septum

113 2920 142 2980 lit
158 2919 314 2979 abscessus
332 2919 461 2998 (Propo.
477 2920 498 2994 ὃ
512 2918 577 2998 12).
605 2917 699 2978 Dolor
714 2921 797 2979 ctiam
809 2920 964 2996 pulmonis,
979 2921 1003 2977 si
1016 2935 1111 2996 neque

111 3023 164 3082 per
178 3013 272 3081 sputa,
285 3021 379 3079 neque
392 3021 446 3080 per
463 3003 608 3079 sanguinis
619 3003 836 3079 detractionem,
848 3021 943 3081 neque
955 3021 1009 3080 per
1019 3004 1111 3060 victus

111 3091 249 3147 rationem
271 3088 364 3145 linitus
387 3097 448 3161 est,
471 3088 599 3145 vomicas
621 3085 732 3164 aliquas
754 3088 829 3144 intus
850 3088 958 3146 excitat
981 3084 1109 3162 (Propo.

110 3172 132 3247 ἓ
149 3172 222 3250 15),
246 3180 292 3230 aut
308 3172 384 3229 circa
399 3172 565 3229 vicesimum
582 3170 673 3244 diem,
697 3178 744 3228 aut
759 3171 836 3228 circa
852 3171 1041 3242 tricesimum,
1063 3174 1111 3223 aut

75 3276 101 3316 as
113 3259 190 3315 circa
206 3256 467 3333 quadragesimum,
482 3271 690 3331 nonnumquam
706 3254 790 3312 etiam
806 3254 882 3311 circa
899 3252 1111 3328 sexageslmum

112 3337 237 3420 (told).
263 3337 482 3397 Numerabimus
497 3347 591 3398 autem
607 3337 643 3398 ab
660 3354 696 3397 eo
712 3337 769 3412 die,
786 3353 843 3415 quo
860 3338 979 3413 primum
995 3333 1111 3394 iebrici-

111 3426 182 3482 tavit
200 3424 320 3503 aliquis,
339 3432 386 3481 aut
407 3423 562 3498 inhorruit,
582 3431 630 3481 aut
649 3423 817 3500 gravitatem
835 3422 897 3496 ejus
912 3421 1001 3498 partis
1021 3417 1113 3478 sensit

112 3504 566 3586 (Propn.§16;00oc.396).
599 3506 658 3566 Sed
674 3506 729 3565 bae
751 3506 882 3566 uomicae
902 3505 987 3565 modo
1012 3522 1029 3565 a
1049 3518 1076 3581 pt
