2414 3924
382 234 587 283 nouosfflo
610 234 760 283 celotes.
1024 241 1099 289 XVII

66 398 153 464 capnt
170 392 333 463 temptent-f‘
361 391 397 446 ci.
413 391 472 447 Gal
492 393 572 448 Alim.
591 393 691 465 facult.
712 393 752 462 11,
768 401 794 462 9,
815 396 900 463 t.Vl,
923 412 951 467 p.
969 401 1030 466 577,
1053 399 1100 453 ubi

67 466 166 531 cadem
184 474 283 529 iisdem
300 474 360 528 iere
376 475 472 531 verbis
487 475 623 545 leguntur
657 476 773 548 Insuper
791 494 827 532 ex
844 478 979 533 varietate
1000 479 1100 536 lectic-

66 558 112 613 nis
128 557 191 613 cod.
207 557 278 612 77577.
293 556 305 611 1
321 557 418 627 colligi
435 563 528 628 potest
544 558 653 614 Celsum
668 559 833 631 scripsisse,
848 566 878 614 57
894 561 984 616 voluit
999 561 1099 633 Targa,

67 646 98 696 et
116 657 210 696 rerem
232 641 380 696 lectionem
403 641 580 712 depravatam
602 659 665 698 esse
691 658 727 696 57
750 642 930 698 similitudine
951 645 1099 701 verborum

65 724 121 779 olto
135 728 163 778 et
177 724 245 779 olco.
331 729 404 792 258
421 725 456 776 Α7
469 726 495 777 si
507 726 600 780 7557775
612 727 764 780 intestinum
777 726 868 781 dolere
881 730 1018 782 consueuit
1027 730 1101 800 quod

66 806 156 863 colum
171 807 324 870 7577777777,
340 806 440 876 Targa.
457 835 498 844 —
514 806 606 863 Verba
622 808 696 878 qood
708 810 795 864 colum
812 812 953 864 nominant
969 818 1098 883 suspecta

60 889 199 946 uidentur
212 889 334 960 'largae3
357 889 440 959 idque
454 894 538 944 recte.
567 889 665 945 celsus
677 891 749 947 enim
762 892 807 963 qui
823 893 935 965 saepius
951 889 1002 966 (57.
1016 911 1098 965 prae-

66 972 164 1028 sertim
179 971 226 1041 lV,
243 981 272 1041 1,
288 973 335 1028 ubi
355 972 447 1041 agitur
461 971 499 1026 de
516 973 697 1029 interioribus
713 975 841 1045 corporis
858 970 1000 1047 pertibus)
1017 977 1097 1047 hujus

65 1055 192 1110 intestini
203 1055 333 1124 meminit,
345 1056 425 1110 latios
436 1057 589 1118 7577555755,
603 1060 785 1128 7575555775,
799 1059 970 1128 autplerrius,
977 1059 1097 1131 denique

64 1140 162 1208 majus
173 1135 216 1210 (p
229 1142 273 1207 57,
284 1144 301 1195 4
316 1138 378 1193 ubi:
404 1138 477 1208 quod
491 1137 593 1194 Graeci
606 1127 694 1194 76755
709 1143 850 1196 nominant
865 1142 1010 1197 delendum
1026 1158 1097 1198 nunc

66 1216 184 1294 censeo)
198 1221 332 1286 iduoeat;
350 1235 481 1293 nusquam
491 1237 561 1277 vero
573 1217 613 1294 (si
626 1222 716 1278 locum
731 1240 814 1296 supra
829 1224 967 1281 laudatum
982 1242 1097 1298 cumque

65 1305 149 1360 valde
166 1299 478 1377 suspectumexeipias)
499 1321 570 1361 voce
585 1308 663 1361 colors
680 1306 725 1361 vel
744 1309 832 1363 colum
852 1309 946 1362 577757.
980 1308 1097 1381 Insuper

65 1389 122 1442 boc
133 1388 281 1443 membrum
292 1388 365 1459 quod
375 1389 461 1442 colom
476 1391 617 1443 nominant
631 1406 665 1445 eo
681 1389 745 1445 loco
763 1390 810 1446 ubi
825 1391 945 1462 positum
959 1398 1012 1459 est,
1029 1406 1097 1447 con-

66 1471 237 1547 secutionem
257 1472 403 1526 verborum
423 1473 532 1536 turbat3
561 1472 644 1542 idque
665 1479 814 1544 propterea
836 1474 864 1528 in
886 1490 973 1529 meum
995 1480 1096 1529 textum

65 1569 122 1609 non
136 1553 239 1625 recepi.
323 1560 368 1621 25,
384 1561 452 1613 8-9
466 1555 573 1610 Verba:
590 1556 663 1626 qood
676 1558 704 1609 777
714 1557 845 1627 podagra
861 1557 1026 1627 chiragrave
1038 1571 1097 1612 5555

65 1639 202 1691 consuevit
218 1644 347 1709 suspecta
362 1643 425 1692 sunt
441 1637 564 1707 Targae,
583 1638 626 1693 cui
643 1654 697 1693 non
712 1656 824 1710 possum
841 1640 979 1695 assentire
992 1641 1017 1694 57
1034 1656 1094 1712 cep.

64 1725 82 1780 7
99 1719 148 1775 lib.
165 1719 206 1785 11,
221 1737 248 1791 p.
264 1727 307 1790 39,
322 1727 423 1790 35sqq.
441 1721 563 1792 respicio
578 1751 620 1760 -
635 1722 670 1776 57.
686 1721 750 1790 77,8
764 1740 793 1794 p·
806 1728 849 1787 45,
861 1727 977 1786 37-38;
994 1721 1039 1790 111,
1051 1727 1095 1790 27,

65 1809 98 1871 2,
112 1803 191 1865 7577.;
213 1803 259 1873 lV,
275 1810 325 1873 31,
344 1803 404 1858 7777.
490 1809 534 1873 78,
551 1810 582 1863 17
603 1805 653 1858 sed
660 1806 775 1874 priores
786 1805 874 1860 morbi
887 1819 1007 1875 quoque,
1028 1804 1095 1858 libri

65 1901 173 1941 omnes.
223 1886 311 1957 Targa
341 1892 418 1942 recte
450 1893 546 1942 censet
577 1902 676 1943 vocem
702 1890 816 1957 priores
845 1887 989 1943 delendam
1019 1903 1093 1941 esse.

64 1968 228 2024 Emendatio
258 1970 401 2025 manifesta
428 1976 470 2026 est
496 1970 520 2025 si
544 1976 660 2025 vexatus
681 1970 726 2024 bic
755 1971 833 2025 locus
856 1969 1015 2025 5577577757
1035 1985 1095 2024 cum

64 2052 242 2123 Hippocratis
259 2060 335 2109 textu
348 2069 427 2124 quem
441 2053 537 2108 Celsus
551 2054 611 2108 7775
623 2053 780 2108 adverbum
796 2071 831 2108 57
847 2069 974 2109 sermone
989 2068 1094 2123 graeco

64 2137 93 2190 in
124 2135 236 2190 latinum
258 2137 406 2192 transtulit.
449 2136 509 2192 Non
536 2137 627 2206 egitur
653 2137 687 2191 dc
714 2137 817 2192 morbis
846 2137 1022 2209 praegressis
1044 2136 1095 2192 sed

65 2220 101 2274 de
128 2218 163 2273 iis
190 2219 236 2289 qui
265 2219 391 2274 oriuntur
421 2221 629 2291 tempestatibus
658 2220 728 2273 bene
758 2219 902 2275 ordinatis.
948 2220 1093 2275 Praeterea

64 2302 213 2357 notandum
239 2308 281 2357 est
306 2303 388 2358 codd.
410 2303 481 2358 bled.
506 2302 517 2355 l
543 2308 571 2356 et
592 2303 653 2358 Vet.
672 2302 734 2356 Vlll
761 2309 843 2373 el-que
863 2307 932 2362 7078
961 2303 1094 2357 exhibere

58 2387 152 2456 prior.
238 2379 303 2455 *73,
318 2390 353 2445 79
363 2387 501 2455 pustulae.
515 2416 558 2425 —
568 2388 675 2455 pusulo
691 2385 793 2456 ubique
808 2387 869 2442 Vat.
884 2386 946 2441 Vlll
967 2401 1019 2458 pro
1035 2402 1092 2456 po·

63 2468 152 2536 stula,
173 2468 243 2523 bled.
260 2469 271 2522 l
292 2474 319 2522 et
340 2474 409 2529 7028
428 2470 488 2523 7575
510 2485 634 2539 semper,
662 2469 749 2523 ceteri
772 2465 853 2525 codd.
875 2475 903 2523 et
927 2469 989 2523 edd
1013 2469 1093 2523 modo

58 2551 193 2622 postulo,
215 2551 297 2606 modo
314 2554 419 2621 pusulo
444 2551 590 2624 exhibent,
626 2553 653 2606 in
673 2568 734 2607 meo
758 2558 847 2607 eutem
868 2558 945 2606 75775
967 2553 1026 2624 (ex.
1049 2567 1091 2620 gr.

63 2652 92 2706 p.
106 2639 150 2702 23,
163 2639 213 2698 29,
234 2639 278 2704 44,
294 2641 340 2698 11;
365 2630 490 2707 11515)
515 2634 677 2705 ubicumque
699 2637 813 2704 pusiolo
839 2635 942 2704 legitur
969 2650 1093 2689 errorem

63 2718 268 2788 typothetarum
288 2717 402 2773 babeas.
487 2723 535 2782 28,
551 2722 585 2775 79
606 2718 748 2772 obscessus
769 2721 907 2787 corporis,
931 2704 1029 2788 Targa.
1051 2747 1092 2757 —

62 2800 167 2855 Vocem
189 2802 315 2870 corporis
341 2801 387 2856 bic
408 2807 436 2854 ct
456 2800 567 2870 saepius
590 2796 642 2872 (cl.
660 2818 686 2872 p
704 2806 753 2870 98,
770 2806 802 2857 4:
829 2803 964 2871 imperari
983 2803 1096 2871 corpori

59 2887 164 2953 7575577
187 2888 247 2953 106,
262 2887 310 2939 237
335 2885 362 2937 57
383 2886 518 2953 imperato
538 2889 603 2937 sont
621 2886 747 2952 corpori
770 2889 831 2951 252,
846 2890 893 2942 33
919 2897 989 2953 quoe
1010 2899 1093 2938 77757777

63 2967 177 3036 corpori
190 2965 345 3040 adhibetor)
360 2968 453 3038 inepte
469 2966 503 3020 ad
518 2966 668 3035 marginem
683 2966 813 3036 scriptam
828 2965 944 3033 sustuli,
964 2972 1092 3020 monente

63 3048 221 3117 Terge—
179 3049 391 3104 —Praeterea
411 3049 559 3104 notandum
575 3055 618 3103 est
628 3048 703 3139 epud
719 3048 929 3118 Hippocratem,
953 3047 1092 3141 5155771775

64 3131 205 3203 excerpsit
231 3131 344 3201 Celsus,
372 3149 509 3205 φυματα,
537 3147 590 3185 non
620 3116 823 3201 ἀποστήματα,
856 3129 992 3200 reperiri,
1020 3129 1091 3183 uude

64 3214 200 3285 suspicari
223 3214 318 3286 possis
338 3231 424 3270 voces
443 3229 514 3287 poce
537 3200 726 3284 ἀποστήματα
752 3213 854 3267 Graeci
875 3213 1030 3278 nominant,
1056 3226 1092 3263 57

63 3298 231 3366 glossemate
259 3298 400 3369 proiectas
426 3313 499 3368 esse.
539 3296 663 3366 Denique
685 3296 771 3349 verba
792 3311 875 3365 poam
902 3289 1091 3370 μελαγχ57755

63 3381 203 3450 appellunt
229 3381 247 3435 l
272 3386 307 3439 30
333 3382 378 3435 bic
407 3396 522 3471 prorsus
551 3379 659 3433 inutilia
686 3378 751 3433 mihi
774 3377 903 3431 videntur
927 3375 994 3431 licet
1018 3390 1040 3443 a}

15 3456 37 3486 ·’
63 3461 260 3534 Hippocratem
283 3463 422 3533 legamus:
450 3481 487 3516 557
506 3451 708 3534 μελαγχολικα.
802 3465 846 3528 79,
861 3465 879 3518 3
901 3457 989 3528 iubes,
1008 3472 1036 3532 qs

93 3551 232 3603 '.cnnsos
919 3543 936 3597 b
