2414 3924
375 223 582 272 rnaaunnra
605 222 680 272 cnr.
697 224 753 271 xv,
1010 208 1049 273 73

81 367 196 426 Rursus
218 383 233 424 a
256 372 439 442 pentametro
462 371 494 423 ut
515 380 680 441 conponam
703 363 853 431 heroicos,
877 380 961 421 sumo
983 379 1049 438 par·

81 458 140 510 tem
159 450 368 527 posteriorem,

236 533 309 593 llum
326 551 410 594 meus
426 531 546 592 adsiduo
561 529 659 594 luceat
673 533 743 609 igne
758 531 855 601 loeus,

82 626 111 678 et
127 636 278 695 conpone,

48 708 64 756 5
191 702 301 762 illiceat
316 702 383 777 igne
400 701 483 761 locris
498 699 604 761 Troiae
621 700 671 777 qui
686 701 799 778 primns
815 699 851 760 ab
869 701 937 759 oris.

85 785 274 848 Phalaecinm
290 804 462 853 naturarum,
480 786 529 863 qui
545 791 589 845 est

284 868 356 931 Altis
371 869 490 929 llumina
506 868 629 929 vallibus
645 875 828 938 tumescunt,

82 956 200 1016 insertis
217 953 314 1015 verbis
330 955 404 1014 lanio
420 954 587 1022 heroicum,

188 1039 260 1099 Altis
276 1038 396 1099 ssnmina
412 1038 527 1115 prodita
537 1036 668 1098 uallibus
683 1037 751 1097 inde
767 1044 943 1098 tumescunt.

37 1130 64 1179 ιο
81 1125 199 1185 lonicus
215 1132 259 1184 est

235 1208 389 1268 bletuentis
406 1214 528 1285 patruae
544 1204 667 1267 verbera
684 1205 814 1284 linguae:

83 1293 207 1352 adiciam
225 1293 308 1352 trinis
324 1291 420 1352 verbis
435 1289 567 1369 singulas
582 1290 722 1371 syllabas,

131 1377 216 1437 Nune
232 1377 390 1437 metuentis
406 1394 485 1436 nuno
501 1382 624 1454 patruae
641 1393 719 1437 nuno
736 1373 859 1436 verbera
876 1372 1000 1453 lin'guae.

83 1470 163 1521 retro
407 1529 410 1533 y

37 1552 62 1600 15
237 1544 347 1606 ltaliam
365 1547 424 1605 lato
441 1545 584 1623 prologus
600 1544 777 1622 Laviniaque
794 1545 887 1613 venit,

82 1632 129 1689 nui
146 1637 190 1687 est
204 1628 298 1688 simile

235 1712 362 1770 Patriam
379 1717 439 1770 tum
456 1713 601 1789 profugus
613 1711 781 1790 Lavinaque
797 1714 884 1790 cepit.

82 1794 307 1871 Aristophanius
322 1793 354 1853 tit
369 1793 504 1855 heroion:

145 1881 232 1938 Arma
248 1879 403 1958 virumque
420 1896 493 1939 cano
509 1878 616 1940 Troiae
632 1881 681 1958 qui
697 1881 811 1958 primus
827 1880 863 1940 ab
881 1883 955 1952 orie,

37 1973 65 2022 20
149 1962 235 2023 Nune
258 1980 338 2023 arma
360 1965 516 2042 virumque
538 1981 611 2024 cano
635 1983 715 2025 noane
736 1964 843 2026 Troiae
870 1967 919 2044 qui
940 1967 1052 2043 primus

296 2112 298 2117 ,
554 2047 590 2109 ab
607 2049 667 2108 oris
682 2065 769 2109 nuno.

83 2130 258 2208 Angelieum
270 2130 380 2210 syllaba
395 2130 692 2200 breviataheroieum
711 2153 774 2194 esse
788 2136 963 2204 monstrari;
981 2137 1051 2195 item

83 2215 257 2294 Priapeum,
274 2218 299 2276 si
316 2215 459 2295 syllabam
474 2216 635 2297 subripias,
652 2217 718 2278 lieri
733 2218 896 2278 heroicum.

84 2376 285 2386 ————-...

152 2472 174 2518 1.
195 2468 450 2535 abpenramernos
470 2472 527 2520 uV
591 2473 615 2522 3.
642 2470 775 2532 Tiburni,
795 2474 853 2534 1,o
922 2470 1051 2523 absabuus

81 2537 137 2585 DV
204 2539 229 2588 5.
254 2540 350 2589 naoiae
375 2537 413 2600 (oi
435 2537 545 2603 inrue.)
569 2539 593 2586 D
662 2539 686 2591 6,
711 2538 873 2604 phanecmm
900 2539 936 2601 D,
964 2539 1052 2590 faleu·

82 2603 149 2652 tium
178 2606 204 2654 V
270 2606 293 2655 7.
322 2617 472 2656 anrtssuna
496 2616 626 2655 nutamine
648 2607 705 2656 nV
731 2603 815 2669 (recte
838 2614 920 2658 autem
946 2614 1052 2672 uterque

82 2686 117 2719 aa.
135 2670 161 2736 9)
233 2674 273 2722 11.
297 2673 365 2723 Hor.
385 2689 462 2723 aaran.
485 2673 550 2733 III,
572 2675 649 2736 12,2
720 2675 760 2724 12.
783 2681 842 2738 port
865 2676 983 2725 adiciam
1008 2677 1053 2724 de-

82 2739 142 2787 sinit
160 2740 184 2787 D
205 2740 252 2803 fol.
271 2739 337 2790 262¹)
355 2747 424 2793 extr.
449 2737 561 2803 (constat
577 2743 662 2792 codex
680 2758 715 2792 aar
732 2740 864 2791 XXXIV
878 2743 1051 2807 quaternioni·

82 2806 141 2861 bum
158 2808 206 2856 aed
223 2807 294 2858 buius
312 2809 391 2859 ultimi
408 2810 582 2874 quaternionis
600 2811 652 2859 tria
668 2815 764 2859 tantum
779 2810 845 2872 folia
862 2817 966 2859 servata
982 2807 1050 2871 sunt)

151 2875 239 2924 trinas
262 2876 291 2924 V
349 2876 466 2940 singulis
488 2877 516 2926 V
582 2879 622 2928 13.
640 2879 793 2926 metuentes
816 2877 840 2925 V
910 2877 949 2926 15.
974 2878 1052 2940 Verp.

82 2940 149 2991 Aen.
168 2941 193 3005 I,
211 2945 228 2990 2
280 2941 429 3007 lauinaque
452 2945 477 2994 V
494 2941 574 3007 (conf.
588 2960 616 3009 p.
631 2945 671 3001 68,
689 2941 716 3007 8)
788 2944 828 2994 17.
847 2944 966 3006 vinaque
985 2946 1051 2994 coni.

82 3007 191 3065 Iobnua,
215 3024 355 3075 regnaque
375 3011 498 3061 Christian
568 3025 665 3074 coeprr
687 3011 748 3068 DV,
772 3026 840 3061 corr.
861 3011 985 3061 Christian

81 3075 123 3123 20.
143 3089 217 3124 nune
232 3085 293 3140 poet
311 3079 412 3128 Troiae
430 3080 544 3129 additum
560 3095 577 3127 a
594 3078 678 3128 Iabno
697 3086 722 3128 et
741 3078 851 3128 Cbra'etio
875 3085 933 3128 ante
952 3077 1052 3129 Troiae

77 3142 166 3206 posuit
188 3143 304 3193 Halmius
374 3147 415 3195 21.
444 3160 516 3196 nuno
538 3145 639 3195 delebat
662 3145 759 3195 labinia
827 3147 869 3195 22.
895 3145 1051 3210 angelicum

82 3207 191 3273 syllaba
213 3210 241 3258 V
254 3212 281 3259 in
298 3227 351 3261 roe.
422 3213 491 3262 itam
514 3213 545 3270 V,
565 3228 633 3263 corr.
654 3216 716 3262 1m.

448 3383 684 3392 ——-—·
