2414 3924
148 209 190 273 ul
319 205 323 213 '
437 221 471 268 a.
488 219 519 269 c.
536 220 635 269 cnusr
652 219 847 269 unnrcruun

146 393 267 452 succus,
290 376 338 454 qui
361 376 517 435 contractis
538 375 635 454 aliquo
656 375 757 436 morbo
778 378 875 437 nervis
896 375 1059 455 opitulatur.
1091 375 1144 436 llis

146 459 278 521 omnibus
299 476 447 520 commune
468 467 527 535 est,
552 457 687 536 digerere
714 459 760 535 id,
793 461 869 540 quod
895 459 944 519 vel
970 459 1143 538 praecordia

147 553 265 620 onerat,
287 543 335 603 vel
356 544 458 603 fauces
479 543 653 620 strangulat,
675 542 722 602 vel
743 545 773 603 in
787 544 883 622 aliquo
899 544 1027 604 membro
1044 554 1141 604 nocet.

147 627 267 704 Quando
283 637 376 687 autem
392 645 508 706 quoque
524 626 655 686 utendum
672 629 725 702 ait,
742 630 770 686 in
786 630 856 705 ipsis
872 628 1036 688 morborum
1051 645 1141 704 gene·

145 711 225 772 ribus
241 711 361 771 dicetur.
1155 738 1166 774 5

474 862 657 923 CAPUT
683 863 825 923 XVIII.

492 980 529 1030 De
540 981 601 1030 cibis
613 987 638 1029 el
648 979 801 1045 potionibus.

207 1135 298 1210 Quum
320 1132 356 1193 de
377 1133 412 1191 iis
435 1132 540 1192 dictum
560 1133 612 1207 sit,
635 1150 710 1211 quac
730 1132 907 1193 detrahendo
921 1135 1039 1209 jnrant;
1056 1133 1091 1194 ad
1108 1152 1142 1193 ea

146 1217 316 1279 veniendum
331 1226 392 1292 est,
413 1233 487 1295 quae
504 1216 598 1292 alunt,
620 1216 648 1275 id
663 1225 707 1276 est
723 1216 817 1276 cibum
831 1226 860 1276 et
875 1221 1031 1297 potionem.
1061 1217 1142 1278 llaec

147 1311 318 1362 autemnon
340 1302 462 1362 omnium
481 1309 587 1360 tantum
607 1299 786 1377 morborum,
812 1300 865 1362 sed
887 1305 972 1362 etiam
994 1302 1176 1364 secundaero

147 1385 317 1446 valetudinis
342 1385 498 1446 communia
526 1385 669 1462 praesidia
698 1394 776 1444 sunt:
805 1388 987 1465 pertinetque
1012 1384 1047 1445 ad
1069 1404 1142 1460 reru,

147 1471 269 1531 omniurn
283 1472 477 1548 proprietates
491 1485 594 1536 nosse;
611 1471 731 1548 primum
747 1478 777 1528 ut
795 1471 856 1529 sani
872 1472 979 1547 sciant,
995 1470 1141 1550 quomodo

146 1554 191 1613 his
205 1563 332 1623 utantur;
353 1552 456 1613 deiude
480 1561 510 1612 ut
529 1552 754 1630 exsequentibus
771 1553 856 1613 nobis
876 1553 1037 1614 morborum
1059 1569 1140 1612 cura·

146 1639 257 1713 tiones,
277 1638 366 1698 liceat
380 1637 497 1716 species
511 1654 623 1713 rerum,
645 1655 719 1714 quae
736 1638 925 1698 assumendae
940 1645 1037 1714 erunt,
1052 1635 1139 1711 subji-

148 1740 228 1798 cere,
245 1739 338 1801 neque
354 1737 479 1781 necesse
494 1720 530 1779 sit
544 1719 665 1780 subinde
676 1720 803 1798 singulae
820 1740 871 1782 eas
880 1722 1035 1784 nominare.
1056 1721 1174 1784 Scirem

146 1807 235 1884 igitur
249 1815 380 1884 oportet,
402 1805 495 1865 omnia
515 1803 674 1882 legumina,
697 1823 828 1884 quaeque
844 1824 881 1865 ex
898 1805 1048 1866 frumentis
1063 1804 1140 1883 pani·

148 1891 213 1950 licia
228 1899 308 1967 sunt,
325 1891 442 1967 generis
458 1887 646 1949 valentissimi
662 1907 743 1948 esse:
761 1888 985 1950 valentissimum
1001 1905 1093 1965 roco,
1114 1889 1143 1946 in

146 1992 204 2054 quo
221 1975 371 2053 plurimum
383 1972 508 2032 alimenti
520 1982 579 2042 est;
595 1975 663 2032 item
676 1991 759 2033 omne
772 1973 874 2034 animal
887 1973 1051 2053 quadrupes
1067 1972 1142 2032 domi

147 2068 256 2128 natum;
279 2076 391 2119 omnem
407 2055 545 2135 grandem
562 2058 668 2133 ieram,
687 2057 788 2136 quales
805 2067 870 2117 sunt
891 2076 1013 2136 caprea,
1029 2073 1142 2132 cervus,

147 2161 235 2222 aper,
251 2160 375 2220 onager:
398 2159 509 2201 omnem
524 2141 661 2218 grandem
677 2160 773 2217 avem,
794 2142 895 2220 quales
912 2151 976 2202 sunt
992 2159 1093 2217 anser,
1114 2148 1177 2200 etan

148 2244 239 2306 pavo,
256 2236 285 2286 et
301 2245 383 2303 grum
409 2244 508 2287 omnes
527 2225 637 2285 belluas
655 2228 793 2300 marinas,
817 2225 969 2305 exquibus
987 2235 1069 2285 cetus
1086 2233 1140 2300 est,

148 2328 279 2389 quaeque
295 2310 338 2369 hia
357 2327 443 2387 pares
461 2318 539 2369 sunt:
557 2311 623 2368 item
637 2310 704 2386 mel,
722 2319 751 2369 et
769 2327 896 2379 caseum:
923 2327 979 2386 quo
990 2315 1082 2368 minu
1092 2310 1141 2368 mi·

147 2412 208 2454 rum
221 2403 274 2469 est,
285 2412 359 2471 opus
371 2395 520 2471 pistorium
530 2393 750 2454 valentissimum
762 2412 840 2469 esse,
854 2393 975 2472 qnodex
987 2393 1141 2466 frumento,

148 2478 249 2555 adipe,
268 2476 370 2552 melle,
387 2494 473 2536 caseo
487 2485 612 2543 constat;
637 2479 666 2536 in
677 2478 770 2539 media
781 2495 852 2537 vero
869 2479 986 2537 materia
1001 2478 1142 2536 numerari

149 2580 186 2621 ex
198 2560 325 2620 oleribus
338 2559 445 2619 debere
457 2579 502 2638 ca,
516 2579 635 2638 quorum
646 2563 770 2640 radices,
784 2562 831 2621 vel
842 2561 946 2621 bulbos
957 2561 1140 2627 assumimus;
1152 2580 1177 2619 aa

107 2703 109 2707 .
149 2664 186 2706 ex
202 2643 449 2723 quadrupedibus,
466 2645 609 2722 leporem;
627 2665 696 2706 aves
713 2664 813 2706 omnes
828 2665 845 2706 a
863 2645 984 2705 minimis
1002 2643 1037 2705 ad
1052 2643 1142 2723 pboe·

148 2731 343 2806 nicopterum;
373 2731 439 2788 item
464 2730 562 2808 pisces
585 2747 700 2806 omnes,
731 2733 779 2808 qui
800 2730 890 2791 salem
912 2747 970 2790 non
991 2729 1143 2808 patiuntur,

149 2812 271 2874 oslidive
295 2812 449 2883 salientum
473 2813 726 2873 imbecillissimam
744 2832 815 2874 vero
835 2816 981 2875 materiam
1000 2831 1067 2873 esse
1085 2829 1143 2871 orn·

148 2916 212 2958 nem
235 2897 346 2957 caulem
363 2897 468 2975 oleris,
486 2908 514 2957 et
529 2898 664 2976 quidquid
681 2901 708 2957 in
725 2899 808 2958 caule
825 2901 968 2974 nascitur,
990 2896 1082 2976 qualis
1099 2904 1144 2954 est

149 2981 312 3057 cucurbita,
343 2990 371 3042 et
399 2984 542 3056 cucumis,
572 2992 600 3041 et
623 2984 773 3061 capparia;
803 2985 897 3043 omnia
918 2999 1018 3062 poma,
1050 2979 1179 3054 oleoque

150 3066 297 3142 cochleas,
314 3068 440 3145 itemque
456 3066 620 3140 conchylia.
653 3066 711 3126 Sed
728 3069 857 3146 quamvis
872 3066 947 3127 haec
961 3068 1000 3125 ita
1015 3064 1141 3123 discreta

148 3152 212 3227 sint,
227 3160 320 3211 tamen
339 3152 433 3227 ctiam,
450 3169 522 3230 quae
539 3149 591 3209 sub
607 3152 707 3211 eadem
723 3153 823 3228 specie
841 3160 914 3226 sunt,
931 3147 1142 3226 rnagnadiscri·

146 3237 220 3295 mina
241 3237 397 3312 recipiunt;
422 3236 534 3313 aliaque
558 3253 605 3293 res
622 3236 678 3295 alia
693 3235 741 3293 vel
762 3235 904 3295 valentior
921 3243 979 3310 est,
1004 3233 1051 3292 vel
1066 3231 1143 3290 inlir-

146 3322 227 3379 mior.
259 3320 406 3398 Siquidem
426 3320 489 3398 plus
505 3319 629 3378 alimenti
646 3327 691 3378 est
706 3321 734 3378 in
750 3337 835 3397 pane,
852 3338 934 3399 quarn
951 3319 979 3376 in
997 3316 1055 3377 ullo
1068 3315 1143 3375 alio:

148 3403 252 3464 lirmius
267 3413 312 3464 est
326 3407 463 3482 triticum,
488 3422 571 3483 quam
586 3403 706 3472 milium:
727 3402 756 3462 id
771 3405 878 3481 ipsum,
895 3420 979 3481 quam
994 3400 1143 3476 hordeum,
1154 3417 1180 3459 aa

148 3494 231 3547 etex
244 3490 340 3548 tritico
356 3489 517 3548 firmissima
533 3487 631 3564 siligo,
648 3486 752 3547 deinde
768 3487 875 3564 simila,
893 3484 998 3545 deinde
1014 3486 1059 3546 cui
1075 3482 1145 3543 nibil
