2414 3924
384 256 454 303 nm.
472 255 532 302 vn.
548 254 622 302 oen
644 257 701 303 xv.
716 258 788 304 ιιι.
985 318 989 325 ,
1013 246 1072 310 293

414 409 598 472 CAPUT
627 411 733 472 XVI.

235 526 272 576 De
285 534 370 576 ventre
380 528 431 577 ictu
441 527 580 594 perforato,
597 536 621 578 et
630 530 756 579 intestinis
769 530 912 580 vrrlneratis.
951 530 954 541 '

147 665 363 742 Nonnumquam
379 674 473 724 autem
485 673 586 725 venter
600 667 658 725 ictu
672 665 769 743 aliquo
789 665 967 742 perforatum
981 670 1074 746 sequi·
1159 725 1161 728 ,

85 760 203 828 torque,
218 757 249 807 ut
263 749 396 808 intestina
412 748 582 808 evolvantur
604 748 651 826 (Ρ.
668 749 744 825 Aeg.
758 748 810 824 Vl,
828 749 896 829 52).
923 750 1008 826 Quod
1029 751 1076 810 ubr

63 833 201 909 sincidit,
217 832 347 910 protinus
364 831 602 891 considerandum
618 841 676 909 est,
700 849 736 891 en
751 834 863 909 integra
882 851 917 893 ea
935 836 1005 903 sint;
1027 833 1076 893 de·

86 917 170 991 inde,
189 934 225 975 an
242 916 277 974 iis
293 914 376 974 color
393 934 461 974 sous
476 925 598 975 maneat.
628 916 658 974 si
674 917 786 974 tenuius
804 917 966 977 intestinum
979 916 1075 995 perfo-

87 1008 178 1060 ratum
194 1005 255 1071 est,
271 999 339 1057 nihil
357 1001 461 1076 prolici
476 1017 574 1077 posse,
589 1002 649 1075 jam
667 999 761 1058 retuli.
795 999 892 1060 Latius
914 1002 1076 1082 intestinum

87 1084 130 1144 sui
146 1090 256 1161 potest:
272 1099 329 1140 non
353 1083 430 1160 quod
446 1092 524 1142 certa
539 1081 643 1142 llducia
660 1084 710 1152 sit;
734 1083 786 1142 sed
808 1083 886 1162 quod
905 1083 991 1144 dubia
1007 1101 1078 1162 spes

88 1175 168 1226 certa
183 1166 385 1243 desperatione
400 1169 436 1225 sit
452 1167 562 1243 potior;
584 1165 724 1225 interdum
739 1167 812 1225 enim
825 1167 991 1243 glutinatur.
1007 1166 1077 1226 Tum

52 1254 111 1311 rosi
134 1248 297 1309 utrumlibet
323 1251 485 1309 intestinum
506 1249 638 1322 lividum,
661 1259 709 1310 aut
730 1249 880 1328 pallidum,
902 1261 950 1311 aut
966 1252 1077 1330 nigrum

88 1343 150 1408 est,
168 1333 269 1411 quibus
284 1331 352 1392 illud
369 1351 485 1410 quoque
497 1336 665 1393 necessario
678 1333 807 1409 accedit,
824 1343 855 1392 ut
868 1353 955 1394 sensu
968 1342 1077 1410 careat,

87 1417 228 1479 medicina
253 1419 344 1475 omnis
373 1418 464 1476 inanis
493 1427 547 1476 est.
576 1418 607 1477 Si
633 1434 704 1476 vero
731 1416 824 1476 adbuc
851 1434 886 1477 ea
908 1419 952 1477 sui
968 1417 1076 1478 coloris

88 1510 167 1577 sunt,
190 1518 253 1559 cum
279 1517 380 1576 magna
402 1500 588 1560 festinatione
609 1500 832 1559 succurrendum
853 1510 912 1560 est:
933 1510 1076 1560 momento

88 1585 163 1645 euim
185 1583 344 1643 alienantur
361 1593 491 1643 externo
506 1592 536 1642 et
556 1586 669 1643 insueto
686 1585 787 1662 spiritu
804 1585 987 1644 circumdata.
1019 1584 1075 1644 Re·

54 1667 262 1747 resupinandus
279 1676 372 1726 autem
393 1668 480 1726 bomo
496 1676 557 1743 est,
583 1668 666 1726 coxis
686 1668 891 1735 erectionibus3
916 1678 961 1744 et,
983 1670 1008 1726 si
1028 1684 1076 1726 eu·

88 1753 199 1830 gestias
214 1750 316 1809 vulnus
331 1759 389 1827 est,
405 1769 488 1829 quam
503 1760 533 1810 ut
556 1752 689 1810 intestina
707 1751 858 1810 commode
878 1751 1076 1824 refundantur,

88 1833 267 1895 incidendum
283 1843 339 1910 est,
355 1834 449 1894 donec
464 1836 534 1893 satis
551 1843 666 1912 pateat:
689 1853 734 1908 ac,
750 1836 776 1893 si
786 1837 847 1911 jam
863 1835 992 1895 sicciora
1004 1836 1076 1892 inte·

89 1920 160 1979 stina
175 1927 250 1994 sunt,
267 1918 425 1995 perluenda
442 1936 516 1995 aqua
530 1926 604 1994 sunt,
622 1919 667 1976 cui
682 1919 796 1997 paulum
808 1917 959 1977 admodum
972 1916 1077 1976 oleisit

90 2003 242 2079 adjectum.
274 2000 344 2061 'l'um
360 2004 489 2061 minister
501 2001 703 2061 orasvulneris
718 2001 822 2060 leniter
837 2002 975 2062 diducere
990 2001 1077 2058 marri·

53 2085 79 2124 ²⁰
90 2087 221 2160 bussuis,
238 2084 381 2145 ueletiam
392 2084 504 2144 duobus
515 2084 743 2144 bamisinteriori
754 2086 939 2145 membranae
952 2084 1076 2160 injectis,

89 2169 189 2230 debet:
212 2168 340 2228 medicus
348 2171 446 2248 priora
462 2186 578 2247 semper
592 2169 735 2244 intestina,
749 2187 822 2246 quae
835 2169 999 2247 posteriora
1011 2183 1077 2243 pro·

88 2254 170 2331 lapsa
185 2261 264 2330 sunt,
280 2253 408 2311 condere
423 2255 481 2326 sic,
500 2261 528 2312 ut
543 2252 654 2311 orbium
669 2253 846 2329 singulorum
860 2253 955 2311 locum
969 2258 1077 2310 servet.

88 2336 237 2414 Repositis
252 2335 400 2410 omnibus,
423 2336 528 2395 leniter
542 2335 627 2396 homo
650 2336 855 2396 concutiendus
877 2345 936 2395 est:
968 2352 1025 2414 quo
1048 2334 1079 2392 lit

89 2428 120 2478 ut
138 2437 190 2496 per
206 2437 238 2477 se
251 2420 363 2497 singula
383 2420 516 2479 intestina
539 2422 567 2478 in
589 2438 655 2478 suas
670 2419 758 2480 sedes
774 2419 966 2495 deducantur,
999 2427 1029 2478 et
1049 2419 1079 2475 in

55 2503 134 2562 asbis
157 2503 315 2563 considant.
344 2503 556 2579 His-conditis,
582 2513 725 2562 omentum
748 2521 864 2582 quoque
894 2501 1078 2562 consideran·

90 2587 155 2646 dum
176 2595 235 2646 est:
268 2605 305 2646 ex
323 2605 397 2665 quo,
424 2587 448 2644 si
463 2587 529 2664 quid
540 2589 602 2663 jam
617 2588 691 2663 nigri
707 2596 736 2646 et
758 2588 881 2647 emortui
897 2595 958 2662 est,
975 2586 1079 2645 lorlice

90 2670 183 2730 excidi
198 2669 300 2730 debet:
327 2673 350 2730 si
365 2672 508 2747 integrum
524 2680 582 2746 est,
597 2671 701 2730 leniter
712 2689 801 2749 super
816 2673 949 2730 intestina
965 2669 1077 2728 deduci.

89 2755 193 2814 Sutura
220 2764 314 2814 autem
338 2771 432 2831 neque
456 2772 581 2813 summae
606 2755 692 2829 cutis,
715 2772 808 2833 neque
830 2755 976 2813 interioris
993 2768 1079 2810 mem·

90 2836 198 2897 branae
213 2854 312 2916 perse
327 2840 398 2897 satis
418 2839 547 2915 prolicit;
570 2838 623 2896 sed
645 2840 807 2915 utriusque:
832 2847 861 2896 et
878 2835 991 2912 quidem
1009 2833 1078 2891 duo·

55 2920 145 2980 sottus
160 2921 226 2980 linis
248 2921 403 2997 injicienda
430 2928 491 2997 est,
514 2923 638 2997 spissior
660 2939 743 2998 quam
760 2921 844 2985 alibi:
865 2920 930 2995 quia
947 2915 1079 2994 etrumpi

91 3004 205 3064 facilius
227 3015 306 3065 motu
324 3006 432 3064 ventris
449 3013 559 3083 potest,
579 3013 608 3062 et
619 3021 676 3062 non
692 3020 784 3080 aeque
800 3003 911 3077 magnis
926 2999 1079 3058 inflamma·

91 3088 215 3147 tionibus
231 3107 298 3168 pars
314 3107 348 3149 ea
361 3091 495 3167 exposita
510 3096 563 3147 est.
594 3086 683 3163 lgitur
698 3088 725 3144 in
741 3086 811 3144 duas
832 3099 901 3143 acus
917 3082 965 3142 iila
990 3083 1079 3157 conji-

92 3171 208 3249 cienda,
225 3191 336 3252 eaeque
353 3172 463 3232 duabus
479 3169 608 3230 manibus
626 3168 782 3234 tenendae;
806 3177 836 3226 et
854 3166 933 3244 prius
951 3165 1079 3225 interiori
1102 3244 1103 3247 Ἴ

90 3255 271 3316 membranae
284 3266 380 3315 sutura
396 3254 548 3330 injicienda
562 3262 606 3312 est
617 3255 670 3329 sio,
686 3262 716 3312 ιιι
728 3253 841 3311 sinistra
853 3267 953 3309 manus
965 3252 993 3308 in
1010 3249 1079 3309 dex-

56 3341 200 3399 anteriore
218 3357 285 3415 ora,
301 3341 403 3400 dextra
420 3340 448 3397 in
464 3339 642 3397 sinisteriore
664 3354 680 3395 a
702 3336 844 3415 principio
859 3334 986 3392 vulneris
1002 3350 1080 3406 orsa,

90 3421 126 3480 ab
143 3425 281 3483 interiore
298 3424 424 3502 partein
441 3425 614 3482 exteriorem
630 3438 712 3480 acum
733 3420 875 3478 immittat:
907 3435 964 3495 quo
985 3417 1029 3490 lit,
1049 3424 1080 3473 ut

90 3505 126 3564 ab
141 3507 282 3567 intestinis
299 3525 334 3566 ea
348 3524 416 3587 pars
433 3524 548 3583 semper
562 3523 662 3565 aeuum
676 3507 728 3581 sit,
745 3521 818 3582 quae
833 3510 930 3561 retusa
946 3510 999 3559 est.
1026 3499 1076 3558 Se-
