2414 3924
440 227 733 314 mmmm
1020 258 1204 320 ffi.·

97 420 145 498 qui
162 421 244 495 juxta
267 420 405 480 foramina
423 419 499 479 auris
520 429 581 496 est,
598 420 723 480 cardinis
745 421 830 482 modo
847 422 891 490 bt;
913 422 1011 500 ibique
1025 421 1083 484 buc

97 513 126 564 et
138 502 207 564 illuc
225 522 257 563 se
273 504 412 564 inclinans
426 502 560 563 maxillae
575 503 742 563 facultatem
758 512 852 564 motus
868 515 1006 582 praestat.
1024 505 1082 567 liu·

95 589 190 649 riores
205 604 273 648 osse
290 587 392 647 dentes
408 595 486 646 sunt:
511 603 631 665 quorum
646 605 713 664 pars
735 587 884 665 maxillae,
906 607 975 667 pars
996 608 1081 670 supe·

95 673 165 733 riori
180 673 240 731 ossi
264 673 398 732 malarum
420 669 531 731 haeret.
560 669 607 729 Ex
623 670 668 729 bis
684 672 815 748 quaterni
829 673 923 749 primi,
946 674 1012 752 quia
1035 693 1081 734 se·

74 765 171 831 scant,
187 763 298 834 repete
318 774 335 816 a
359 754 479 815 Graecis
501 756 690 815 nominantur.
718 753 754 815 lli
775 754 878 814 deinde
895 766 1018 834 quatuor
1034 775 1081 818 ca·

94 841 168 899 uinis
181 839 313 900 dentibus
330 839 454 898 exomni
471 847 553 916 parte
565 838 725 914 cinguntur.
751 838 835 899 Ultra
849 856 923 916 quos
939 841 1082 918 utrimque

94 924 158 984 lere
174 923 338 983 maxillares
354 922 431 1000 quini
446 930 525 997 sunt,
542 931 743 1000 praeterquam
758 923 785 980 in
800 924 852 996 iis,
874 924 902 982 iu
920 923 1023 1002 quibus
1040 923 1080 983 ul·

94 1007 170 1083 timi,
187 1008 235 1086 qui
253 1022 320 1066 sero
335 1006 417 1083 gigni
433 1004 542 1081 solent,
555 1024 611 1066 uon
629 1006 822 1064 increverunt.
849 1004 895 1065 lix
916 1006 961 1067 bis
976 1009 1083 1086 primo·
1127 1019 1129 1024 '

95 1109 143 1151 res
161 1090 281 1168 siugulis
298 1089 457 1157 radicibus;
474 1088 638 1149 maxillares
653 1089 750 1167 utique
767 1089 852 1165 binis,
867 1090 981 1168 quidam
996 1092 1081 1150 etiam
1184 1132 1187 1138 ·

62 1189 85 1229 ro
95 1177 195 1251 ternis,
211 1174 395 1253 quaternisve
410 1174 543 1231 nituntur.
576 1171 710 1250 Fereque
726 1172 843 1250 longior
865 1174 947 1234 radix
965 1175 1084 1236 breuio-v

95 1277 156 1319 rem
178 1258 290 1318 dentem
312 1258 385 1327 edit;
408 1256 538 1333 rectique
560 1255 654 1316 dentis
676 1265 757 1316 recta
773 1258 857 1316 etiam
874 1257 973 1334 radix,
1001 1260 1081 1321 curvi

95 1343 170 1402 liexa
193 1352 246 1403 est.
274 1341 377 1419 Exque
399 1340 497 1400 eadem
520 1340 618 1399 radice
638 1341 666 1398 in
680 1341 779 1418 pueris
794 1357 886 1399 novus
904 1341 975 1402 dens
993 1341 1079 1417 subit,

96 1427 144 1504 qui
158 1426 247 1487 multo
261 1427 378 1504 saepius
399 1425 526 1503 priorem
550 1423 689 1506 expellit:
714 1424 855 1483 interdum
875 1433 970 1485 tanuen
993 1443 1081 1504 supra

94 1510 205 1570 infraue
228 1527 292 1569 euru
307 1528 340 1569 se
356 1507 490 1569 ostendit.
842 1509 845 1515 '

62 1613 85 1655 rs
157 1592 251 1672 Caput
267 1603 361 1653 autem
377 1594 459 1671 spina
476 1591 592 1669 excipit.
619 1590 662 1651 Ea
680 1600 793 1651 constat
804 1610 842 1650 ex
855 1591 999 1652 vertebris
1011 1611 1080 1670 qua·

93 1686 158 1737 tuor
173 1686 202 1737 et
218 1672 328 1754 viginti.
357 1677 474 1754 Septem
488 1676 516 1734 in
533 1676 649 1734 cervice
667 1685 742 1751 suut,
759 1675 910 1735 duodecim
923 1675 958 1734 ad
971 1683 1079 1752 costas,

94 1761 223 1838 reliquae
240 1761 364 1839 quinque
380 1767 444 1818 sunt
461 1759 609 1836 proximae
631 1760 730 1818 costis.
762 1758 824 1818 liae
837 1768 946 1818 teretes
960 1758 1079 1818 breues·

95 1862 151 1922 que
171 1843 207 1902 ab
225 1853 347 1922 utroque
362 1843 454 1903 latere
471 1859 626 1921 processus
647 1842 719 1902 duos
736 1843 869 1919 exigunt:
885 1843 998 1902 mediae
1013 1862 1077 1922 per·

94 1927 224 2002 foratae,
245 1946 300 2006 qua
323 1929 424 2006 spinae
447 1924 571 1986 medulla
591 1926 714 1986 cerebro
737 1928 889 1987 commissa
912 1927 1079 1988 descendit:

58 2032 85 2072 ro
95 2012 172 2071 circa
189 2028 304 2090 quoque
318 2029 370 2088 per
384 2011 456 2070 duos
470 2027 628 2087 processus
642 2008 773 2069 tenuibus
789 2012 868 2070 cauis
883 2012 1013 2089 perviae,
1027 2029 1081 2088 per

95 2112 168 2173 quae
184 2113 200 2153 a
219 2093 383 2154 membrana
403 2093 516 2154 cerebri
531 2093 638 2153 similes
663 2093 876 2154 membranulae
893 2093 1078 2153 deducuntur.

95 2176 1080 2257 Omnesqueuertebrae,exceptistribussummis,asuperioreparte

94 2265 122 2320 in
138 2264 208 2339 ipsis
225 2261 414 2340 processibus
430 2261 544 2340 paulum
560 2261 726 2320 desidentes
742 2263 820 2321 sinus
835 2261 956 2321 babent:
985 2260 1021 2321 ab
1038 2263 1079 2320 in·

43 2355 45 2359 ‘
94 2345 202 2404 ieriore
217 2344 290 2405 alios
306 2345 439 2406 deorsum
460 2363 563 2404 versus
586 2362 743 2422 processus
765 2347 885 2422 exigunt
896 2344 932 2422 ¹).
965 2346 1079 2404 Summa
1163 2392 1166 2398 .

58 2448 83 2486 25
95 2430 180 2504 igitur
204 2431 332 2507 protinus
361 2435 447 2506 caput
470 2430 601 2501 sustinet,
618 2447 671 2508 per
687 2431 759 2491 duos
777 2431 855 2488 sinus
876 2429 1004 2506 receptis
1020 2430 1080 2488 exi-

49 2586 51 2589 ,
92 2513 156 2588 guis
184 2513 246 2587 ejus
270 2511 478 2590 processibus;
509 2528 567 2588 quo
583 2513 630 2589 lit,
656 2522 685 2572 ut
702 2522 788 2591 caput
809 2531 921 2572 sursum
946 2513 1080 2573 deorsum

92 2614 207 2654 uersum
229 2596 376 2656 tuberibus
400 2606 600 2674 exasperetur:
635 2596 762 2656 secunda
784 2597 926 2674 superiori
945 2598 1019 2676 parti
1039 2599 1079 2656 in-

91 2679 202 2738 feriori.
237 2681 321 2754 Quod
336 2680 370 2740 ad
387 2680 534 2740 circuitum
553 2679 688 2757 pertinet,
705 2698 773 2758 pars
786 2698 892 2739 summa
910 2682 1080 2757 angustiore

93 2762 165 2821 orbe
191 2763 298 2831 linitur:
321 2764 360 2823 ita
387 2765 519 2842 superior
542 2765 569 2823 ei
595 2781 721 2823 summae
744 2763 919 2824 circumdata
941 2765 970 2822 in
988 2762 1079 2822 latera

57 2862 209 2924 roquoque
236 2855 322 2925 caput
341 2848 452 2907 moveri
474 2848 549 2905 sinit.
583 2847 680 2907 Tertia
702 2847 802 2907 ecdem
827 2845 1079 2906 modosecundam

93 2930 217 3006 excipit:
236 2948 273 2989 ex
288 2948 345 3009 quo
364 2931 458 2991 iacilis
475 2931 583 2990 cervici
595 2930 739 2989 mobilitas
755 2939 809 2989 est.
833 2930 878 2989 Ac
895 2947 931 2987 ne
943 2929 1079 2988 sustineri

92 3012 205 3089 quidem
223 3023 309 3093 caput
324 3024 442 3093 posset,
456 3015 509 3072 nisi
526 3016 667 3090 utrimque
689 3014 762 3071 recti
785 3012 975 3088 valentesque
997 3013 1079 3069 nervi

92 3096 198 3156 collum
216 3099 406 3173 continerent,
424 3116 496 3177 quos
513 3092 671 3165 τένοντας
686 3095 789 3156 Graeci
806 3093 970 3173 appellant:
991 3096 1078 3170 siqui·

91 3179 154 3239 dem
181 3181 281 3242 borum
308 3183 383 3242 inter
405 3198 504 3241 omnes
525 3179 618 3238 ilexus
639 3179 712 3237 alter
728 3196 845 3255 semper
865 3178 990 3236 intentus
1004 3176 1078 3237 ultra

56 3274 80 3317 ³⁵
91 3264 204 3340 prolabi
220 3268 371 3343 superiora
388 3282 443 3326 non
456 3263 569 3342 patitur.
598 3262 720 3338 Jamque
734 3260 869 3320 vertebra
885 3261 968 3318 tertia
983 3259 1077 3319 tuber-

91 3400 295 3410 —————..-.

115 3532 123 3581 l
160 3462 187 3527 l)
202 3465 284 3516 Locus
299 3465 456 3516 hiomsxime
469 3472 584 3527 vexatus,
597 3462 660 3514 milri
672 3462 956 3529 videturiutegerrlmus
968 3460 1031 3511 eiad
1042 3461 1076 3509 si-

88 3545 113 3580 m
124 3547 152 3582 ss
162 3542 257 3599 specto.
