2414 3924
394 231 836 297 mmmmm
1056 223 1118 287 w

126 384 231 446 deinde
247 384 398 445 eluendum
409 384 439 445 id
453 403 491 445 er
510 403 599 465 aqna,
616 405 689 465 qnae
705 387 753 448 rel
774 386 865 447 salem
887 387 1044 466 adiectum,
1069 388 1117 451 rel

126 470 227 530 nitrum
242 468 364 529 babeat:
387 469 411 529 si
427 468 480 529 snb
496 470 600 544 media,
617 471 709 532 imave
726 473 836 549 tunica,
859 468 939 532 totae
959 489 1013 533 eae
1035 481 1118 532 extra

125 561 253 612 scrotum
270 550 460 614 collocandae
477 553 713 635 excidendaeque
725 562 799 615 sunt.

434 720 618 784 CAPUT
654 724 789 782 XXII.

101 816 113 855 ⁵
203 838 204 842 ’
463 832 500 881 De
518 834 619 883 ramicis
637 835 774 886 curatione.

185 967 297 1027 Ramex
312 966 368 1047 (ci.
384 984 448 1047 cap.
468 967 515 1046 18,
533 969 588 1028 fine
609 1002 651 1014 -
665 968 696 1028 P.
712 968 788 1045 Aeg.
805 968 856 1045 Vl,
871 956 929 1050 64)
953 978 1063 1048 antem,
1092 972 1117 1032 si

123 1069 214 1131 snper
233 1053 326 1129 ipsum
348 1060 473 1112 scrotum
495 1061 557 1128 est,
582 1051 742 1113 adurendus
762 1061 807 1112 est
826 1053 958 1113 tenuibus
981 1062 1010 1113 et
1027 1055 1117 1114 acutis

123 1136 319 1210 ferramentis,
336 1152 410 1213 qnae
426 1136 496 1214 ipsis
510 1137 593 1196 venis
608 1137 777 1213 inligantur;
795 1154 858 1196 cnm
873 1155 926 1214 eo,
942 1155 978 1196 ne
994 1137 1116 1216 amplius

124 1235 209 1298 quam
224 1218 276 1278 bas
293 1226 387 1287 nrant;
404 1220 583 1297 maximeque
610 1218 658 1277 nbi
672 1221 747 1279 inter
768 1238 800 1280 se
821 1221 985 1300 implicatae
1004 1221 1116 1299 glonna·

90 1320 114 1361 ro
124 1311 237 1377 rantur,
253 1318 289 1360 eo
305 1302 412 1361 ierrunr
428 1302 456 1362 id
471 1302 680 1363 admovendum
695 1311 752 1370 est:
773 1312 830 1364 turn
850 1323 940 1384 super
962 1305 1055 1367 farina
1078 1323 1117 1366 ex

123 1403 197 1470 aqna
213 1384 317 1461 trtgtda
335 1384 455 1446 subacta
475 1386 628 1463 injicienda
650 1395 711 1455 est;
729 1387 918 1467 utendumque
933 1404 970 1448 eo
986 1389 1114 1463 vinculo,

122 1469 199 1548 quod
214 1468 346 1528 idoneum
361 1487 427 1528 esse
443 1473 489 1530 ani
508 1469 704 1531 curationibus
726 1472 824 1550 posui:
854 1473 939 1532 tertio
965 1472 1011 1532 die
1032 1472 1114 1532 lenti·

123 1553 188 1613 cula
204 1570 267 1611 curn
283 1550 370 1612 melle
385 1554 558 1632 imponenda
574 1563 634 1614 est:
656 1562 732 1633 post,
750 1552 853 1630 eJectis
873 1556 992 1632 crustis,
1016 1556 1115 1615 ulcera

121 1635 209 1696 melle
232 1636 395 1714 purganda,
419 1655 487 1698 rosa
508 1637 668 1717 implenda,
694 1637 730 1697 ad
752 1639 918 1699 cicatricem
940 1638 1025 1698 aridis
1044 1639 1114 1698 lina·

88 1719 225 1782 tementis
245 1719 429 1797 perducenda
456 1731 529 1781 sunt.
559 1720 670 1796 Quibus
692 1739 764 1781 vero
790 1741 878 1802 snper
899 1722 1021 1783 mediam
1042 1723 1114 1781 tuni-

123 1821 185 1864 cam
203 1820 295 1863 venae
311 1812 433 1880 tument,
449 1805 630 1865 incidendum
641 1806 747 1882 inguen
760 1814 821 1882 est,
838 1815 925 1884 atque
936 1807 1029 1867 tunica
1046 1822 1114 1883 pro-

121 1886 240 1961 ruendo,
262 1887 298 1947 ab
315 1905 408 1965 eaque
420 1906 514 1948 venae
535 1888 627 1966 digito
643 1888 691 1947 vol
707 1889 886 1951 manubriolo
910 1887 1044 1968 scalpelli
1067 1906 1113 1948 se·

122 1970 278 2049 parandae.
312 1971 374 2046 Qua
390 1989 462 2031 vero
478 1971 683 2047 inhaerebunt,
711 1981 740 2031 et
755 1973 791 2033 ab
806 1975 959 2052 superiore
976 1981 1006 2032 et
1019 1972 1056 2033 ab
1072 1973 1113 2031 in·

121 2054 230 2114 ieriore
246 2063 328 2132 parte
342 2054 400 2114 lino
423 2055 604 2124 vinciendae;
638 2065 695 2115 turn
717 2055 770 2115 sub
793 2057 864 2135 ipsis
885 2056 1005 2116 vinculis
1029 2074 1113 2135 prae·

85 2137 279 2214 accidendae,
309 2139 551 2217 reponendusque
572 2138 721 2199 testiculus
743 2149 797 2200 est.
828 2140 867 2200 Αι
889 2140 937 2200 ubi
953 2157 1041 2219 snpra
1056 2148 1112 2200 ter·

121 2222 187 2282 tiam
203 2221 325 2281 tunicam
340 2241 440 2283 ramex
450 2222 572 2298 insedit,
595 2222 715 2282 mediam
731 2223 825 2283 excidi
840 2242 964 2284 neccsse
980 2233 1033 2283 est.
1055 2222 1112 2284 De·

120 2305 197 2383 inde,
213 2305 238 2364 si
252 2304 327 2365 dnae
344 2307 442 2367 tresve
457 2325 550 2367 venno
566 2315 689 2381 tument,
707 2315 736 2365 et
751 2308 789 2367 ita
806 2325 873 2385 pars
886 2307 981 2387 aliqua
997 2306 1112 2367 obside·

120 2398 181 2464 tur,
202 2397 233 2448 nt
246 2390 338 2465 major
355 2407 391 2449 eo
412 2391 482 2450 vitio
502 2399 604 2466 vacet,
629 2391 703 2451 idern
720 2390 901 2466 iaciendum,
925 2390 1002 2470 qnod
1024 2408 1112 2470 snpra

120 2473 259 2550 scripturn
284 2482 329 2532 est
355 2474 409 2552 (ci.
427 2491 492 2554 cap.
517 2476 567 2550 18,
591 2476 618 2533 in
638 2474 725 2553 tine);
747 2483 776 2534 ut
796 2484 825 2535 ct
840 2473 875 2535 ab
893 2476 1026 2552 inguine,
1050 2483 1113 2535 eta

84 2575 111 2615 rs
120 2556 256 2617 testiculo
274 2556 418 2633 deligatae
440 2576 531 2618 venae
548 2559 763 2636 praecidantur,
786 2561 868 2637 isque
883 2559 1032 2619 condatur.
1062 2558 1112 2618 Sin

120 2649 210 2699 totum
228 2639 257 2699 id
279 2658 379 2700 ramex
403 2640 563 2717 obsederit,
585 2659 638 2719 per
661 2642 776 2720 plagam
794 2642 984 2702 demittendus
1005 2644 1113 2720 digitus

119 2723 208 2784 index
225 2724 287 2800 erit,
302 2723 556 2804 subjiciendusque
573 2726 655 2784 venis
670 2726 722 2802 sic,
738 2733 768 2784 nt
782 2726 918 2803 paulatim
934 2744 984 2786 eas
999 2735 1111 2805 protra·
1194 2797 1195 2801 Ἰ

119 2807 183 2877 bat;
207 2824 319 2885 eaeque
335 2807 539 2885 adducendae,
556 2807 650 2867 donec
666 2810 690 2867 is
707 2808 857 2885 testiculus
872 2827 925 2887 par
944 2810 1028 2868 alteri
1048 2809 1111 2868 liat:

119 2900 177 2950 tum
191 2889 297 2950 libnlae
319 2893 379 2951 oris
400 2893 443 2951 sic
464 2891 653 2967 injiciendae,
675 2901 705 2951 nt
721 2891 804 2950 simul
824 2909 874 2951 aas
890 2909 1006 2969 quoqne
1022 2907 1113 2950 venas

83 2973 377 3053 socomprebendant.
406 2975 439 3035 ld
456 2975 514 3036 boc
532 2975 617 3035 ruodo
631 2976 670 3034 iit.
696 2975 776 3034 Acus
796 2974 832 3034 ab
861 2976 1008 3035 exteriore
1029 2980 1111 3050 parte

94 3106 96 3111 ⁴
119 3075 200 3119 orum
218 3058 345 3119 vulneris
361 3059 504 3138 periurat:
523 3069 580 3120 tum
594 3076 651 3118 non
667 3077 720 3137 per
736 3057 962 3136 ipsam'uenam,
982 3056 1034 3116 sed
1059 3074 1111 3135 per
1201 3116 1206 3125 ,

119 3141 313 3202 membranam
335 3143 397 3217 ejus
420 3143 591 3220 immittitur,
612 3161 667 3222 per
690 3159 810 3219 eamque
832 3144 860 3200 iu
888 3141 1008 3202 alteram
1031 3157 1111 3200 oram

120 3226 315 3306 compellitur.
347 3226 429 3286 Vena
453 3227 597 3287 vulnerari
612 3244 670 3286 non
685 3224 789 3301 debet,
814 3243 850 3285 ne
865 3227 1034 3303 sangninem
1049 3224 1111 3283 inn-

119 3309 176 3371 dat.
206 3309 372 3371 Membrana
385 3327 501 3389 semper
516 3314 590 3371 inter
609 3310 661 3370 bas
677 3328 765 3379 venas
781 3318 840 3385 cst,
863 3328 898 3369 ac
919 3327 1014 3387 neque
1036 3309 1112 3385 peri·

82 3393 214 3454 asculum
229 3395 328 3470 affert,
346 3403 375 3454 et
389 3394 438 3454 blo
455 3394 664 3474 comprehensa
680 3394 745 3453 illas
760 3392 872 3453 abunde
892 3401 980 3453 tenet.
1009 3389 1035 3451 [r
1099 3408 1109 3414 ·

120 3477 206 3539 etiarn
222 3479 292 3538 satis
312 3487 357 3537 cst
378 3477 447 3538 duas
469 3478 572 3538 tibulus
593 3497 670 3538 esse.
699 3478 770 3538 Turn
788 3495 898 3556 venne,
915 3492 1003 3556 quaec
