2414 3924
449 211 510 257 ’-
559 210 620 276 121
668 248 710 258 -

75 358 215 436 seqnitur
241 361 341 417 autem
369 356 400 414 in
427 357 565 435 passione
598 359 776 418 constitutos
803 359 998 422 articulorum
1025 379 1092 442 per·

75 446 175 506 frictio
200 451 232 504 et
253 445 384 522 parvitas
406 442 525 525 pulsus,
547 446 625 523 iugis
647 447 775 506 vomitus
794 464 863 507 cum
881 449 1093 511 intestinorum

72 541 242 613 tormento,
282 539 313 593 et
346 533 459 592 ventris
492 532 600 593 solutio
632 551 666 594 ac
698 533 843 594 stomachi
875 552 944 595 cum
972 540 1092 616 pruritu
1141 587 1144 592 .

73 623 198 682 ventris.
250 620 380 681 eflicitur
416 638 453 680 en
489 619 678 681 antecedenti
708 620 906 701 indigestione
938 633 990 684 aut
1023 624 1092 685 mali

72 708 281 771 medicaminis
300 715 420 787 accepta
438 710 569 788 potione.
606 716 637 770 et
654 707 754 771 differt
772 729 788 770 a
807 709 929 793 diarria,
952 714 1120 790 qnoniam⁵

73 797 226 860 cholerica
258 798 357 877 passio
385 798 464 858 sicut
495 795 624 858 diximus
651 815 705 877 per
733 806 868 859 ventrem
899 799 1029 861 efficitur
1060 809 1092 862 st

72 888 190 947 vomitu
211 884 355 965 plurimo,
377 883 485 946 diarria
510 902 581 945 vero
605 902 674 946 non.

165 977 197 1034 in
216 971 421 1035 curationibus
440 991 511 1034 vero
534 973 683 1052 polentam
702 973 808 1034 elixam
826 974 950 1036 calidam
973 978 1004 1036 in
1023 975 1090 1037 cibo

72 1063 160 1124 dahis
192 1080 262 1122 cum
288 1063 358 1122 vino
389 1060 499 1122 melino
531 1060 561 1121 id
589 1068 636 1122 cst
662 1064 837 1143 granando,
870 1073 901 1124 et
929 1063 985 1124 alia
1014 1082 1090 1144 quae

71 1151 165 1212 simili
187 1153 297 1212 virtute
320 1148 436 1211 valeant
463 1148 648 1210 stomachum
677 1151 871 1212 confortando
899 1170 1036 1213 recreare
1059 1160 1132 1214 et1⁰

71 1241 155 1301 vires
182 1240 323 1318 patieutis
350 1237 500 1318 depositas
528 1239 653 1317 erigere.
694 1238 747 1299 sed
780 1241 806 1300 si
837 1239 916 1301 forte
946 1258 981 1301 ea
1014 1259 1089 1320 qnae

72 1329 226 1408 acceperit
252 1329 373 1388 minime
402 1326 572 1387 stomachus
600 1329 745 1406 tenuerit,
772 1327 888 1389 modico
911 1325 1090 1410 (tempore)

71 1417 253 1496 interposito
280 1417 392 1476 iterum
419 1415 544 1476 reficies.
586 1413 642 1475 hoc
669 1417 760 1476 tertio
787 1415 833 1476 vel
863 1425 969 1496 quarto
999 1418 1090 1479 facies

72 1520 234 1586 quousque
256 1503 426 1564 stomachus
448 1502 559 1583 aliquid
582 1512 773 1582 acceptorum
791 1505 931 1587 retineat,
954 1524 992 1566 ne
1011 1507 1090 1567 vires

72 1593 257 1673 aegrotantis
275 1594 391 1653 minuto
415 1593 550 1672 corporis
569 1593 753 1653 nutrimento
771 1594 968 1655 insumantur.
1001 1596 1089 1655 etiam
1103 1605 1131 1647 1⁵

72 1691 105 1743 et
132 1681 319 1742 summitates
351 1697 492 1741 manuum
515 1698 549 1740 ac
577 1679 686 1759 pedum
709 1683 874 1759 constringi
897 1680 1027 1763 iubebis,
1059 1691 1090 1742 et

72 1769 217 1831 artictdos
248 1770 355 1847 pannis
388 1768 490 1829 calidis
522 1768 677 1829 calefacies
709 1776 739 1829 et
765 1768 831 1829 lana
860 1768 941 1830 molli
968 1778 1089 1848 opertos

72 1858 201 1939 tutahis,
233 1865 264 1918 ct
296 1858 322 1918 si
353 1859 477 1918 nimium
505 1859 634 1918 senserit
662 1858 873 1918 intestinorum
897 1864 1089 1938 tormentum,

74 1949 208 2027 spongiis
227 1943 342 2006 duabus
357 1963 392 2006 ex
408 1943 501 2005 calida
518 1962 607 2024 posca
628 1945 777 2022 expressis
795 1942 907 2004 alterna
926 1947 1089 2005 mutatione

72 2034 249 2096 umbilicum
277 2033 432 2112 vaporahis
460 2042 490 2094 et
517 2041 586 2112 post
612 2033 835 2112 vaporationem
861 2031 935 2093 lanis
963 2050 1000 2092 ex
1023 2032 1088 2092 oleo
1102 2047 1129 2086 ro

74 2123 185 2184 melino
209 2121 309 2202 tepido
333 2124 450 2201 operies
474 2129 502 2181 et
526 2119 672 2181 lasciabis.
710 2122 784 2181 etsi
805 2122 942 2182 nimietas
961 2123 1088 2182 vomitus

74 2213 223 2290 coegerit,
251 2208 437 2271 cucurbitam
465 2208 610 2270 stalticam
641 2209 671 2270 id
700 2218 746 2270 est
773 2211 1012 2271 constrictoriam
1044 2212 1089 2271 ori

73 2302 188 2360 ventris
212 2298 442 2379 conglutinatis,
465 2306 496 2358 et
518 2298 676 2358 omfacium
696 2315 764 2358 cum
786 2297 879 2359 calida
897 2316 973 2377 aqua
996 2297 1087 2358 dahis.

74 2397 105 2448 et
147 2390 173 2447 si
214 2386 309 2447 adhuc
351 2385 433 2446 cibos
471 2387 593 2447 minime
634 2387 766 2447 tenuerit
807 2386 990 2467 stomachus,
1031 2388 1088 2447 erit

148 2617 162 2664 1
182 2610 368 2679 con(9)frictio
387 2627 418 2680 c,
437 2605 598 2678 perfricatio
613 2625 643 2676 p.
734 2616 750 2662 2
769 2625 833 2662 cnm
852 2626 903 2665 orn.
922 2626 949 2679 c,
969 2611 1020 2664 nbi
1036 2609 1087 2664 int.

74 2682 254 2736 tormentum.
332 2687 401 2735 3ac
421 2696 448 2735 c:
468 2682 497 2735 ct
514 2695 545 2748 p.
619 2678 763 2748 tpotioue
777 2681 878 2749 acepta
888 2697 918 2748 p.
992 2687 1088 2736 8vero

73 2769 124 2807 orn.
149 2768 170 2806 c.
261 2751 408 2821 polenium
431 2750 587 2819 (pulentnm
611 2750 636 2818 c)
660 2748 764 2804 elixum
792 2749 915 2805 calidum
940 2767 981 2821 cp.
1072 2758 1088 2806 9

74 2821 190 2876 mellino
205 2838 240 2891 p,
259 2822 366 2877 malins
385 2838 407 2877 c.
489 2819 644 2891 munticio
660 2837 694 2890 p:
713 2835 802 2889 grane
819 2820 931 2876 triticeo
950 2839 972 2877 c.
1056 2829 1089 2877 10

73 2891 160 2947 simili
178 2897 225 2947 md
244 2894 290 2961 (ει
307 2891 404 2960 modo)
426 2891 530 2946 virtute
554 2907 576 2947 c.
686 2895 718 2943 12
742 2890 871 2946 denuerit
892 2893 956 2961 (sic)
973 2908 999 2948 c:
1022 2893 1089 2947 reti-

73 2964 203 3031 nueritp
221 2964 267 3031 (cf.
286 2981 311 3018 o.
330 2968 389 3031 24).
469 2961 581 3017 modico
600 2963 645 3030 (sc.
665 2962 802 3030 tempore)
821 2963 861 3017 sic
878 2978 919 3032 op.
993 2969 1026 3018 13
1045 2980 1088 3018 re-

73 3034 134 3088 ficis
152 3036 205 3099 (sic
218 3040 253 3103 p)
271 3065 304 3074 —
325 3035 381 3102 (14)
401 3031 521 3088 retinent
539 3048 590 3087 om.
610 3049 631 3086 c.
756 3038 789 3086 14
806 3032 934 3102 <aliquid
954 3034 1018 3088 add.
1033 3034 1089 3102 1⁰⁰>

73 3105 106 3172 ut
123 3105 186 3170 (del.
206 3110 290 3173 corr.)
305 3122 324 3176 p
344 3105 492 3165 occentent
505 3120 535 3172 p.
610 3109 643 3157 15
658 3102 847 3170 egrotantinm
860 3119 882 3159 c.
955 3105 1042 3157 etiam
1060 3104 1089 3157 et

73 3175 102 3229 in
118 3192 153 3243 p,
176 3174 281 3230 etenim
300 3177 329 3230 et
342 3191 364 3231 c.
456 3180 489 3229 16
508 3170 675 3242 constringi:
695 3172 730 3239 cf.
748 3173 810 3227 Gal.
831 3173 883 3226 XI
881 3213 891 3240 ,
910 3178 946 3227 50
964 3174 1087 3242 (διαθεῖν

72 3247 130 3302 scil.
145 3252 261 3315 propter
278 3246 462 3301 musculorum
480 3245 686 3300 connectiones.
717 3243 778 3298 Act.
797 3249 829 3310 9,
847 3248 894 3299 12.
912 3247 957 3298 13.
972 3259 1003 3312 p.
1025 3246 1086 3297 545.

73 3321 129 3372 546
147 3317 258 3387 lacydi.
341 3323 374 3371 17
394 3314 524 3371 calefacti
543 3317 572 3370 et
589 3315 607 3369 1.
627 3332 663 3370 m.
684 3330 707 3369 c.
788 3315 817 3367 et
837 3328 888 3367 our.
903 3330 933 3382 p.
1006 3314 1088 3383 optos

73 3386 242 3461 tnthic)
259 3404 286 3444 c:
304 3403 354 3443 orn.
370 3403 400 3456 p.
485 3392 518 3441 18
537 3385 656 3440 senserit
673 3401 700 3439 c:
723 3382 874 3440 sumserint
888 3401 920 3454 p.
1006 3389 1038 3438 21
1059 3386 1088 3437 et

74 3458 171 3527 tepido
184 3474 215 3528 p.
289 3457 380 3527 operis
397 3474 438 3527 op.
511 3462 547 3512 24
564 3455 686 3510 tenuerit
704 3472 730 3510 c:
753 3455 901 3510 retinuerit
913 3471 944 3525 p.
