2414 3924
427 199 496 245 ωε.
510 198 560 245 111.
578 197 652 245 oar.
669 197 741 244 nux.
1026 183 1086 245 103

88 353 250 434 phrenetici
265 361 424 412 transeunt:
442 351 583 429 siquidem
598 369 678 410 mens
692 352 720 409 in
735 351 791 409 illis
802 350 889 426 labat,
906 351 935 410 in
945 350 1002 410 hoc
1016 367 1085 410 con·

90 446 154 498 stat.
186 435 219 497 ld
238 444 330 495 autern
346 435 415 494 nihil
436 434 511 496 aliud
528 444 590 511 est,
615 452 699 514 quam
721 435 805 493 nimia
825 434 1005 494 imbecillitas
1021 452 1085 494 cor·

89 523 186 600 poris,
203 518 283 599 qdod
298 518 448 579 stomacho
463 519 630 596 languente,
645 518 797 578 immodico
814 518 920 578 sudore
936 517 1085 595 digeritur.

88 606 226 682 Licetque
244 605 374 681 protinus
391 604 468 662 scire
479 603 507 662 id
518 620 596 679 esse,
615 602 663 662 ubi
674 620 810 661 venarum
822 603 920 680 exigui
934 601 1084 662 imbecilli-

65 707 144 769 aque
161 687 262 766 pulsus
276 695 354 755 sunt;
372 686 459 746 sudor
473 695 567 746 autem
582 705 667 764 supra
683 686 928 762 consuetudinem,
944 694 973 744 et
987 685 1084 761 modo,
1124 760 1129 771 Ι

89 783 118 834 ει
133 782 277 850 tempore,
295 789 332 829 er
346 779 407 830 toto
425 770 546 830 thorace
560 780 587 830 et
600 769 774 846 cervicibus,
793 780 877 850 atque
891 772 975 829 etiam
991 771 1085 848 capite

90 856 260 936 prorumpit,
279 853 400 933 pedibus
415 855 607 915 tantummodo
624 864 653 913 et
668 855 797 914 cruribus
814 853 985 914 siccioribus
1000 852 1086 932 atque

88 939 270 1016 frigentibus.
299 938 442 1017 Acutique
458 938 485 996 id
501 939 592 998 morbi
609 957 702 1015 genus
715 949 768 1000 εει.
798 937 913 999 Curatio
926 939 1016 1016 prima
1032 946 1086 1013 est,
1177 969 1181 977 ·

91 1041 179 1102 supra
202 1022 370 1102 praecordia
390 1025 554 1100 imponere,
577 1041 651 1101 quae
673 1024 844 1102 reprimant,
865 1022 1084 1102 cataplasmata:

55 1130 81 1172 ιο
93 1104 237 1181 secunda,
261 1105 395 1165 sudorem
418 1105 584 1184 prohibere,
617 1107 649 1166 ld
670 1116 798 1185 praestat
820 1106 957 1167 acerbum
979 1106 1086 1180 oleum,

90 1192 138 1251 vel
153 1207 233 1266 rosa,
256 1190 303 1251 vel
323 1190 470 1266 melinum,
493 1199 541 1250 aut
555 1200 710 1265 myrteum:
733 1208 852 1269 quorum
866 1191 961 1270 aliquo
979 1194 1088 1268 corpus

89 1276 193 1336 leniter
214 1273 445 1353 perungendum,
469 1284 652 1353 ceratumque
673 1292 711 1333 ex
731 1275 827 1353 aliquo
846 1274 947 1334 horum
966 1284 1023 1335 tum
1037 1275 1086 1333 im·

90 1357 253 1439 ponendum
278 1367 330 1417 est.
371 1359 401 1416 Si
424 1358 511 1417 sudor
532 1361 637 1435 vincit,
664 1358 831 1418 delinendus
858 1358 944 1419 homo
973 1367 1017 1418 est
1039 1357 1086 1416 vel

90 1459 196 1522 gypso,
212 1441 259 1500 vel
277 1443 389 1519 argenti
404 1460 514 1520 spuma,
530 1443 578 1502 vcl
597 1443 710 1502 cimolia
727 1451 816 1518 creta,
831 1443 976 1502 ueletiam
991 1441 1086 1501 subin·

57 1529 126 1592 rode
155 1525 258 1584 horum
287 1525 405 1603 pulvere
429 1527 654 1605 respergendus.
685 1525 763 1586 Idem
785 1536 914 1605 praestat
935 1528 1028 1606 pulvis
1050 1543 1087 1584 er
1112 1544 1116 1554 ·

91 1611 222 1671 conuitio
244 1608 330 1669 aridis
353 1612 436 1684 myrti
457 1611 504 1669 vel
524 1610 586 1670 rubi
608 1611 703 1688 loliis,
729 1620 777 1670 aut
799 1629 835 1670 cr
850 1613 956 1671 austeri
974 1620 1003 1669 ct
1017 1609 1086 1668 boni

90 1696 148 1753 vini
163 1693 241 1753 arida
258 1694 356 1752 faece:
379 1694 520 1772 pluraque
535 1694 636 1753 similia
652 1703 730 1771 sunt,
752 1713 825 1772 quae
840 1697 864 1753 si
879 1695 995 1771 desunt,
1017 1694 1086 1752 satis

90 1779 166 1839 utilis
188 1786 233 1836 est
254 1776 376 1854 quilibet
395 1795 432 1836 ex
449 1780 494 1836 via
518 1779 611 1856 pulvis
631 1780 763 1853 injectus.
794 1780 889 1859 Super
909 1778 981 1839 haec
1001 1793 1085 1852 vero,

92 1863 254 1941 quominus
286 1878 393 1940 corpus
409 1863 535 1937 insudet,
560 1862 618 1921 levi
639 1872 720 1923 veste
737 1863 826 1922 debet
843 1881 909 1922 csse
927 1871 1086 1937 contectus,

55 1970 81 2008 aa
93 1948 160 2006 loco
176 1962 232 2003 non
249 1945 358 2018 calido,
375 1945 510 2005 fenestris
525 1947 687 2023 patentibus
705 1948 758 2024 sic,
776 1957 805 2006 ut
820 1947 957 2026 perflatus
973 1963 1087 2024 quoque

90 2030 194 2108 aliquis
212 2029 341 2089 accedat.
373 2028 497 2089 Tertium
520 2031 652 2090 auxilium
674 2040 732 2108 εει,
754 2031 941 2091 imbecillitati
960 2030 1087 2105 jacentis

91 2114 157 2176 cibo
172 2114 296 2191 vinoque
310 2132 490 2173 succurrere.
508 2113 595 2174 Cibus
609 2134 667 2175 non
679 2117 782 2176 multus
794 2116 917 2194 quidem,
932 2115 1087 2192 sedsaepe

90 2210 183 2259 tamen
199 2206 285 2256 nocte
307 2215 341 2256 ac
357 2196 404 2257 die
419 2197 526 2258 dandus
543 2209 603 2276 est,
625 2210 655 2259 ut
667 2201 785 2276 nutriat,
809 2218 902 2279 nequc
918 2208 1029 2261 oneret.
1059 2197 1088 2257 ls

91 2303 157 2343 esse
174 2281 262 2341 debet
282 2301 319 2340 ex
334 2283 523 2343 infirmissima
539 2286 673 2360 materia,
697 2295 725 2344 et
742 2285 889 2345 stomacho
904 2293 996 2363 aptus
1026 2281 1088 2342 Nisi

56 2390 82 2428 cs
95 2370 118 2426 si
133 2384 257 2425 necesse
275 2374 335 2440 est,
351 2365 386 2425 ad
403 2366 497 2425 vinum
512 2368 648 2429 festinare
664 2388 720 2429 non
739 2378 869 2449 oportet:
891 2371 915 2428 si
932 2368 1088 2429 verendum

93 2461 146 2525 cst,
163 2469 199 2508 nc
215 2449 339 2525 deficiat,
355 2459 411 2510 tum
428 2460 456 2508 et
470 2453 564 2512 intrita
578 2472 615 2512 ex
629 2453 702 2528 hoc,
722 2463 750 2512 et
765 2453 821 2514 hoc
836 2454 928 2531 ipsum
944 2461 1088 2512 austerum

94 2535 220 2612 quidem,
247 2534 298 2593 sed
314 2543 409 2593 tamen
424 2544 525 2612 tenue,
547 2539 736 2614 meraculum,
760 2537 903 2615 egelidum
924 2536 1043 2596 subinde
1060 2543 1091 2594 et

92 2619 251 2677 liberaliter
266 2618 386 2677 dandum
403 2627 460 2687 est;
480 2621 592 2694 adjecta
608 2623 736 2700 polenta,
753 2624 776 2680 si
792 2622 878 2680 modo
896 2623 919 2680 is
934 2639 1024 2697 aeger
1039 2637 1088 2697 pa-

93 2720 153 2760 rum
178 2700 233 2760 cibi
254 2704 385 2761 assumit:
407 2703 492 2780 idque
509 2707 602 2763 vinum
618 2725 684 2765 esse
708 2706 811 2781 debet,
834 2723 927 2782 neque
949 2705 1089 2763 nullarum

58 2812 84 2852 ιο
94 2785 205 2858 virium,
221 2803 313 2863 oeque
333 2787 503 2862 ingentium;
519 2798 659 2867 recteque
674 2799 733 2850 tota
749 2789 794 2849 die
806 2807 841 2848 ao
856 2796 952 2861 nocte,
970 2787 1089 2846 veltres

93 2870 222 2927 heminas
244 2887 332 2946 aeger
352 2870 447 2939 bibet;
471 2873 494 2929 si
516 2875 623 2932 vastius
641 2890 746 2952 corpus
768 2882 829 2946 est,
852 2873 916 2949 plus
938 2875 1031 2930 etiam.
1058 2870 1089 2928 Si

94 2951 188 3012 cibum
204 2970 261 3011 non
280 2957 400 3032 accipit,
423 2964 590 3033 perunctum
611 2967 676 3015 ante
699 2956 872 3036 perfundere
891 2973 965 3032 aqua
984 2953 1090 3030 frigida

94 3038 245 3113 convenit,
268 3047 297 3096 et
315 3048 373 3097 tum
389 3039 467 3097 dare.
508 3039 593 3113 Quod
610 3042 633 3098 si
652 3041 815 3099 stomachus
831 3039 975 3098 resolutus
991 3054 1089 3116 parum

94 3123 231 3196 continet,
248 3130 277 3180 et
294 3131 360 3181 ante
377 3122 480 3197 cibum,
498 3132 526 3181 et
542 3133 609 3201 post
625 3142 688 3182 eum
705 3132 809 3202 sponte
824 3140 942 3182 vomere
959 3128 1088 3200 oportet;

59 3230 84 3269 as
94 3223 249 3282 rursusque
277 3216 344 3283 post
368 3208 502 3266 vomitum
525 3205 618 3265 cibum
644 3224 773 3270 sumere;
809 3211 833 3267 si
863 3223 901 3265 ne
925 3206 952 3264 id
978 3203 1111 3283 quidem'

94 3290 238 3362 manserit,
255 3289 376 3349 sorbere
391 3292 448 3349 vini
464 3291 609 3366 cyathum,
632 3292 858 3369 interpositaque
872 3289 962 3367 hora,
978 3305 1091 3349 sumere

94 3372 224 3431 alterum.
258 3373 288 3431 Si
310 3374 338 3433 id
362 3390 476 3453 quoque
498 3375 661 3435 stomachus
682 3374 853 3452 reddiderit,
876 3383 964 3434 toturn
985 3387 1092 3450 corpus

95 3455 189 3516 bulbis
204 3459 336 3517 contritis
351 3459 604 3537 superillinendum
620 3468 678 3528 est;
695 3461 753 3537 qui,
770 3458 817 3518 ubi
833 3461 1012 3534 inaruerunt,
1029 3453 1084 3517 ett-
