2414 3924
364 201 433 249 orn.
450 202 496 251 ιν.
520 201 596 250 cnr.
613 202 696 250 xxx.
713 203 810 250 xxxi.
924 241 928 245 ,
1028 192 1086 254 157

92 359 139 419 vel
159 357 309 428 mulieres,
332 354 386 413 uisi
409 354 512 433 quibus
533 365 676 416 menstrua
699 374 857 435 suppressa
874 368 954 434 sunt,
979 367 1088 419 tentant

92 439 188 523 (Apu.
204 439 260 516 Vl,
283 437 339 513 28,
360 437 399 499 29
417 447 446 497 et
461 439 528 517 30).
567 438 623 498 Ubi
646 441 746 499 sentiri
768 450 946 519 coeperunt,
969 442 1087 519 sanguis

90 524 242 585 mittendus
270 530 330 581 est:
366 521 394 580 id
422 524 497 581 enirn
523 524 596 582 inter
624 525 701 584 initia
722 526 817 584 statim
840 524 963 601 factum,
995 544 1086 605 saepe

91 626 228 682 annuam,
252 622 461 682 nonnumquam
483 616 650 684 perpetuam
671 606 863 667 valetudinem
882 608 986 669 bonam
1002 627 1086 687 prae-

69 701 156 752 sstat.
180 690 299 766 Quidam
318 691 418 765 ctiam,
440 708 523 768 quum
538 691 647 750 asinino
663 690 739 751 lacte
753 700 842 770 epoto
855 711 921 752 sese
934 693 1085 768 aluissent,

91 781 305 854 inperpetuum
321 771 378 831 hoc
393 773 496 832 malum
512 784 675 834 evaserunt.
696 775 817 849 Quidam
833 793 916 853 quum
932 785 993 836 toto
1009 794 1085 836 anno

91 879 107 920 a
121 860 206 934 vino,
228 856 338 932 mulso,
363 874 469 916 venere
485 856 538 916 sibi
554 866 781 936 temperassent,
799 855 982 919 securitatem
998 862 1085 919 totius

91 945 166 1002 vitae
191 940 359 1018 consequuti
382 949 455 999 sunt.
493 939 582 1018 ldque
603 944 703 1021 utique
726 951 793 1019 post
815 944 936 1020 primum
953 942 1085 1001 dolorem

91 1025 262 1087 servandum
284 1032 344 1098 est,
371 1025 481 1083 etiamsi
505 1025 622 1101 quievit.
668 1026 752 1100 Quod
777 1027 801 1084 si
822 1026 883 1100 jam
905 1025 1085 1086 consuetudo

56 1112 156 1186 noejus
178 1109 255 1169 iacta
278 1116 338 1182 est,
367 1115 463 1186 potest
484 1107 597 1187 quidem
614 1109 717 1188 aliquis
733 1127 799 1168 esse
816 1111 947 1169 securior
964 1111 999 1168 iis
1015 1119 1085 1169 tem·

91 1193 228 1274 poribus,
249 1190 350 1270 quibus
372 1192 456 1252 dolor
475 1210 508 1251 se
528 1193 653 1252 remisit:
676 1194 815 1268 majorem
837 1210 908 1252 vero
926 1211 1023 1253 curam
1038 1193 1085 1253 ad·

92 1278 193 1337 hibere
210 1275 297 1335 debet
312 1276 346 1334 iis
362 1277 464 1354 quibus
480 1275 507 1335 id
522 1279 690 1346 revertitur;
714 1276 792 1355 quod
809 1277 872 1336 iere
889 1295 960 1337 vere
977 1286 1086 1337 autum·

91 1379 168 1422 nove
184 1360 245 1420 lieri
262 1358 336 1419 solet
354 1360 408 1438 (ci.
425 1358 503 1437 Aplt.
520 1359 576 1435 Vl,
592 1361 659 1438 55).
696 1362 788 1436 Quum
803 1378 874 1420 vero
888 1360 977 1421 dolor
991 1370 1086 1438 urget,

91 1464 174 1505 mane
195 1444 303 1522 gestari
325 1442 425 1512 debet;
461 1443 562 1503 deinde
584 1445 653 1504 ferri
676 1447 704 1503 in
727 1445 963 1520 ambulationem,
991 1445 1030 1504 ibi
1054 1463 1086 1503 se

59 1530 254 1597 radimovere3
274 1528 340 1586 etsi
357 1527 486 1606 podagra
503 1537 563 1604 est,
580 1528 758 1606 interpositis
770 1528 948 1606 temporibus
961 1530 1086 1606 exiguis,

91 1615 214 1673 invicem
235 1610 319 1670 modo
343 1611 463 1686 sedere,
488 1611 573 1670 modo
599 1612 726 1688 ingredi;
750 1621 806 1670 tum
825 1621 975 1688 antequam
992 1611 1087 1670 cibum

94 1698 203 1774 capiat,
234 1696 294 1753 sine
319 1693 423 1754 balneo
445 1695 513 1754 loco
535 1695 628 1754 calido
652 1694 756 1755 leniter
780 1694 947 1773 perfricari,
970 1695 1086 1769 sudare,

94 1779 225 1860 periundi
248 1795 320 1856 aqua
343 1778 472 1854 egelida;
497 1778 600 1837 deinde
622 1776 713 1836 cibum
737 1794 850 1837 sumere
867 1795 906 1836 ex
920 1777 1013 1836 media
1029 1795 1086 1836 ma·

93 1866 181 1938 teria,
197 1862 375 1939 interpositis
391 1860 478 1921 rebus
492 1864 601 1920 urinam
615 1861 812 1930 moventibus;
836 1861 1008 1938 quotiesque
1026 1860 1087 1937 ple·

57 1948 157 2010 aonior
172 1955 229 2020 est,
249 1961 395 2004 evomere.
424 1943 481 2006 Ubi
497 1944 582 2004 dolor
593 1943 751 2003 'vehemens
765 1945 866 2020 urget,
885 1944 1007 2002 interest
1025 1945 1087 2002 sine

93 2041 204 2090 tumore
226 2031 249 2087 is
275 2030 325 2104 sit,
352 2047 386 2088 an
407 2038 500 2087 tumor
521 2047 584 2087 oum
607 2028 721 2104 calore,
750 2046 784 2088 an
806 2036 899 2085 tumor
918 2028 977 2101 Jam
1002 2028 1087 2085 etiam

94 2113 275 2174 obcalluerit.
312 2110 383 2170 Nam
404 2113 428 2171 si
444 2122 536 2171 tumor
551 2112 644 2172 nullus
658 2120 718 2187 est,
745 2110 845 2170 calidis
862 2111 995 2169 fomentis
1013 2127 1088 2186 opus

94 2206 147 2256 est.
168 2196 279 2273 Aquam
295 2196 445 2270 marinam,
461 2196 509 2254 vel
524 2197 639 2256 muriam
652 2195 750 2254 duram
762 2195 944 2254 fervefacere
958 2201 1087 2270 oportet,

95 2279 199 2339 deinde
221 2280 249 2336 in
270 2279 384 2356 pelvem
401 2280 566 2355 conjicere,
591 2290 618 2338 et
633 2298 716 2357 quum
727 2280 787 2354 jam
802 2278 886 2338 homo
906 2278 962 2355 pati
980 2284 1087 2355 potest,

58 2386 85 2425 ns
97 2362 186 2442 pedes
206 2361 372 2439 demittere,
398 2381 543 2441 superque
566 2363 670 2441 pallam
692 2363 777 2439 dare,
801 2371 829 2422 et
853 2363 1023 2421 vestimento
1046 2369 1081 2418 te·

96 2465 182 2523 gere3
206 2445 339 2523 paulatim
361 2447 464 2505 deinde
483 2447 566 2520 juxta
586 2447 695 2506 labrum
719 2450 811 2525 ipsum
833 2449 873 2505 cri
893 2445 993 2504 eadem
1015 2461 1088 2521 aqua

95 2530 199 2589 leniter
221 2529 385 2606 infundere,
412 2549 447 2587 ne
473 2529 553 2589 calor
567 2531 641 2589 intus
658 2531 805 2597 destituat:
829 2548 864 2589 ac
880 2528 983 2588 deinde
1001 2536 1088 2586 noctu

97 2612 299 2689 cataplasmata
330 2613 528 2672 calefacientia
563 2617 732 2692 imponere,
774 2615 952 2691 maximeque
984 2611 1088 2669 hibisci

95 2696 221 2755 radicem
236 2714 273 2754 ex
287 2698 354 2754 vino
371 2706 483 2755 coctam
499 2698 553 2774 (ci.
571 2697 643 2756 Plin.
660 2696 730 2773 XX,
746 2701 782 2772 4,
802 2697 868 2775 14).

60 2805 86 2845 30
158 2780 188 2837 Si
213 2797 284 2838 vero
309 2788 402 2838 tumor
424 2780 561 2857 calorque
578 2790 640 2854 est,
665 2781 778 2841 utiliora
793 2790 857 2840 sunt
874 2779 1088 2855 refrigerantia,

96 2871 232 2940 recteque
256 2865 284 2922 iu
307 2881 380 2941 aqua
397 2881 479 2940 quam
493 2864 676 2940 frigidissima
691 2864 802 2922 articuli
818 2865 1012 2926 continentum
1038 2857 1089 2916 sed

95 2964 188 3024 neque
207 2946 351 3024 quotidie,
367 2965 462 3024 neque
478 2948 541 3022 diu,
558 2965 593 3005 ne
613 2949 692 3004 nervi
709 2947 901 3005 indurescant.
937 2943 1089 3018 Imponen-

95 3031 159 3088 dum
183 3047 254 3089 vero
279 3039 323 3088 est
347 3030 521 3107 cataplasma
544 3029 619 3106 quod
642 3029 811 3105 refrigeret;
835 3045 930 3104 neque
954 3023 1090 3083 tamenin

95 3113 152 3172 hoc
176 3115 241 3190 ipso
262 3113 307 3171 diu
332 3112 568 3190 permanendum
592 3110 644 3169 sed
662 3111 698 3170 ad
722 3130 755 3171 ea
772 3107 992 3181 transeundum,
1016 3121 1090 3183 quae

60 3198 138 3255 assic
161 3200 331 3275 reprimunt,
358 3206 387 3255 ut
407 3195 562 3254 emolliant.
599 3195 629 3251 Si
644 3195 736 3268 major
753 3202 796 3251 est
811 3192 912 3266 dolor,
935 3187 1090 3268 papaveris

97 3282 223 3338 cortices
243 3282 271 3338 in
294 3281 359 3338 vino
388 3277 547 3358 coquendi,
576 3277 773 3353 miscendique
801 3293 865 3334 cum
891 3282 990 3333 cerato
1015 3278 1089 3344 sunt,

97 3362 173 3439 quod
197 3382 233 3423 ex
253 3381 321 3422 rosa
342 3363 447 3423 iactum
463 3363 512 3421 sit:
539 3361 584 3420 vel
602 3377 687 3418 cerae
702 3368 730 3417 et
747 3357 838 3436 adipis
854 3356 955 3415 suillae
972 3363 1089 3414 tantum·

97 3444 160 3503 dem
178 3464 232 3506 una
250 3445 428 3523 liquandum,
449 3444 553 3504 deinde
568 3443 719 3502 bissinum
734 3439 924 3514 miscendum,
941 3448 1026 3517 atque
1043 3435 1090 3495 ubi
