2414 3924
159 214 220 273 152
440 224 481 271 n.
498 222 528 270 o.
548 222 646 271 cursu
662 221 857 270 nnnscrunu

78 387 83 397 ’
159 396 252 457 equo,
283 377 419 457 prodest:
448 395 543 455 neque
568 379 642 436 enirn
663 375 721 435 ulla
741 394 789 436 res
811 377 902 452 magis
924 377 1057 436 intestina
1084 394 1156 437 con-

159 463 261 522 flrmat.
285 462 315 520 Si
332 478 403 520 vero
419 462 504 520 etiam
522 460 738 520 medicamentis
749 461 883 520 utendum
896 469 955 537 est,
974 460 1154 538 aptissimum

159 544 247 605 estid
265 544 342 622 quod
360 563 397 604 ex
412 547 506 621 pomis
524 546 564 604 lit.
598 543 763 603 Vindemiae
780 552 913 623 tempore
929 546 957 602 in
973 544 1086 620 grande
1102 563 1155 605 vas

160 628 342 703 conjicienda
363 636 427 687 sunt
451 629 511 705 pira
534 637 620 707 atque
640 627 713 687 mala
733 627 894 688 silvestria:
914 627 938 686 si
953 644 988 686 ea
1003 644 1062 687 non
1078 638 1153 705 sunt,

160 715 222 792 pira
248 712 389 772 tarentina
418 711 532 789 viridia,
563 710 610 769 uel
639 712 769 787 signina,
802 711 876 772 mala
904 710 1074 787 scandiana,
1106 711 1176 776 vele

160 798 303 872 amerina,
319 791 427 873 [pira‘ll
444 796 572 872 myrapia
589 795 643 872 (ci.
661 793 772 854 Colum.
787 795 858 872 XII,
875 795 931 863 10;
955 793 1027 854 I'lin.
1044 794 1152 872 XXIII,

162 883 173 940 1
187 925 196 956 ,
213 880 286 959 21);
309 878 412 956 hisque
428 877 590 952 adjicienda
607 889 671 938 sunt
687 888 827 956 cotonea,
852 888 880 938 et
897 895 962 938 curn
976 879 1048 956 ipsis
1065 879 1153 939 corti·

160 963 242 1024 cibus
265 962 324 1022 suis
346 963 467 1041 punica,
489 962 593 1038 sorba,
616 971 645 1021 et
667 962 770 1040 quibus
790 964 883 1039 magis
905 965 1026 1039 utimur,
1050 971 1079 1022 et
1095 972 1153 1022 tor·

159 1047 289 1123 mimalia,
310 1047 368 1122 sic,
390 1054 420 1104 ut
441 1045 515 1106 baec
530 1046 640 1106 tertiam
656 1045 733 1105 ollae
750 1056 861 1125 partem
876 1054 1005 1106 teneant:
1028 1056 1088 1105 tum
1105 1045 1153 1105 de·

160 1131 226 1191 inde
244 1148 278 1188 ea
293 1138 385 1188 musto
402 1129 547 1207 implenda
563 1139 620 1198 est;
640 1129 878 1208 coquendumque
888 1129 932 1206 id,
952 1130 1046 1189 donec
1059 1131 1152 1189 omnia
1164 1141 1186 1185 tt

161 1232 235 1294 quae
258 1212 344 1271 indita
361 1221 441 1289 sunt,
463 1212 587 1291 liquata,
608 1215 787 1273 inunitatem
805 1214 953 1293 quamdam
971 1223 1086 1274 coeant.
1123 1213 1155 1272 Id

161 1298 258 1376 gustui
273 1313 332 1354 non
345 1298 465 1355 insuave
482 1306 541 1365 est;
560 1305 606 1372 et,
623 1297 862 1375 quandocumque
878 1314 952 1376 opus
967 1305 1028 1374 est,
1045 1314 1153 1357 assum·

160 1391 218 1440 tum
240 1380 361 1455 leuiter,
382 1381 444 1438 sine
459 1380 517 1440 nlla
539 1381 679 1441 stomachi
701 1399 794 1459 nona,
816 1389 947 1440 ventrem
963 1389 1052 1440 tenet.
1089 1381 1154 1440 Duo

161 1473 208 1525 aut
228 1465 282 1523 tria
303 1462 469 1523 cochlearia
491 1479 545 1523 uno
569 1463 616 1523 die
643 1465 797 1542 sumsisse,
827 1466 897 1523 satis
922 1472 976 1523 est.
1020 1464 1154 1524 Alterum

161 1548 303 1608 ualentius
323 1565 430 1623 genus:
453 1547 538 1621 myrti
556 1547 663 1607 baccas
683 1548 801 1625 legere,
825 1565 862 1607 ex
884 1548 928 1608 bis
945 1550 1040 1609 vinum
1056 1551 1152 1629 expri·
1164 1561 1186 1601 u

42 1620 49 1624 ’
160 1648 254 1710 mere,
272 1629 299 1691 id
326 1630 511 1709 decoquere,
549 1641 577 1691 ut
604 1631 713 1692 decima
741 1649 809 1710 pars
835 1641 999 1710 remaneat,
1031 1633 1153 1710 ejusque

162 1718 293 1794 cyathum
306 1716 438 1775 sorbere.
461 1714 603 1792 Tertium,
620 1715 695 1794 quod
709 1716 948 1795 quandocumque
963 1717 1025 1776 ilari
1041 1725 1152 1796 potest:

160 1803 263 1862 malurn
285 1800 420 1879 punicum
436 1818 597 1875 excavare,
623 1801 823 1879 exemptisque
840 1799 972 1859 omnibus
987 1799 1153 1874 seminibus,

159 1885 339 1946 membranas
360 1902 434 1963 quae
456 1885 529 1943 inter
550 1902 584 1943 ea
607 1884 735 1960 fuerunt,
768 1886 870 1942 iterum
899 1884 1062 1959 conjicere:
1096 1892 1154 1943 turn

159 1969 309 2029 infundere
332 1967 419 2028 cruda
441 1985 513 2044 ova,
543 1966 730 2045 rudiculaque
753 1968 895 2026 miscere:
923 1966 1027 2027 deinde
1050 1967 1186 2027 malumro

160 2055 252 2132 ipsum
269 2070 358 2129 super
374 2069 492 2131 prunam
508 2052 673 2129 imponere;
693 2050 783 2129 quod,
806 2049 871 2109 dum
889 2049 991 2110 humor
1006 2053 1081 2111 intus
1098 2061 1153 2126 est,

160 2155 218 2196 non
240 2135 381 2195 aduritur:
412 2135 460 2193 ubi
482 2137 591 2193 siccum
613 2153 680 2193 esse
702 2135 818 2212 coepit,
848 2152 1002 2194 removere
1023 2144 1152 2213 oportet,

161 2227 378 2296 extractumque
401 2217 564 2293 cochleari,
591 2217 667 2295 quod
687 2218 762 2276 iutus
779 2227 839 2292 cst,
857 2218 963 2277 edisse.
999 2217 1154 2296 Aliquibus

161 2303 300 2378 adjectis,
317 2302 408 2376 majus
424 2309 597 2360 momentum
612 2299 714 2360 habet:
735 2303 833 2379 itaque
850 2303 934 2361 etiam
949 2304 976 2360 iu
991 2303 1154 2381 piperatum

162 2385 329 2461 conjicitur,
355 2386 546 2461 misceturque
571 2402 634 2442 cnm
657 2383 718 2443 sale
739 2393 768 2443 et
790 2385 909 2464 pipere,
936 2395 1021 2464 atque
1045 2404 1082 2444 ex
1109 2386 1186 2445 hisrs

162 2466 302 2528 edendum
319 2476 372 2526 est.
407 2467 547 2526 Pulticula
564 2469 663 2544 etiam,
681 2485 744 2526 cum
760 2486 815 2546 qua
831 2469 944 2547 paulum
962 2488 999 2528 ex
1015 2470 1082 2529 lavo
1104 2489 1153 2530 ve-

161 2562 223 2611 tere
244 2558 357 2608 coctum
379 2551 431 2625 sit,
456 2559 484 2608 et
507 2550 643 2611 lenticula
662 2569 724 2610 cum
738 2552 889 2612 malicorio
907 2563 1005 2630 cocta,
1029 2552 1154 2633 rubique

162 2633 307 2694 cacumina
329 2634 356 2691 in
379 2651 451 2712 aqua
467 2633 605 2711 decocta,
627 2645 706 2695 etex
721 2636 789 2695 oleo
808 2646 894 2715 atque
911 2647 994 2698 aceto
1015 2649 1154 2716 assumta,

161 2716 291 2778 efficacia
319 2727 398 2777 sunt:
429 2726 513 2796 atque
542 2736 576 2777 ea
602 2738 676 2798 aqua
703 2721 731 2778 in
759 2739 813 2798 qua
839 2720 887 2779 vel
914 2721 1071 2799 palmulae,
1104 2722 1153 2781 vel

161 2801 263 2861 malum
286 2809 455 2877 cotoneum,
483 2801 531 2861 vel
555 2802 634 2862 arida
652 2804 754 2879 sorba,
783 2804 831 2862 vel
854 2805 918 2863 rubi
937 2804 1052 2864 decocti
1078 2807 1187 2872 sint;ro

161 2885 236 2964 quod
257 2903 349 2963 genus
372 2885 521 2962 significo,
546 2889 659 2964 quoties
680 2889 827 2965 potIouem
848 2887 967 2948 dandam
988 2907 1054 2947 esse
1075 2888 1153 2965 dico,

161 2987 233 3049 quae
255 2967 424 3046 adstringat.
463 2969 563 3029 Tritici
586 2988 702 3049 quoque
719 2971 830 3030 hemina
846 2973 874 3029 in
891 2973 957 3030 vino
973 2972 1085 3031 amineo
1105 2991 1153 3032 au-

160 3061 239 3112 stero
260 3052 443 3132 decoquitur;
472 3053 558 3131 idque
587 3056 709 3114 triticum
729 3055 832 3129 jejuno
860 3072 895 3113 ac
921 3057 1026 3115 sitienti
1054 3055 1153 3133 datur;

160 3155 307 3215 superque
330 3137 358 3196 id
373 3139 468 3197 viuum
485 3137 513 3196 id
530 3138 678 3197 sorbetur:
702 3138 778 3215 quod
790 3140 859 3215 jure
875 3139 1077 3198 ualentissimis
1095 3158 1153 3199 me·

160 3218 328 3280 dicamentis
358 3222 538 3281 annumerari
570 3231 675 3299 potest.
727 3221 821 3300 Atque
852 3223 937 3281 etiam
963 3224 1045 3301 potui
1070 3223 1188 3283 daturas

159 3304 252 3362 vinum
281 3305 437 3382 signinum,
470 3305 518 3364 vel
546 3307 701 3364 resinatum
728 3315 891 3383 austerum,
925 3307 972 3366 vel
999 3307 1150 3386 quodlibet

160 3396 312 3447 austerum.
346 3388 592 3466 Contunditurque
614 3408 676 3448 cum
692 3389 849 3449 corticibus
865 3392 1077 3469 seminibusque
1093 3393 1154 3450 suis

161 3470 294 3544 punicum
316 3473 436 3548 malum,
458 3474 584 3550 uinoque
607 3472 656 3532 tali
681 3473 832 3534 miscetur:
863 3474 949 3553 idque
973 3475 1020 3534 uel
1043 3492 1154 3534 merum
