2414 3924
350 231 419 278 cru.
436 233 486 283 111.
510 233 586 282 can.
602 235 826 283 xxv—xxvio
1030 226 1088 286 117

89 384 209 460 diebus,
226 393 308 444 recte
324 385 416 446 datur.
440 384 555 465 Corpus
571 389 693 449 contrita
706 389 842 467 plantago
856 399 885 450 et
897 390 967 448 illita
981 390 1088 468 optimo

90 469 164 528 tueri
179 467 302 527 videtur.

400 582 424 643 O
436 584 465 643 A
477 585 503 643 P
517 585 547 646 U
558 587 586 644 T
617 587 650 645 X
663 587 694 645 X
705 586 734 644 V
745 587 771 644 Ι.

499 682 536 731 De
553 683 681 733 Attonitis.

151 799 299 859 Attonitos
324 817 441 878 quoque
467 817 533 860 raro
557 801 704 877 videmus,
737 813 857 881 quorum
880 811 907 862 et
930 820 1037 881 corpus
1059 812 1087 864 et

66 903 170 951 smeus
191 892 297 961 stupet
334 883 379 942 Fit
401 884 540 944 interdum
562 885 619 944 ictu
640 885 782 960 fulminis,
808 887 949 945 interdum
969 886 1086 946 morbo.

89 957 298 1046 duoutqttao
328 968 403 1027 bunc
423 967 527 1029 Gracci
554 969 704 1046 appellant
735 969 790 1047 (cf
811 969 898 1047 Hipp.
920 969 1068 1032 Diaeta
1056 989 1088 1032 an

90 1051 201 1126 ocutis,
217 1050 279 1126 §tu
303 1049 351 1111 Dc
360 1051 478 1113 morbos
489 1051 526 1127 ll,
543 1051 564 1126 ς
577 1051 595 1112 8
609 1062 638 1111 et
650 1053 716 1130 25)
739 1051 789 1110 His
802 1055 918 1129 sanguis
934 1056 1085 1115 mittendus

90 1145 150 1194 est:
173 1145 288 1194 veratro
305 1153 421 1213 quoque
437 1135 521 1212 albo,
546 1136 594 1194 vel
611 1137 668 1195 alvi
685 1136 818 1196 ductione
834 1138 979 1197 utendum.
1015 1137 1085 1199 Tum

91 1219 270 1278 adhibendae
292 1218 458 1295 frictiones,
484 1228 513 1278 et
533 1238 570 1278 ex
591 1221 683 1280 media
699 1222 817 1279 materia
834 1222 945 1280 minime
963 1224 1089 1299 pingues

56 1329 80 1368 ω
92 1302 163 1369 oibi;
186 1303 299 1380 qnidam
316 1305 400 1362 etiam
415 1321 514 1370 acres;
536 1321 551 1362 a
570 1303 636 1362 vino
654 1303 862 1363 abstinendum.

391 1442 575 1546 cneum
605 1486 784 1545 xxvur.

410 1583 446 1632 De
459 1583 612 1632 resolutione
624 1596 767 1631 nervorum.

156 1716 248 1776 um
266 1719 407 1778 resolutio
423 1735 576 1778 nervorum
597 1722 655 1798 (sc
673 1721 843 1798 tendinum)
866 1719 1005 1797 frequens
1025 1717 1085 1780 ubi·

91 1819 147 1878 qne
156 1720 279 1860 morbus
295 1812 353 1862 est:
375 1802 427 1861 sed
444 1802 583 1861 interdum
599 1811 658 1861 tota
674 1819 815 1882 corpora,
831 1803 971 1862 interdum
978 1815 1086 1903 partes

56 1904 80 1943 rs
91 1884 217 1942 infestat.
237 1884 361 1945 Veteres
373 1896 507 1946 auctores
519 1886 587 1944 illud
601 1879 815 1983 ἀποπληξίαν,
829 1886 886 1946 boo
897 1880 1086 1965 παράλυσιν
1115 1891 1119 1898 “

91 1968 321 2029 nominaverunt:
344 1989 418 2030 nunc
440 1980 590 2068 utrumque
611 1962 801 2049 παράλυσιν
823 1971 965 2049 appellari
987 1972 1083 2031 video.

91 2052 193 2111 Solent
215 2061 324 2129 autem,
353 2055 405 2152 qui.
423 2072 476 2132 per
500 2055 592 2112 omnia
614 2054 739 2113 membra
763 2054 951 2113 vehementer
965 2057 1085 2114 resoluti

91 2146 171 2211 sunt,
188 2135 326 2196 celeriter
343 2139 422 2215 rapi:
442 2140 515 2197 acsi
534 2140 661 2215 correpti
675 2155 733 2196 non
749 2147 830 2213 sunt,
849 2139 953 2198 diutius
970 2140 1085 2217 quidem

91 2223 203 2287 vivunt3
228 2220 281 2279 sed
296 2238 362 2280 raro
380 2230 474 2280 tamen
490 2222 523 2280 ad
542 2223 690 2281 sanitatem
706 2223 892 2299 perveniunt,
916 2231 945 2281 et
960 2223 1083 2301 plerum-

55 2318 80 2358 ao
91 2322 147 2381 que
180 2305 314 2363 miserum
341 2306 470 2382 spiritum
503 2305 636 2381 trabunt,
671 2308 808 2366 memoria
836 2323 952 2384 qnoque
980 2308 1084 2366 amissa

89 2388 143 2467 (cl.
164 2386 244 2465 Apta.
259 2387 296 2462 11,
313 2388 381 2466 42).
407 2387 445 2447 'lu
464 2389 593 2467 partibus
608 2409 679 2449 vero
697 2408 848 2469 numquam
861 2400 977 2468 acutus,
993 2408 1084 2468 saepe

90 2473 209 2547 longus,
229 2471 291 2530 lere
308 2471 472 2532 insanabilis
489 2473 606 2531 morbus
622 2484 676 2533 est.
701 2475 731 2533 Si
746 2476 839 2533 omnia
855 2473 980 2533 membra
996 2475 1084 2533 vebo·

89 2563 200 2613 menter
221 2555 348 2615 resoluta
373 2565 451 2630 sunt,
482 2558 628 2633 sauguinis
652 2558 792 2618 detractio
817 2557 864 2616 vel
888 2557 1008 2638 liberat,
1036 2558 1084 2616 vel

90 2637 212 2698 occidit:
236 2638 312 2698 aliud
334 2641 488 2699 curationis
508 2659 601 2717 genus
618 2641 666 2699 vix
681 2660 811 2721 umquam
832 2644 981 2701 sanitatem
998 2644 1084 2701 resti·

54 2736 80 2775 ru
91 2723 159 2795 tuit,
189 2739 277 2800 saepe
303 2728 424 2782 mortem
445 2734 551 2783 tantum
572 2724 682 2800 differt,
713 2728 799 2784 vitam
822 2727 933 2784 interim
956 2725 1083 2784 infestat.

90 2806 160 2864 Post
182 2805 326 2882 sanguinis
348 2808 531 2883 missionem,
561 2809 585 2865 si
607 2826 664 2866 non
687 2810 761 2868 redit
782 2818 810 2867 et
832 2818 925 2867 motus
946 2818 974 2867 et
993 2826 1084 2883 mens,

90 2888 160 2947 nihil
176 2888 240 2965 spei
255 2899 403 2967 superest;
428 2892 556 2966 si‘redit,
577 2893 683 2951 sanitas
699 2909 816 2970 quoqne
831 2891 1016 2969 prospicitur.
1047 2889 1086 2948 m

89 2971 139 3031 ubi
154 2990 222 3050 pars
237 2974 365 3033 resoluta
381 2984 441 3050 est,
459 2991 513 3052 pro
529 2977 556 3033 vi
572 2985 601 3033 et
616 2975 682 3033 mali
699 2984 727 3034 et
741 2977 891 3052 corporis,
907 2974 955 3031 vel
969 2975 1085 3049 sanguis

89 3055 261 3131 mittendus,
277 3057 325 3115 vel
341 3058 423 3117 alvus
439 3059 578 3117 ducenda.
601 3054 707 3116 Cetera
723 3059 822 3117 eadem
839 3059 866 3115 iu
879 3065 1001 3132 utroque
1016 3073 1084 3114 casu
1114 3099 1119 3108 .

55 3140 222 3200 satanianos
247 3149 327 3199 suut:
359 3143 499 3220 siquidem
518 3143 610 3200 vitare
632 3142 791 3217 praecipue
813 3141 949 3198 convenit
976 3139 1084 3214 frigus;

90 3225 284 3303 paulatimque
306 3225 342 3284 ad
363 3228 588 3285 exercitationes
612 3223 815 3284 revertendum
840 3232 910 3296 est,
927 3223 970 3280 sio
992 3231 1022 3280 ut
1044 3222 1080 3279 in·

90 3309 237 3384 grediatur
260 3310 323 3386 ipse
345 3311 493 3388 protinus,
513 3310 536 3367 si
553 3317 664 3386 potest:
691 3308 714 3366 si
730 3308 756 3366 id
774 3324 885 3365 crurum
902 3305 1070 3364 imbecillita

90 3391 242 3470 probibet,
266 3393 314 3451 vel
335 3402 483 3469 gestetur,
509 3392 557 3451 vel
577 3401 655 3451 motu
677 3392 745 3451 lecti
769 3392 960 3449 concutiatur:
984 3398 1042 3447 turn
1057 3388 1072 3444 it

89 3475 266 3552 membrum,
290 3477 366 3554 quod
382 3477 496 3552 deficit,
518 3478 542 3535 si
559 3485 672 3554 potest,
698 3493 751 3554 per
768 3493 816 3544 se;
841 3475 884 3534 siu
900 3475 1008 3550 minus,
1033 3487 1084 3549 pet
