2414 3924
144 181 207 244 256
433 193 467 240 s.
486 193 517 242 c.
536 193 635 242 cassu
651 191 847 243 moeremus

142 367 252 413 exesus
268 357 314 409 εει
334 349 394 423 sic,
417 356 448 407 ut
463 348 549 426 glans
569 348 693 408 excidat.
730 347 789 407 Sub
811 365 870 425 quo
891 365 960 407 casu
987 349 1061 408 cutis
1075 348 1141 428 ipsa

144 431 376 495 circumcidenda
391 441 444 492 est.
477 432 707 511 Perpetuumque
723 439 783 508 εει,
795 433 911 510 quoties
926 431 1025 510 glans,
1040 441 1089 493 aut
1103 450 1142 493 ex

145 518 211 578 cole
229 516 335 594 aliquid
350 517 399 576 vel
416 517 538 593 excidit,
559 515 607 575 vel
623 515 814 591 abscinditur,
831 515 906 575 hanc
921 532 978 575 non
995 533 1062 576 esse
1078 535 1140 576 ser-

144 599 275 675 vandam,
288 618 325 661 ne
338 599 479 676 considat,
495 600 645 677 ulcerique
662 598 867 676 agglutinetur,
884 617 919 659 ac
934 617 1029 678 neque
1040 599 1141 660 reduci

144 685 238 764 possit
252 693 370 762 postea,
388 692 416 743 et
432 684 557 744 fortasse
574 685 696 744 fistulam
714 701 831 761 quoque
846 685 946 743 urinae
963 684 1086 744 claudat.
1151 701 1163 737 ⁵

207 767 371 828 Tubercula
395 770 495 843 etiam,
524 786 599 845 quae
621 761 757 846 φύματα
777 768 882 829 Graeci
906 776 1029 843 vocant,
1062 770 1142 829 circa

144 851 279 931 glandem
302 852 445 912 oriuntur:
475 868 548 929 quae
569 851 617 910 vel
637 851 869 927 medicamentis,
895 851 945 911 vel
965 852 1046 912 ferro
1071 851 1141 912 adu·

143 944 255 1005 runtur;
283 945 313 994 ει
330 953 415 1014 quum
437 944 552 994 crustae
574 934 759 1012 exciderunt,
784 953 901 1014 squama
926 936 1002 995 aeris
1027 937 1141 1014 insper-

144 1021 237 1098 gitur,
257 1038 293 1079 ne
309 1018 377 1096 quid
392 1018 434 1077 ibi
448 1037 546 1077 rursus
561 1019 714 1078 increscat.

207 1105 237 1165 3.
266 1103 347 1164 Haec
368 1104 438 1161 citra
457 1120 592 1162 cancrum
614 1111 694 1171 sunt:
723 1105 770 1180 qui
787 1120 873 1181 quum
891 1104 919 1162 in
935 1104 1056 1182 reliquis
1075 1122 1139 1183 par·
1153 1123 1176 1164 m

143 1186 235 1262 tibus,
268 1196 325 1247 tum
351 1187 379 1244 in
406 1185 450 1245 his
478 1203 594 1264 quoque
622 1185 669 1245 vel
697 1188 855 1264 praecipue
883 1187 983 1248 ulcera
1011 1187 1140 1248 infestat.

143 1269 248 1348 lncipit
265 1288 281 1329 a
295 1270 425 1346 nigritie:
450 1287 524 1348 quae
541 1271 566 1329 si
580 1279 673 1329 cutem
692 1271 863 1348 occuparit,
885 1272 1017 1349 protinus
1031 1272 1141 1350 specil·

144 1354 201 1414 lum
223 1352 452 1428 subjiciendum,
478 1372 572 1431 eaque
594 1353 746 1413 incidenda
768 1363 827 1422 est;
859 1353 962 1414 deinde
985 1372 1056 1416 orae
1078 1356 1140 1416 vul-

144 1437 219 1498 sella
235 1437 474 1516 prehendendae;
497 1447 571 1512 tum,
588 1436 724 1517 quidquid
740 1447 906 1517 corruptum
922 1448 983 1516 est,
1003 1438 1140 1499 exciden-

145 1521 210 1582 dum
237 1521 297 1597 sic,
321 1530 350 1580 ut
372 1539 408 1580 ex
424 1523 539 1598 integro
555 1538 670 1599 quoque
686 1520 801 1599 paulum
817 1523 963 1601 dematur,
987 1522 1074 1600 idque
1090 1522 1140 1583 ad·
1151 1542 1176 1582 ra

143 1605 292 1665 urendum.
331 1606 453 1681 Quoties
477 1605 544 1684 quid
564 1614 657 1664 ustum
680 1615 740 1681 est,
764 1604 792 1665 id
806 1623 923 1686 quoque
938 1608 1084 1685 sequitur,
1109 1614 1142 1666 ut

144 1689 318 1769 imponenda
346 1688 483 1750 lenticula
509 1692 558 1757 sit;
587 1688 711 1764 deinde,
743 1689 791 1748 ubi
817 1698 931 1750 crustae
958 1688 1140 1767 exciderunt,

143 1774 242 1834 ulcera
266 1776 339 1832 sieut
355 1772 409 1833 alia
426 1783 569 1834 curentur.
606 1773 646 1832 Αι
663 1774 687 1833 si
705 1791 811 1833 cancer
826 1775 919 1851 ipsum
938 1775 1033 1834 colem
1051 1789 1141 1835 oocu-

144 1859 237 1936 pavit,
260 1857 455 1935 inspergenda
478 1859 572 1935 aliqua
596 1867 661 1916 sunt
677 1875 714 1916 ex
730 1856 935 1934 adurentibus,
958 1859 1140 1937 maximeque

143 1940 172 2001 id
194 1941 270 2018 quod
286 1960 323 2000 ex
343 1942 438 2017 calce,
462 1941 631 2016 chalcitide,
655 1942 865 2020 auripigmento
882 1943 1072 2019 componitur.
1108 1942 1140 2001 Si
1149 1965 1174 2005 ao

143 2024 350 2085 medicamenta
369 2027 536 2102 vincuntur,
550 2025 597 2085 hic
615 2042 732 2103 quoque
744 2024 904 2102 scalpello,
923 2024 1059 2104 quidquid
1073 2042 1139 2085 cor·

144 2119 256 2188 ruptum
279 2119 340 2183 est,
371 2112 428 2185 sic,
459 2119 489 2169 ut
509 2107 617 2186 aliquid
641 2110 725 2167 etiam
747 2110 851 2186 integri
873 2108 979 2186 trahat,
1008 2110 1140 2187 praecidi

143 2192 241 2252 debet.
274 2191 347 2251 lllud
372 2211 487 2270 quoque
511 2211 603 2270 aeque
626 2201 797 2269 perpetuum
819 2201 879 2268 est,
905 2194 1005 2253 exciso
1031 2210 1139 2253 canoro

143 2275 246 2335 vulnus
261 2294 329 2335 esse
345 2275 529 2335 adurendum.
565 2275 623 2334 Sed
639 2277 699 2334 sive
719 2293 756 2335 ex
771 2275 1002 2352 medicamentis,
1020 2279 1083 2336 sive
1101 2296 1139 2336 ex

142 2359 222 2417 ferro
246 2368 361 2418 crustae
380 2359 597 2433 occalluerant,
621 2377 754 2437 magnum
771 2360 930 2438 periculum
953 2368 1014 2436 est,
1037 2378 1075 2419 ne
1091 2359 1173 2425 hisae

144 2440 359 2517 decidentibus,
385 2461 422 2501 ex
443 2441 508 2502 cole
531 2443 661 2520 prolusio
678 2445 824 2521 sanguinis
840 2446 1017 2522 insequatur.
1055 2443 1139 2522 Ergo

144 2525 233 2600 longa
255 2525 369 2601 quiete,
396 2535 424 2584 et
447 2526 583 2586 immobili
604 2545 697 2606 paene
717 2545 843 2607 corpore
866 2545 941 2607 opus
959 2536 1019 2605 est,
1044 2528 1139 2588 donec

143 2625 181 2666 ex
197 2609 262 2685 ipso
279 2617 393 2667 crustae
411 2609 516 2670 leniter
532 2612 725 2672 resolvantur.
745 2611 784 2670 Αι
799 2613 823 2670 si
837 2612 887 2672 vel
903 2611 1006 2672 uolens
1021 2612 1138 2690 aliquis,

142 2690 191 2750 rel
212 2691 392 2769 imprudens,
420 2694 485 2755 dum
506 2694 679 2772 ingreditur,
707 2697 854 2756 immature
879 2704 990 2755 crustas
1016 2695 1138 2772 diduxit,

142 2784 172 2834 ει
194 2774 255 2835 duit
277 2780 409 2854 sanguis,
433 2779 537 2856 lrigida
558 2797 630 2857 aqua
648 2778 808 2838 adhibenda
825 2790 885 2840 est:
908 2781 932 2839 si
947 2778 1021 2839 haec
1038 2798 1171 2859 parumao

141 2859 236 2937 valet,
265 2860 473 2922 decurrendum
497 2873 542 2922 εει
564 2863 599 2922 ad
621 2863 845 2939 medicamenta,
872 2883 946 2942 quae
968 2865 1136 2940 sanguinem

143 2945 321 3022 supprimunt
337 2945 391 3024 (cl.
408 2946 445 3021 V,
463 2948 510 3024 18,
527 2946 583 3015 22;
603 2946 654 3021 22,
671 2948 724 3026 bl:
750 2949 774 3006 si
792 2967 829 3008 ne
847 2949 920 3008 haec
936 2947 1050 3027 quidem
1071 2964 1137 3006 suc·

143 3038 274 3104 currunt,
296 3029 376 3089 aduri
393 3031 548 3106 diiigenter
564 3041 593 3090 et
611 3030 706 3090 timide
722 3031 824 3095 debet:
845 3051 940 3110 neque
956 3031 1015 3091 ullo
1032 3040 1137 3111 postea

141 3120 218 3170 motu
234 3111 343 3172 dandus
359 3114 451 3174 eidem
468 3115 597 3193 periculo
616 3116 699 3175 locus
716 3125 770 3176 est.

204 3197 233 3255 4.
255 3194 474 3276 Nonnumquam
493 3201 577 3258 etiam
598 3199 625 3259 id
641 3218 734 3276 genus
749 3200 788 3259 ibi
803 3201 915 3276 cancri,
932 3199 1009 3278 quod
1025 3197 1134 3279 φαγέ-
1145 3216 1170 3257 au

142 3276 277 3340 dacusa
302 3281 422 3342 Graecis
447 3285 621 3359 nominatur,
652 3285 721 3343 oriri
748 3284 833 3344 solet.
881 3283 914 3342 ln
940 3303 997 3362 quo
1020 3285 1137 3343 minime

141 3361 347 3440 differendum,
367 3367 418 3426 sed
431 3368 560 3445 protinus
573 3368 674 3427 iisdem
685 3368 916 3443 medicamentis,
934 3379 981 3444 et,
997 3371 1137 3448 siparum

140 3445 254 3516 valent,
289 3449 369 3509 lerro
400 3450 584 3511 adurendum.
635 3451 781 3526 Quaedam
807 3453 891 3511 etiam
919 3453 1052 3529 nigrities
1079 3461 1136 3527 est,
