2414 3924
528 220 768 287 -174—

136 370 263 431 maxime
285 384 410 448 pueros,
431 384 587 447 myrarum
610 375 641 429 et
663 374 776 447 myrtae
799 374 832 428 et
848 367 999 429 coriandri
1022 374 1156 456 seminis,

137 460 269 521 omnium
292 458 384 518 trium
406 459 576 535 specierum
600 456 783 518 decoctione.

225 545 367 626 epithima
396 545 432 606 ad
469 544 633 606 lumbricos
667 544 867 606 excludendos
899 548 962 608 sive
994 549 1153 612 necandos.

136 636 244 716 recipit
271 634 383 696 lamnae
408 634 506 713 lupini
527 634 721 695 tenuissimae
743 645 780 696 ÷
802 633 842 716 ll,
869 634 1011 696 absinthii
1034 641 1153 699 contusi

108 733 166 786 set
193 725 269 785 creti
294 736 330 790 ÷
352 723 380 805 l,
406 730 520 802 myrtae
547 720 650 783 viridis
679 720 708 782 S.
750 724 851 784 mittes
878 724 910 784 in
936 723 1034 806 girba,
1062 732 1093 786 et
1120 729 1152 786 in

135 832 196 875 uno
223 810 382 890 diligenter
409 812 558 892 contusis,
585 811 697 890 optimo
726 810 812 873 melle
841 810 962 890 colliges
985 819 1016 874 et
1040 814 1072 874 in
1095 812 1150 875 lirr-

135 901 214 964 teolo
241 900 381 962 illinitum
408 899 658 960 medicamentum
685 899 850 962 visceribus
879 900 985 961 mediis
1006 902 1151 981 impones.

135 989 292 1070 aliquando
316 1006 387 1050 vero
414 988 630 1050 medicamento
654 1006 745 1067 supra
768 991 880 1068 scripto
904 989 1112 1052 admiscemus.

225 1077 313 1140 aliud.
350 1076 478 1138 medulla
497 1079 617 1138 cervina
633 1075 699 1137 oleo
713 1075 848 1138 'violaceo
867 1077 999 1140 resoluta
1017 1097 1035 1139 a
1053 1081 1154 1141 nervis

96 1182 121 1222 10
135 1169 263 1230 cervicis
284 1183 360 1246 quos
382 1173 520 1227 tenentos
543 1164 648 1227 dicum
668 1183 724 1245 per
747 1172 840 1226 totam
858 1169 974 1245 spinam
996 1185 1092 1246 usque
1115 1170 1152 1229 ad

135 1274 239 1318 sexum
261 1272 446 1336 perungues,
469 1262 520 1316 aut
542 1255 641 1333 ipsum
660 1253 759 1316 oleum
777 1253 941 1316 violaceum
960 1255 1152 1335 singulariter

134 1344 315 1424 tepefactum
326 1342 449 1405 auribus
456 1342 615 1404 instillabis
627 1350 658 1404 et
670 1344 750 1422 ipsas
765 1360 907 1405 cavernas
918 1343 983 1405 lana
998 1343 1152 1407 obtrudes.

224 1435 272 1493 sin
300 1450 371 1493 vero
395 1449 463 1493 cum
487 1432 625 1493 adiuncta
648 1431 795 1493 adratione
818 1435 932 1493 ventris
962 1433 1054 1494 luerit
1075 1432 1152 1494 lum·

134 1521 288 1583 brioorum
314 1522 412 1601 passio
436 1539 506 1582 cum
528 1537 702 1582 rasurarum
725 1522 891 1603 egestione,
921 1528 994 1582 timo
1017 1519 1152 1605 stalticis,

95 1624 121 1665 aa
134 1610 165 1671 id
189 1617 235 1671 est
262 1611 493 1690 constrictoriis,
521 1610 601 1670 siout
626 1611 659 1670 in
687 1608 856 1689 dysenteria
882 1611 995 1672 inicere
1024 1618 1152 1692 oportet,

134 1707 166 1761 et
195 1700 355 1778 propinare
387 1697 565 1778 plantaginis
592 1715 699 1759 sucum
725 1705 777 1760 ant
805 1706 943 1778 parratas
972 1696 1071 1760 acidas
1099 1708 1151 1760 ant

135 1805 241 1850 sucum
274 1786 393 1849 coliculi
424 1794 476 1848 aut
507 1787 675 1848 limaturam
707 1804 802 1849 cornu
829 1788 942 1851 cervini
968 1788 1000 1848 in
1027 1785 1149 1848 modum

134 1876 273 1939 coclearii
295 1877 393 1938 unius.

224 1967 249 2026 si
281 1983 351 2026 vero
383 1971 503 2045 praeter
536 1962 652 2025 febrem
683 1964 774 2025 luerit
808 1965 907 2043 passio
939 1967 971 2025 in
1008 1964 1150 2025 diuturna

94 2067 121 2108 ro
134 2053 334 2134 aegritudine,
361 2071 451 2132 quam
474 2052 580 2114 Graeci
607 2051 761 2115 chroniam
788 2060 908 2134 vocant,
937 2055 1080 2115 etiamst
1104 2053 1149 2114 lu·

133 2143 221 2221 pinos
255 2159 371 2202 amaros
403 2140 534 2203 edendos
566 2140 649 2202 dabis
678 2150 708 2202 et
739 2143 926 2201 santonicum
959 2143 1065 2203 caricis
1095 2144 1149 2202 im·

133 2232 258 2291 missum
281 2237 312 2291 et
334 2231 436 2291 vinum
460 2229 632 2291 violaceum.

207 2381 391 2436 lmixarnm:
410 2381 786 2452 rarum(aie)c,nn1ara'1p
805 2380 982 2452 (amaram).
1012 2382 1149 2449 ofinoxa·

133 2469 196 2506 rum
215 2452 245 2506 0.
259 2453 296 2508 A.
307 2469 337 2521 p.
352 2457 414 2508 539.
434 2457 495 2509 541.
586 2452 716 2508 etmirte
733 2469 766 2522 p:
790 2455 820 2508 at
840 2455 923 2508 nocte
941 2469 966 2507 e.¹
1056 2456 1148 2508 iofim

132 2523 219 2578 trium
244 2528 309 2593 spei
333 2540 362 2578 e:
388 2525 488 2578 horum
514 2523 602 2578 trium
621 2539 652 2593 p.
759 2530 776 2579 3
801 2522 859 2579 aive
884 2523 1025 2578 necandos
1053 2529 1090 2592 1⁰⁰
1117 2526 1150 2578 a'n

132 2611 220 2664 marg.
238 2597 301 2661 (om.
316 2598 364 2663 ωε
388 2595 448 2650 siue
466 2594 607 2651 nocandcs
626 2610 648 2650 c.
738 2601 756 2649 4
774 2593 866 2664 lupini
882 2592 972 2648 farine
989 2595 1010 2647 t.
1025 2609 1056 2662 p.
1131 2601 1148 2648 5

132 2665 217 2719 mirae
224 2682 244 2735 p
253 2665 358 2731 (Dicae.
369 2672 395 2735 1,
408 2670 487 2735 155)=
501 2667 619 2720 menter
632 2666 679 2733 (cf.
689 2665 789 2734 infra).
856 2663 956 2720 viridis
968 2663 1059 2718 mittis
1070 2706 1076 2719 .
1089 2707 1095 2720 .
1107 2707 1113 2718 .
1125 2681 1147 2719 e.

133 2735 215 2805 girba
229 2753 252 2803 c,
270 2736 352 2806 girba
360 2753 391 2806 p.
464 2744 480 2792 6
495 2736 605 2806 colligis
619 2752 642 2805 c,
662 2740 716 2806 -g
729 2754 760 2805 p.
832 2735 951 2790 linteoli
964 2751 996 2805 p,
1014 2735 1078 2789 ——lo
1087 2741 1147 2804 φοῦ.

135 2805 274 2862 'tillitum
287 2824 318 2877 p.
391 2808 484 2863 viscef
500 2808 594 2863 media
612 2823 633 2862 e.
705 2806 800 2877 iponis
814 2823 855 2876 cp.
928 2805 1148 2862 8medioemen-

133 2884 195 2932 tum
212 2885 230 2941 3
249 2894 265 2937 ς
285 2884 350 2948 (pro
369 2878 419 2950 SS)
443 2878 628 2934 admiscemus
646 2893 672 2944 e,
696 2876 792 2932 ml'acr'a
815 2895 900 2949 supra
917 2877 1000 2935 dictis
1019 2877 1149 2934 admisci·

131 2965 275 3076 ilira-
298 2947 670 3077 aiiaiiivlieiillnssp
689 2948 745 3017 aa
758 2950 980 3075 l”eii⁹al⁰u{
998 2945 1147 3075 {diist}

133 3062 299 3147 tuentibus
317 3092 439 3148 sudabis
451 3063 488 3161 ³12,
508 3093 559 3147 aut
578 3036 722 3146 coffambos
740 3038 804 3160 (sig)
822 3107 844 3148 e.
917 3038 984 3146 lgna
997 3063 1147 3146 obserudes

131 3163 194 3232 (sic)
212 3179 239 3231 c,
257 3163 335 3218 lanas
355 3163 481 3218 obstruas
495 3178 526 3231 p.
601 3167 634 3215 13
650 3159 699 3214 Sin
712 3167 776 3232 P⁰⁶²
797 3161 827 3216 Si
845 3167 909 3218 ante
927 3178 996 3218 corr.
1007 3178 1038 3231 p.
1113 3167 1145 3214 15

132 3232 290 3289 desinteriia
309 3251 335 3303 o,
355 3233 501 3289 disinteria
515 3251 545 3302 p.
617 3231 721 3288 inicere
740 3248 790 3288 ora.
811 3249 833 3287 e.
913 3239 946 3287 16
985 3233 1146 3303 ropinatum

132 3320 159 3369 c,
178 3306 336 3359 —nandnm
355 3322 386 3375 p.
495 3310 528 3358 17
548 3302 681 3358 cauliculi
704 3320 802 3358 sucum
815 3319 846 3372 p.
955 3251 990 3359 tpb
1009 3303 1105 3358 cronia
1123 3319 1147 3370 c,

132 3413 228 3490 seroie
241 3427 271 3477 p.
345 3416 377 3465 21
394 3409 546 3465 sandonicia
560 3425 582 3477 e,
601 3379 707 3483 sanfam
717 3426 748 3478 p.
821 3409 921 3465 caricis
931 3416 967 3480 ρο
986 3409 1093 3480 (calicis
1102 3412 1144 3480 p),

133 3495 208 3534 cano
227 3496 249 3534 c.
