2414 3924
455 193 699 259 -169-

62 341 219 421 spumatio
251 340 342 401 etiam
373 346 405 400 et
441 338 653 401 insensibilitas
686 347 716 401 et
750 339 924 404 tenebratio.
975 345 1007 405 iu
1039 343 1088 406 his

63 427 229 491 cerebrum
256 429 369 507 patitur
397 436 429 490 et
456 430 552 490 omnis
579 429 744 489 nervositas
766 447 784 490 a
806 428 932 492 cerebro
962 432 1086 495 descen-

62 517 139 580 dens
168 514 228 578 sub
256 515 469 578 melancholico
496 516 623 579 humore
651 525 681 578 et
709 516 816 596 frigido
845 517 992 598 flegmate.
1035 521 1086 583 ali·

62 605 186 687 pando
211 623 227 665 a
251 605 404 667 stomacho
426 607 589 685 patiuntur.
627 616 674 667 est
693 607 772 667 euim
791 607 962 669 stomachus
984 608 1087 671 multis

64 696 170 757 nervis
194 693 387 756 sensibilibus
409 693 578 775 perplexus.
615 694 807 776 stellante,
830 704 865 758 ut
887 695 962 778 diri,
987 715 1003 758 a
1026 706 1116 759 sto-⁶

64 783 173 847 maeho
197 784 296 863 passio
319 783 411 845 inerit
430 793 497 844 nata
517 790 547 844 et
569 782 726 844 cerebrum
749 786 883 867 petierit,
906 787 1087 848 accessionis

66 880 206 952 tempore
234 871 376 933 fantasiae
404 871 499 933 oculis
527 871 713 953 efficiuntur,
742 881 777 933 ut
803 871 862 933 illis
892 873 1001 952 quibus
1025 875 1085 937 sui·
1162 927 1165 931 .

66 963 147 1023 lusio
171 962 328 1021 imminere
352 959 528 1022 ostenditur.
565 962 655 1021 etiam
678 967 708 1020 et
730 978 821 1040 vapor
845 961 965 1041 quidam
986 965 1019 1024 in
1042 964 1087 1024 eis

65 1049 102 1111 ab
132 1049 278 1110 inferiore
306 1052 419 1110 ventris
447 1057 531 1129 parte
554 1067 646 1128 super
669 1048 781 1130 fertur,
808 1068 868 1129 quo
897 1067 1005 1131 vapore
1033 1053 1086 1113 mi·

64 1141 159 1216 ninga
196 1136 311 1217 pulsata
348 1141 532 1219 concutitur,
569 1145 600 1198 et
636 1136 754 1198 cadunt
806 1138 984 1217 aliquotiens
1014 1154 1128 1215 vero1o

65 1226 124 1288 sub
157 1225 371 1291 melancholico
402 1226 528 1288 humore
561 1223 730 1287 laborantes
763 1224 883 1288 difficile
916 1229 1026 1290 cadunt
1057 1236 1088 1291 ct

63 1316 162 1378 ieinui
189 1314 295 1394 flegma
323 1314 514 1376 subamarum
542 1322 572 1376 et
600 1330 775 1393 spumosum
797 1317 828 1376 in
860 1315 996 1379 faucibus
1019 1335 1086 1379 sen-

64 1407 157 1466 tiunt.
199 1402 356 1484 aliquando
379 1412 410 1465 et
433 1403 515 1465 cibos
538 1421 598 1464 non
629 1401 783 1486 digerunt,
810 1404 864 1464 sed
886 1405 996 1468 crudos
1018 1413 1088 1486 post

64 1510 175 1554 cenam
197 1493 346 1553 emittunt.
384 1499 414 1552 et
437 1501 484 1553 est
505 1491 629 1554 molesta
652 1493 751 1571 passio
774 1494 899 1554 maxime
923 1494 1088 1556 infantibus

64 1581 255 1643 brevissimis
287 1588 317 1641 et
348 1579 479 1642 novellae
512 1582 616 1641 aetatis
648 1582 760 1660 pueris.
810 1581 844 1642 fit
875 1580 922 1642 vel
954 1584 1129 1644 nascituro

66 1671 319 1750 omnitempore,
342 1669 395 1730 sed
413 1669 481 1748 plus
500 1687 591 1730 verno
611 1669 802 1748 frequentare
823 1671 1012 1733 manifestum
1031 1680 1085 1733 est.

159 1758 191 1818 iu
219 1757 424 1819 curationibus
451 1765 552 1819 autem
578 1760 609 1818 in
636 1759 742 1837 primis
765 1776 781 1817 a
807 1764 891 1837 tergo
921 1760 1001 1820 inter
1024 1777 1086 1820 sca·

67 1845 156 1928 pulas
184 1848 265 1907 circa
292 1845 428 1926 spondyli
454 1845 554 1908 locum
581 1844 810 1925 praevaporabis
833 1848 965 1924 spongiis
993 1845 1088 1908 calida

67 1953 147 2014 aqua
176 1936 334 2014 expressis.
375 1942 426 1996 aut
453 1933 594 1996 cantabro
622 1935 654 1994 in
683 1933 804 1993 linteolo
827 1931 916 2012 ligato
941 1944 970 1994 et
994 1932 1088 1995 calida

68 2023 226 2085 ebullienti
253 2024 352 2084 inluso
380 2032 411 2083 et
438 2041 580 2103 expresso
610 2019 778 2102 vaporabis,
808 2028 839 2082 et
866 2023 910 2082 sic
934 2021 1088 2083 scarifabis
1102 2039 1129 2079 so

68 2122 101 2173 et
132 2130 188 2192 per
220 2111 393 2176 cucurbitae
426 2120 544 2191 raptum
580 2117 799 2190 competentem
831 2113 1005 2189 sanguinem
1038 2111 1088 2173 de·

69 2201 181 2261 trabes.
224 2203 312 2261 etiam
336 2209 366 2260 et
389 2200 555 2280 stomacho,
584 2199 634 2260 ubi
662 2199 777 2259 terrum
800 2201 923 2278 *operari
946 2218 1006 2260 non
1036 2219 1088 2280 po-

69 2292 157 2370 terit,
185 2292 378 2368 sanguisugas
406 2306 538 2369 appones
566 2287 670 2348 eodem
694 2287 781 2347 modo
811 2305 871 2366 quo
895 2290 1034 2368 superius
1057 2291 1088 2348 in

69 2384 257 2457 empyemate
282 2379 522 2456 conscripsimus.
560 2383 681 2456 etpost
704 2375 917 2437 detractionem
936 2379 1089 2457 sanguinis

144 2511 235 2566 lhiis
254 2528 275 2566 c.
363 2518 416 2565 2a
433 2527 484 2566 om.
504 2528 526 2566 e.
608 2511 801 2566 descendentis
819 2528 840 2567 c.
927 2511 1038 2566 terim
1054 2529 1088 2582 p:

70 2587 167 2639 autern
187 2600 207 2637 c.
282 2583 433 2654 npplexus
447 2598 483 2652 p,
501 2582 589 2666 pilax}
610 2599 631 2637 c.
706 2581 835 2651 dpassio
855 2599 882 2637 c:
902 2598 951 2637 om.
968 2599 999 2652 p.
1073 2588 1088 2636 't

72 2655 148 2710 oculi
167 2671 189 2708 c.
263 2653 389 2708 efficiunt
397 2669 428 2723 p.
500 2653 603 2709 rnfusro
618 2670 640 2708 c.
727 2652 876 2708 eiminere
885 2670 917 2722 p,
935 2659 1051 2708 imiore
1066 2668 1088 2708 c.

70 2725 101 2780 in
120 2742 171 2780 om.
192 2741 214 2780 c.
289 2724 451 2780 ttinteriori
469 2741 491 2780 c.
564 2724 736 2794 superfertur
750 2722 827 2793 (t‘et‘)
843 2725 1049 2794 c:·freqnsnter
1058 2739 1089 2794 p.

69 2814 200 2883 mininga
214 2830 240 2869 c:
255 2819 371 2883 imariga
380 2830 410 2883 p.
485 2819 518 2868 10
537 2813 734 2868 concubitura:
754 2789 857 2868 ⁰bcdni
871 2812 1047 2882 (—curritur)
1057 2830 1088 2881 p.

71 2885 225 2955 aliquando
245 2887 306 2955 (om.
320 2887 397 2954 vero)
412 2901 433 2940 c.
509 2890 541 2938 12
556 2885 659 2955 flegma
673 2900 723 2939 om.
739 2901 761 2940 o.
834 2883 1048 2952 subapumosum
1058 2900 1089 2952 p.

72 2962 106 3010 13
126 2957 204 3011 cibos
228 2971 254 3011 o:
281 2955 414 3010 carbones
432 2956 497 3023 (pro
520 2956 627 3024 carnes)
648 2971 679 3024 p.
790 2959 823 3007 14
842 2954 978 3009 emittunt
996 2969 1047 3008 om.
1067 2971 1089 3010 c.

71 3028 99 3082 in
119 3026 169 3081 inf.
186 3043 217 3096 p.
310 3031 342 3079 15
361 3026 532 3080 brevissimis
551 3043 577 3080 c:
601 3025 726 3095 parvulis
740 3041 770 3094 p.
864 3031 896 3079 16
915 3040 1001 3079 verno
1018 3027 1090 3079 tem-

70 3114 140 3167 pore
164 3115 186 3153 a.
280 3101 313 3150 18
336 3097 411 3151 circa
433 3113 483 3150 om.
508 3113 529 3151 e.
620 3096 754 3165 spondilii
777 3111 804 3161 c,
832 3094 1035 3164 spondiliorum
1057 3111 1089 3163 p.

70 3167 269 3238 prevaporatis
285 3185 318 3236 p,
338 3167 429 3222 —tius
448 3185 470 3224 c.
543 3167 642 3222 calidis
661 3182 735 3234 aqua
753 3182 780 3231 o,
803 3182 837 3220 ex
861 3164 954 3218 calida
971 3179 1045 3232 aqua
1058 3180 1089 3232 p.

73 3245 106 3294 19
127 3239 219 3294 aalide
236 3238 368 3293 bullienti
382 3256 418 3307 p,
443 3238 533 3293 calide
557 3238 706 3291 ebulientis
730 3252 751 3290 c.
843 3241 878 3289 20
900 3233 1017 3287 infundo
1043 3249 1089 3288 ex·

72 3326 170 3380 presso
184 3327 206 3366 c.
280 3308 448 3364 aearificabis
463 3326 504 3378 cp.
577 3315 609 3362 21
625 3324 675 3378 per
690 3324 716 3362 c:
735 3305 801 3374 post
810 3322 841 3374 p.
914 3305 1091 3374 competente

73 3380 187 3451 sangnis
202 3397 229 3448 c,
249 3382 441 3450 competenter
455 3380 619 3450 sangninem
628 3396 658 3448 p.
733 3382 766 3431 23
784 3390 909 3446 appones
928 3393 950 3444 o,
970 3375 1050 3429 -nis
1059 3392 1091 3445 p.

72 3458 107 3507 24
127 3452 252 3523 epimate
266 3468 297 3521 p.
