2416 3936
471 234 695 298 ..31-

71 377 246 439 densissime
267 379 457 457 constringes
480 377 561 458 qnod
584 380 733 440 attenuari
755 381 860 460 possit,
883 391 1003 444 etcum
1028 384 1092 446 dili·

69 474 171 546 genter
190 467 354 528 siccaveris
372 465 470 527 solves
489 469 604 529 eteius
622 469 814 548 asperitatem
833 469 972 549 scalpello
994 472 1091 555 rades,

69 555 154 617 etad
178 554 305 616 modum
335 555 490 616 foraminis
513 555 630 616 fistulae
653 558 716 617 sive
739 555 933 635 longitudinis
957 561 1018 620 sive
1041 579 1089 621 ro·

19 650 29 739 9
68 643 147 705 boris
166 643 285 706 incides
304 650 335 705 et
352 644 472 725 inicias,
496 651 527 705 et
544 662 636 724 super
656 645 850 724 emplastrum
867 649 1090 709 tenacissimum

10 746 22 801 ,··
67 749 201 814 appones
224 740 256 793 et
277 731 396 814 ligabis,
419 741 451 793 et
473 735 554 794 sines
578 733 626 794 die
649 741 680 800 et
702 741 800 795 nocte.
843 741 873 794 et
900 736 1010 796 Iterum
1033 735 1117 802 alica

66 840 177 902 papyro
217 819 308 901 paulo
339 819 510 882 robustiore
547 821 690 902 mutabis,
728 821 806 900 quod
843 839 988 902 papyrum
1021 832 1090 885 ante

66 911 285 972 medicamento
317 910 474 989 ectylotico
507 910 537 972 id
567 919 614 971 cst
646 909 835 972 excallatorio
866 911 944 970 infra
977 914 1090 991 scripto

66 1019 134 1061 cnm
156 997 278 1060 modico
301 1005 385 1059 aceto
409 1007 440 1060 ct
462 999 499 1060 ad
522 998 626 1060 boram
645 1001 716 1059 trito
741 998 831 1080 lines,
854 1006 885 1059 et
908 1000 952 1059 sic
975 1001 1089 1062 inicias.

10 1108 13 1155 ῑ
67 1088 117 1150 scd
141 1090 168 1149 si
196 1088 276 1148 forte
304 1095 405 1148 tumor
432 1088 524 1149 luerit
552 1089 712 1167 excitatus,
742 1086 919 1166 cataplasma
943 1090 1088 1166 superim-

64 1194 159 1257 pones
187 1195 226 1236 ex
253 1193 330 1255 aqua
358 1175 453 1237 mulsa
480 1183 512 1237 et
537 1175 654 1236 modico
682 1193 806 1236 rosaceo
834 1176 1013 1237 coniectum.
1058 1183 1089 1236 et
1102 1204 1130 1244 ιο

65 1264 215 1346 quomodo
248 1263 364 1326 accedit
393 1265 567 1346 patefactio,
599 1263 726 1325 subinde
758 1281 813 1343 per
852 1264 986 1343 siugulos
1023 1264 1087 1325 dies

64 1353 174 1415 robora
192 1355 343 1414 crassiora
360 1355 465 1433 papyri
483 1352 647 1433 innovabis,
670 1352 767 1414 donec
778 1352 970 1414 sufficienter
989 1353 1088 1414 fistula

63 1443 185 1523 patebat
214 1450 245 1503 et
272 1440 433 1502 callositate
464 1443 622 1503 interiecta
645 1449 753 1503 careat.
790 1440 842 1501 sed
872 1443 898 1501 si
928 1442 1005 1502 forte
1029 1441 1086 1502 oal-

62 1532 167 1593 lositas
185 1532 309 1592 minime
332 1530 424 1592 luerit
446 1538 563 1612 secuta,
587 1533 676 1592 etiam
700 1539 730 1591 at
748 1536 859 1590 xantou
878 1529 1086 1591 medicamenti

62 1628 165 1700 partes
188 1618 264 1680 duas
284 1620 385 1680 mittes
408 1628 438 1681 et
461 1621 637 1680 ammoniaci
660 1625 776 1698 partem
799 1635 890 1679 uuam
909 1637 977 1679 cum
1001 1626 1084 1680 aceto
1099 1645 1126 1688 ic

62 1717 154 1791 teres,
172 1707 271 1768 donec
284 1707 380 1769 mellis
394 1707 625 1769 crassitudinem
639 1714 745 1768 sumat.
777 1714 850 1768 turm
868 1705 976 1768 illitum
991 1709 1084 1768 scisso

62 1796 185 1858 linteolo
209 1795 386 1857 lemniscum
408 1798 515 1857 inicias
538 1804 569 1857 et
592 1814 662 1876 eum
685 1795 827 1877 calcabis,
850 1795 945 1856 donec
968 1795 1085 1876 repleas

62 1885 178 1946 fistulae
208 1902 372 1945 cavernam.
414 1892 444 1945 ct
469 1893 628 1964 postquam
650 1884 761 1945 videris
788 1883 865 1944 bene
898 1884 991 1943 luisse
1013 1901 1084 1963 pur·

61 1981 173 2053 gatam,
201 1972 333 2052 collyriis
359 1973 396 2035 ad
422 1972 527 2034 horam
558 1974 644 2034 iactis
672 1992 709 2033 ex
737 1971 824 2033 melle
857 1969 1015 2050 pastillato'
1034 1970 1084 2031 ad·

61 2065 155 2124 mixto
187 2061 340 2141 cephalico
375 2061 589 2122 medicamento
627 2062 851 2141 diligentissima
889 2058 1082 2121 carnificabis.
1097 2089 1126 2129 20

61 2151 113 2211 sed
148 2153 174 2211 si
203 2151 281 2211 forto
309 2150 443 2212 nuditate
472 2152 533 2211 ossi
559 2150 605 2210 vel
642 2169 679 2211 ex
711 2148 870 2229 putredine
901 2149 996 2227 ipsius
1023 2151 1083 2209 ossi

61 2239 275 2319 superinducta
299 2239 406 2319 lepide,
429 2257 517 2318 quam
541 2257 596 2298 nos
616 2238 798 2317 squamulam
820 2237 957 2318 dicimuS,
981 2256 1083 2298 curam

60 2327 200 2407 impediri
223 2329 368 2409 senseris,
393 2345 430 2388 ex
453 2326 593 2388 melotide
617 2328 714 2387 ferrea
738 2326 843 2387 leviter
861 2325 992 2386 radendo
1011 2345 1082 2407 pur·

60 2416 144 2496 gabis
168 2425 199 2476 et
223 2418 266 2476 sic
290 2434 379 2495 supra
403 2416 482 2476 dicto
507 2415 629 2496 collyrio
652 2414 847 2476 carnificabis.

132 2567 337 2639 lconstn'ngis
354 2586 414 2639 pep.
494 2569 691 2624 2siccaverisz
710 2567 784 2620 -rit
800 2583 861 2637 pap.
952 2565 1083 2645 odient

59 2642 140 2694 nocte
163 2657 195 2709 9:
224 2640 299 2694 dlem
323 2657 356 2695 ac
378 2643 491 2696 noctem
519 2657 546 2709 c,
569 2639 644 2694 diem
669 2642 699 2693 et
721 2640 834 2693 noctem
852 2655 882 2707 p.
993 2636 1082 2691 alium

59 2711 147 2775 <ahud
165 2715 191 2779 c)
216 2711 347 2781 papinum
371 2711 511 2782 (bapimm
524 2728 562 2782 p,
587 2709 729 2781 pabirium
748 2712 772 2778 c)
790 2709 876 2778 paulo
895 2708 1081 2764 robustiorem

58 2816 118 2868 cop.
192 2806 208 2854 ‘1
228 2802 258 2855 et
276 2799 390 2855 cilotico
409 2817 434 2869 9,
454 2800 607 2856 ectillotioo
626 2817 648 2868 c,
669 2801 698 2854 et
715 2798 879 2867 tilotpco·p.
972 2796 1082 2850 excelle

59 2870 168 2937 (excels
186 2874 212 2940 c)
230 2870 305 2925 torio
325 2888 369 2941 ep:
390 2872 569 2927 escassatorio
586 2887 611 2940 9.
686 2875 702 2924 8
721 2868 786 2923 linis
803 2884 863 2938 pop.
938 2866 1082 2936 sinponis

57 2959 115 3012 cop.
224 2947 257 2995 11
278 2942 388 2996 accedit
404 2959 435 3010 9:
454 2941 558 2997 accidIt
576 2959 616 3011 cp.
710 2945 744 2994 14
763 2942 791 2994 et
809 2941 914 2994 xanton
934 2937 1024 3008 (xanti
1043 2938 1080 3003 cf.

59 3008 160 3080 napata
180 3012 284 3067 Geloni
300 3012 380 3080 XIII,
400 3014 476 3081 520):
503 3029 536 3066 ex
555 3017 642 3066 anton
660 3012 774 3079 (exantb
793 3025 816 3078 c,
835 3012 955 3064 exactori
969 3012 1003 3078 p)
1021 3025 1080 3062 me·

59 3083 251 3139 dicamenbnm
268 3099 321 3152 pop
340 3085 387 3151 (cf.
402 3099 489 3153 surpra
507 3101 522 3136 o
540 3085 578 3138 ad
596 3100 617 3138 c.
634 3086 692 3150 19).
730 3082 765 3148 cf.
784 3078 927 3150 ξηράφιον
945 3078 1022 3132 Aeeta·
1038 3082 1080 3144 14,

57 3160 88 3207 45
109 3156 157 3220 (de
174 3155 298 3222 findis).
373 3160 405 3209 15
419 3154 510 3208 mittis
523 3171 541 3223 9
560 3154 649 3222 (-tes
668 3154 719 3222 cp).
793 3150 934 3206 amoninci
946 3166 1002 3228 9..
1047 3152 1080 3201 16

59 3223 114 3281 Rae
129 3242 159 3280 c:
176 3225 223 3280 vel
238 3224 261 3279 ’ὁ
273 3226 335 3295 (sic)
349 3242 375 3294 9,
392 3226 421 3280 lc
429 3241 461 3294 p.
534 3225 638 3278 illitum
651 3240 699 3294 pp:
714 3222 850 3277 illinitum
864 3238 886 3276 c.
964 3234 1081 3272 scissum

59 3294 139 3364 lindis
163 3296 286 3365 c)eolnm
308 3312 367 3366 pop.
478 3301 512 3350 l‘l
536 3296 628 3351 calcas
648 3311 709 3364 pop.
820 3298 852 3346 18
877 3305 1027 3346 cavernam
1049 3304 1080 3358 9:

60 3385 141 3422 -nas
159 3384 203 3436 cp.
290 3372 325 3422 20
344 3366 492 3440 cephalion
510 3383 536 3436 9.
609 3371 642 3419 21
661 3363 776 3418 nuditas
797 3362 850 3418 ossi
868 3378 904 3434 99
926 3359 1081 3431 (temidItes

61 3439 164 3495 omisis
178 3440 213 3507 c).
287 3438 344 3493 ossi
358 3454 402 3508 pc:
417 3455 469 3494 om.
479 3453 511 3507 9.
584 3436 772 3508 inlepidae,
792 3432 888 3505 lepida
907 3450 948 3504 ep.
1021 3447 1082 3485 sca·

62 3510 160 3566 nulum
178 3526 231 3579 99,
250 3509 420 3565 mamillae.
495 3514 529 3563 23
548 3506 685 3562 maletida
702 3522 762 3575 pop.
