2414 3924
297 211 344 256 na
368 211 429 257 nra
451 199 581 257 nurum
603 209 679 257 cae.
696 209 795 255 xvrn.
985 193 1026 258 37

60 370 92 410 re
110 368 176 409 vera
193 350 313 410 dieteris
335 356 426 418 esset;
450 347 528 410 unde
546 349 699 428 mysteria,
723 366 798 426 quae
813 345 922 406 Libero
938 346 1026 408 alter·

60 436 105 494 nis
136 435 208 494 liunt
237 435 335 504 annis,
373 435 524 495 trieterica
554 451 570 492 a
600 434 695 510 poetis
724 431 873 492 dicuntur.
924 437 1061 507 posteaa

60 519 177 596 cognito
205 537 310 579 errore
336 518 395 578 hoc
421 526 538 596 tempus
570 516 759 595 duplicarunt
786 523 814 576 et
839 513 1042 576 tetraeterida'

60 605 208 663 lecerunt:
239 603 291 663 sed
318 621 397 671 eam,
429 600 509 682 quod
535 602 636 680 quinto
662 618 780 680 quoque
802 617 880 660 anno
902 598 1027 669 redibat,

26 686 262 766 5pentaeterida
292 685 495 748 nominabant.
541 687 592 764 qui
619 703 715 746 annus
744 701 869 762 magnus
895 703 932 744 ex
958 702 1028 762 qua·
1056 718 1058 720 ·

60 772 195 832 driennio
212 771 396 832 commodior
411 773 489 831 visus
505 779 550 831 est
566 794 580 832 a
597 793 611 829 a
628 769 697 831 solis
713 786 824 831 annum
841 777 976 829 constare
992 786 1028 828 ex

60 854 164 916 diebus
187 868 323 916 ccccxv
346 863 375 917 et
397 856 454 916 diei
477 863 561 931 parte
583 854 701 915 circiter
724 860 844 934 quarta,
868 871 942 932 quae
964 866 976 911 1
996 854 1028 912 in

60 940 285 1020 quadriennium
313 940 390 1001 diem
413 940 583 1000 conficeret.
630 956 722 1015 quare
748 955 824 1016 agon
847 944 876 998 et
895 937 930 997 in·
946 935 1063 997 illidet

59 1027 120 1086 lovi
141 1024 275 1104 Olympio
301 1035 330 1085 et
350 1025 462 1086 Romae
485 1022 648 1103 Capitolino
675 1025 778 1101 quinto
804 1040 922 1104 quoque
950 1038 1028 1082 anno

11 1126 42 1173 10
61 1109 204 1170 redeunte
220 1108 396 1170 celebratur.
432 1110 490 1168 hoc
511 1126 628 1188 quoque
645 1114 776 1186 tempure,
799 1106 877 1185 quod
900 1105 936 1166 ad
958 1104 1028 1166 solis

61 1194 149 1253 modo
165 1212 283 1254 cursum
300 1211 356 1255 nec
372 1193 408 1254 ad
424 1192 511 1255 lunae
526 1209 693 1270 congruere
707 1189 874 1260 videbatur,
898 1189 1029 1267 duplica·

61 1287 123 1338 tum
139 1285 184 1338 est
199 1285 228 1337 et
243 1278 401 1340 octaeteris
413 1279 500 1348 lacta,
517 1295 593 1356 quae
608 1285 680 1338 tuuc
696 1276 880 1337 enneaeteris
892 1277 1027 1344 vocitata,

62 1364 128 1440 quia
144 1364 257 1440 primus
274 1364 337 1424 eius
353 1380 448 1453 annus
465 1379 545 1422 nono
561 1380 679 1441 quoque
700 1377 777 1421 anno
793 1359 918 1420 redibat.
949 1361 1029 1420 huuc
1047 1367 1062 1416 5

63 1448 219 1508 circuitum
248 1467 318 1509 vere
347 1464 457 1508 annum
478 1464 619 1525 magnum
647 1465 712 1507 esse
744 1445 886 1523 pleraque
907 1443 1029 1505 Graecia

12 1545 42 1594 15
62 1532 253 1602 existimavit,
285 1532 364 1612 quod
386 1551 423 1592 ex
443 1532 528 1592 annis
549 1528 733 1591 vertentibus
754 1527 853 1590 solidis
870 1535 1027 1596 constaret,

64 1624 94 1675 ut
115 1619 237 1694 proprie
261 1618 291 1675 in
313 1613 390 1676 anno
411 1632 518 1691 magno
541 1615 606 1675 fieri
626 1631 681 1690 par
697 1619 751 1674 est.
786 1631 855 1673 nam
877 1612 941 1672 dics
961 1617 1030 1671 sunt

62 1706 147 1766 solidi
167 1701 202 1764 Τ]
219 1713 435 1778 υοθσθΧΧΙΙ,
460 1721 574 1765 menses
594 1707 686 1765 solidi
706 1720 765 1764 uno
787 1705 885 1763 miuus
901 1709 1028 1770 centum,

62 1790 190 1866 annique
206 1793 355 1847 vertentes
371 1786 456 1847 solidi
472 1795 548 1848 octo.
572 1790 649 1848 hanc
666 1788 846 1860 octaeterida
862 1785 949 1865 vulgo
965 1805 1029 1847 cre-

63 1874 155 1933 ditum
178 1879 223 1931 est
238 1869 274 1932 ab
291 1871 414 1932 Eudoxo
431 1871 534 1932 Cnidio
549 1873 727 1940 institutam,
753 1872 804 1932 sed
821 1870 869 1932 alii
884 1870 1031 1932 Cleostra-

11 1963 43 2012 20
63 1966 124 2018 tum
141 1954 305 2017 Tenedium
320 1956 450 2034 primum
466 1954 566 2017 lerunt
582 1957 774 2035 conposuisse
795 1964 824 2016 et
838 1963 941 2032 postea
957 1953 1031 2016 alios

63 2041 162 2110 aliter,
186 2041 236 2118 qui
251 2036 403 2100 mensibus
424 2041 503 2100 varie
523 2039 733 2101 intercalandis
748 2058 816 2100 suas
837 2039 1031 2100 octaeteridas

63 2124 258 2205 protulerunt,
275 2131 308 2184 ut
323 2124 392 2185 lecit
403 2123 558 2204 Harpalus,
574 2123 723 2194 Nauteles,
739 2124 943 2193 Menestratus‚
959 2125 1030 2183 item

63 2209 124 2280 alii,
152 2212 181 2269 in
203 2209 268 2289 quis
289 2209 460 2279 Dositheus,
485 2210 568 2270 cuius
589 2209 716 2269 maxime
738 2208 894 2269 octaeteris
915 2207 1030 2268 Eudoxi

63 2294 243 2354 inscribitur.
280 2293 317 2354 ob
335 2294 391 2354 hoc
407 2295 441 2354 in
457 2294 581 2355 Graecia
597 2292 706 2354 multae
727 2291 886 2371 religiones
906 2293 963 2352 hoc
984 2293 1029 2351 iu·
1048 2307 1064 2354 6

64 2479 265 2487 ἶ-------.--

132 2599 154 2650 l.
180 2596 308 2647 brenenes
327 2597 365 2657 l),
390 2594 524 2645 dieateres
542 2597 597 2646 dV
665 2596 790 2646 misteria
816 2596 844 2645 V
904 2603 968 2660 poet
984 2597 1032 2645 Li-

62 2664 128 2714 bero
146 2668 218 2728 uulgo
237 2665 298 2715 add.
316 2663 391 2726 patri
459 2665 482 2714 3.
502 2662 727 2714 ceuaaheromba
745 2663 802 2712 DV
866 2665 891 2712 4.
910 2663 958 2713 seb
972 2676 1031 2712 eam

64 2733 99 2792 J),
124 2731 173 2780 sed
191 2730 226 2782 ad
244 2745 306 2780 eam
324 2730 372 2780 dV
438 2732 463 2784 ὅ.
486 2730 662 2796 pentaterida
684 2732 712 2780 V
776 2732 1030 2794 i.quaepnim11m

64 2799 128 2856 DV,
153 2813 224 2863 qnae
247 2811 330 2846 unum
352 2801 424 2861 uulgo
494 2798 519 2847 8.
543 2797 621 2871 suabe
639 2800 677 2860 1),
703 2797 793 2848 aalide
816 2798 845 2846 V
907 2799 934 2847 9.
953 2797 1029 2847 olim·

63 2866 107 2930 pio
131 2866 159 2913 V
224 2863 356 2930 capitolio
378 2866 405 2914 V
472 2866 512 2915 10.
537 2881 554 2915 a
573 2879 647 2916 sonis
665 2866 691 2914 D
761 2866 801 2914 12.
826 2875 973 2935 oerorenis
997 2866 1030 2926 I),

63 2937 126 2982 octo
144 2933 212 2982 teris
234 2933 260 2981 V
327 2932 521 2983 aenneaeteris
537 2931 571 2993 V,⁴
589 2932 747 2982 ennaeteria
760 2932 859 2980 lebona
929 2933 970 2981 13.
989 2947 1031 2981 re-

64 3000 195 3048 diabatd
244 2999 298 3048 buc
317 3001 341 3048 D
411 3002 451 3051 14.
471 3000 582 3064 graetia
604 2999 637 3062 V,
656 3014 833 3049 comumnes.
905 3000 945 3050 16.
964 3014 1032 3063 pno-

62 3080 142 3131 pniae
155 3067 180 3114 D
251 3068 290 3116 17.
311 3081 370 3117 soci
389 3068 428 3124 D;
446 3067 543 3116 dierum
554 3081 680 3119 nnmerum
698 3072 724 3116 et
741 3080 850 3115 menses
869 3065 951 3116 solidi
969 3068 1037 3118 add.'

63 3134 179 3196 Scaliger
247 3134 329 3183 minis
343 3134 380 3182 *V
395 3133 502 3196 (scilicet
520 3133 573 3184 soli
591 3133 638 3182 diu
656 3133 773 3182 nominis
796 3133 824 3182 V
825 3132 844 3194 ¹,
863 3135 929 3183 unde
948 3133 1032 3183 solidi

62 3215 116 3250 uno
134 3200 215 3249 minis
231 3201 295 3263 fecit
312 3217 343 3250 m.
362 3201 427 3264 rec.)
498 3203 539 3252 18.
558 3200 632 3250 banc
649 3215 696 3251 om.
721 3201 748 3249 V
800 3200 1030 3251 ocroaerentbam

63 3268 120 3316 nV
185 3270 225 3317 19.
245 3267 479 3330 aliilalinus,a1c
497 3269 536 3331 1),
554 3267 629 3317 hanc
647 3273 739 3318 ettam
756 3266 918 3318 leostratum
940 3267 968 3318 V

63 3338 104 3387 20.
122 3335 193 3385 alius
215 3334 240 3383 V
307 3338 349 3386 21.
367 3350 468 3386 ueniae
486 3337 511 3385 1)
580 3333 781 3386 ocroeuenibas
798 3335 856 3402 DV
920 3337 961 3386 22.
983 3346 1034 3384 aa·

63 3403 213 3466 pecual),
249 3419 317 3453 corr.
348 3405 378 3453 d‘
434 3416 567 3453 nannents
594 3403 650 3452 DV
716 3404 757 3456 23.
785 3400 1008 3463 occoaerernsl

64 3472 200 3525 ocaeteuis
217 3469 248 3530 V,
261 3473 363 3521 cormd
414 3473 456 3520 24.
470 3470 621 3536 religiones
633 3486 664 3524 m.
678 3485 730 3521 rec.
743 3471 770 3520 in
786 3470 818 3531 V,
832 3483 965 3536 acciones
978 3468 1006 3520 D
