2414 3924
151 225 213 287 246
443 238 477 283 n.
493 237 522 283 o.
539 235 639 283 censu
654 234 849 285 momorum:

150 410 237 451 secus
260 389 454 450 admovendus
475 408 529 469 per
550 391 700 469 spongiam
722 407 813 466 vapor
828 406 920 467 aquae
936 388 1065 463 calidae,
1088 389 1140 447 im·

152 474 372 554 ponendumque
389 483 515 534 ceratum
533 492 570 533 ex
587 474 708 553 cyprino
726 482 773 532 aut
787 474 859 532 irino
874 473 995 548 lactum,
1017 472 1140 550 lanaque

150 558 177 617 id
196 558 511 636 comprehendendum,
530 567 674 637 caputque
688 556 840 617 velandum
856 564 910 616 εει.
935 554 1019 630 Quod
1034 556 1058 615 si
1075 573 1141 632 gra·

150 643 216 701 vior
235 644 260 700 is
279 642 364 701 dolor
387 651 449 715 est,
471 642 579 702 utiliter
600 651 628 701 et
649 641 732 701 alvus
754 641 881 715 ducitur,
905 649 934 698 et
956 639 1049 700 calida
1063 649 1142 699 cata·

151 726 290 804 plasmata
312 743 400 803 super
422 725 554 784 maxillas
574 727 771 804 imponuntur,
795 733 824 783 et
845 741 897 782 ore
914 722 1014 784 humor
1031 723 1165 783 caliduss

151 827 214 869 curu
229 809 444 868 medicamentis
462 809 606 886 aliquibus
623 812 798 884 continetur,
816 808 992 886 saepiusque
1007 816 1141 867 motatur.

152 891 240 968 Cujus
256 893 299 951 rei
318 909 403 952 causa
419 901 447 951 ει
464 893 653 971 quinquefolii
668 891 750 953 radix
764 893 792 950 in
806 893 874 950 vino
889 891 977 950 mixto
990 892 1141 968 coquitur;

152 985 181 1035 ει
200 977 370 1051 hyoscyami
391 975 473 1036 radix
493 977 541 1035 vel
557 979 585 1036 in
601 994 710 1055 posca,
731 974 780 1034 vel
797 976 825 1033 in
841 976 908 1034 vino
923 975 1011 1034 mixto
1032 976 1089 1051 sic,
1111 983 1143 1034 ut

152 1059 264 1138 paulum
287 1060 331 1118 bis
352 1060 421 1120 salis
441 1060 604 1135 adjiciatur;
629 1069 658 1121 et
681 1060 836 1138 papaveris
859 1075 916 1118 non
939 1059 1053 1117 nimium
1068 1058 1142 1118 aridi

154 1145 299 1218 cortices,
325 1152 354 1202 et
373 1144 583 1219 mandragorae
605 1144 686 1204 radix
706 1143 809 1202 eodem
828 1141 924 1202 modo.
962 1142 1020 1201 Sed
1044 1142 1073 1200 in
1096 1142 1176 1202 uisu

153 1226 243 1286 tribus
258 1227 355 1303 utique
369 1227 512 1287 vitandum
529 1237 590 1302 est,
611 1245 664 1302 ne,
685 1227 761 1303 quod
779 1225 909 1285 baustum
924 1228 995 1301 erit,
1017 1225 1141 1286 devore-

151 1318 205 1367 tur.
241 1306 286 1367 Ex
308 1310 416 1388 poprdo
432 1328 548 1389 quoque
564 1310 628 1370 alba
646 1320 749 1370 cortex
764 1309 869 1368 radicis
886 1311 913 1368 in
928 1309 1003 1369 bunc
1018 1327 1098 1369 usum
1113 1311 1142 1368 in

150 1394 217 1451 vino
232 1393 320 1451 mixto
337 1403 418 1453 reete
437 1394 583 1471 coquitur;
605 1403 635 1453 et
652 1395 679 1452 in
694 1404 779 1453 aceto
788 1394 1011 1453 cornuscervini
1029 1411 1141 1453 ramen-

151 1484 223 1546 tum;
244 1485 272 1535 et
293 1486 399 1555 nepeta
421 1495 484 1536 cum
504 1477 570 1536 teda
592 1478 706 1556 pingui,
731 1495 766 1537 ac
786 1477 858 1536 licus
880 1478 946 1536 item
961 1478 1076 1555 pinguis
1090 1476 1141 1536 vel

149 1561 179 1618 in
197 1559 307 1635 mulso,
332 1561 379 1620 vel
398 1562 428 1620 in
447 1570 533 1620 aceto
556 1570 583 1619 et
598 1560 703 1636 melle,
729 1579 766 1620 ex
785 1560 985 1638 quibusquam
1002 1560 1073 1619 licus
1089 1559 1175 1619 de-ru

151 1652 236 1704 cocta
258 1652 319 1720 est,
344 1645 368 1702 is
384 1645 484 1704 humor
501 1645 678 1722 percolatur.
712 1643 871 1723 Specillum
887 1662 1003 1722 quoque
1019 1644 1083 1703 lana
1099 1645 1140 1702 in·

149 1728 276 1787 volutum
295 1729 323 1786 in
339 1728 459 1788 calidum
476 1727 571 1787 oleum
588 1729 757 1803 demittitur,
776 1745 870 1805 eoque
888 1730 952 1807 ipse
970 1729 1042 1788 dens
1057 1727 1140 1786 love·

149 1819 203 1870 tur.
229 1811 400 1886 Quinetiam
414 1813 553 1891 quaedam
567 1813 647 1890 quasi
661 1813 866 1890 cataplasmata
880 1814 907 1870 in
920 1812 1034 1871 dentem
1047 1813 1141 1889 ipsum

149 1895 310 1955 illinuntur:
335 1896 371 1955 ad
393 1915 476 1975 quem
492 1915 573 1956 usum
589 1915 626 1955 ex
640 1896 716 1956 malo
732 1896 838 1974 punico
855 1895 939 1955 acido
955 1905 1040 1972 atque
1058 1894 1139 1953 arido

148 1979 288 2038 malicorii
314 1997 382 2057 pars
404 1982 523 2039 interior
545 1999 607 2039 cum
625 1982 685 2058 pari
703 1981 835 2058 portione
853 1988 882 2038 et
898 1979 995 2056 gallae
1015 1987 1045 2036 et
1060 1979 1140 2056 pinei
1148 1993 1172 2034 eo

149 2064 265 2122 corticis
290 2065 463 2139 conteritur,
486 2065 680 2142 misceturque
696 2064 741 2122 his
755 2065 885 2131 minium;
908 2080 1001 2140 eaque
1018 2064 1140 2121 contrita

148 2164 223 2223 aqua
247 2146 387 2223 pluviatili
408 2156 564 2223 coguntur:
588 2156 636 2206 aut
659 2149 793 2224 panacis,
813 2147 969 2225 papaveris
990 2146 1138 2219 lacrimae,

149 2229 329 2306 peucedani,
363 2249 437 2290 uvae
462 2231 593 2289 taminiae
619 2233 679 2289 siue
702 2229 857 2290 seminibus
879 2248 966 2308 pares
987 2231 1139 2306 portiones

149 2321 351 2372 conteruntur:
384 2322 431 2372 aut
459 2313 575 2389 galbani
603 2323 700 2391 partes
723 2324 798 2389 tres,
824 2314 979 2392 papaveris
1001 2313 1138 2373 lacrimae

148 2411 216 2470 pars
238 2404 347 2471 quarta.
384 2395 528 2473 Quidquid
549 2396 681 2455 dentibus
702 2397 844 2457 admotum
870 2407 929 2473 est,
954 2396 1171 2456 nihilominuses

148 2494 233 2552 supra
249 2478 380 2538 maxillas
396 2489 539 2554 ceratum,
559 2481 643 2558 quale
655 2500 741 2558 supra
753 2482 854 2559 posui,
872 2499 939 2540 esse
951 2480 1054 2552 debet,
1073 2481 1138 2540 lano

148 2559 305 2619 obtectum.
347 2562 467 2637 Quidam
484 2565 568 2622 etiam
585 2565 733 2641 myrrhae,
752 2565 942 2638 cardamomi‚
959 2564 1138 2640 singulorum

147 2661 176 2722 p.
189 2643 244 2720 )·(.
257 2659 279 2705 1.
297 2649 393 2723 croci,
413 2647 696 2725 pyrethri,*iicorum
713 2658 827 2727 partes,
844 2648 1022 2725 singulorum
1039 2666 1067 2726 p.
1080 2646 1137 2725 )·(.

146 2740 191 2786 lv.
212 2728 319 2809 sinapis
334 2749 362 2808 p.
379 2732 435 2809 )·(.
454 2745 527 2790 vm.
550 2734 671 2791 contrita
687 2732 808 2791 linteolo
824 2732 950 2806 illinunt,
975 2733 1137 2808 imponunt·

147 2830 202 2890 quc
227 2813 255 2870 in
278 2813 397 2873 humero
421 2817 509 2892 partis
531 2817 611 2890 ejus,
635 2833 690 2893 qua
712 2816 782 2875 dens
803 2816 900 2883 dolet;
920 2816 945 2873 si
960 2816 985 2872 is
1000 2816 1168 2892 superiores

147 2905 207 2969 est,
225 2914 240 2954 a
257 2899 397 2976 scapulis;
418 2902 441 2956 si
456 2898 593 2974 inlerior,
610 2916 625 2957 a
640 2908 778 2976 pectore:
798 2900 883 2975 idque
896 2897 1028 2958 dolorem
1041 2898 1133 2964 levat;

146 2988 189 3054 et,
206 2998 289 3057 quum
301 2982 424 3056 levavit,
442 2984 571 3058 protinus
583 2982 807 3042 submovendum
822 2991 876 3041 est.
901 2982 931 3040 Si
944 2998 1015 3040 vero
1029 2999 1134 3040 exesus

146 3071 190 3120 est
206 3063 292 3142 dens,
313 3065 451 3124 festinare
468 3065 503 3124 ad
520 3067 699 3126 eximendum
718 3085 797 3142 eum,
821 3068 874 3124 nisi
890 3084 939 3124 res
959 3065 1055 3141 cogit,
1078 3082 1135 3123 non

145 3152 189 3202 est
210 3163 348 3208 necesse:
372 3149 424 3206 sed
447 3157 504 3207 tum
520 3149 650 3209 omnibus
665 3151 816 3226 lomentis,
842 3167 916 3226 quae
935 3165 1021 3226 supaa
1037 3149 1134 3226 posita

145 3237 224 3304 sunt,
249 3231 429 3306 adjiciendae
451 3233 589 3310 quaedam
611 3234 785 3293 valentiores
809 3234 1036 3310 compositiones
1058 3239 1167 3305 sunt‚a⁵

146 3329 220 3390 quae
237 3314 368 3375 dolorem
384 3316 495 3380 levant:
518 3317 610 3394 qualis
626 3315 721 3375 llerae
737 3326 791 3375 est.
823 3316 916 3377 Habet
932 3324 1027 3375 autem
1044 3331 1134 3393 papa·

143 3396 221 3454 veris
244 3398 378 3458 lacrimae
402 3417 429 3476 p.
446 3399 502 3479 )·(.
518 3414 540 3459 1.
564 3401 674 3478 piperis
690 3419 719 3478 p.
735 3400 790 3478 )·(.
837 3445 843 3456 .
860 3417 965 3459 soreos
983 3417 1011 3478 p.
1027 3397 1084 3479 )·(.
1100 3411 1134 3456 x.

145 3494 218 3554 quae
234 3483 354 3541 contrita
372 3481 496 3558 galbano
516 3484 710 3561 excipiuntur,
732 3483 817 3561 idque
841 3484 1040 3544 circumdatur.
1077 3480 1137 3540 Aut
