2414 3924
123 193 165 258 36
350 203 399 250 nn
421 202 483 249 nm
505 202 638 250 uarum
660 184 745 249 ears
759 203 860 265 xvqn.

124 348 160 407 iis
181 352 299 405 centum
321 343 451 421 dragmis
478 340 612 419 abusque
639 357 717 402 anno
739 343 1009 421 quinquagensimo
1031 344 1100 402 item

125 428 271 490 decedere
297 429 326 486 iu
348 444 408 486 nno
433 444 551 505 quoqne
572 425 672 490 binas:
707 443 746 486 ex
767 444 825 505 quo
845 427 1043 504 perspicuum
1065 428 1101 487 sit

126 514 308 575 centensimo
324 528 403 571 auno
420 510 519 570 redire
534 509 570 570 ad
587 510 655 570 anni
670 511 759 587 primi
774 509 892 588 pondus
907 529 964 572 nec
981 509 1101 590 longius

130 600 218 658 vitam
234 614 321 676 posse
337 594 514 674 producere.

76 693 109 743 15
191 679 335 749 Quoniam
363 678 451 757 igitur
473 677 556 739 civile
578 677 782 738 Romanorum
805 678 956 739 saeculum
980 687 1132 740 eentum5

127 767 213 826 aunis
227 763 415 839 transigitur,
432 763 509 823 scire
525 761 594 823 licet
609 764 640 821 in
656 762 772 823 decimo
788 762 907 823 saeculo
924 770 953 824 et
967 764 1102 841 primum

127 848 256 910 natalem
272 855 354 907 tuum
375 847 467 906 luisse
484 856 513 906 et
527 845 704 908 hodiernum
720 865 794 907 esse.
832 855 904 925 quot
918 856 1020 909 autem
1036 867 1101 909 sae·

128 932 193 994 cula
214 930 282 992 urbi
302 930 414 990 Romae
435 929 616 1000 debeantur,
640 928 741 990 dicere
761 949 859 992 meum
880 948 940 991 non
963 943 1025 992 est:
1049 932 1102 993 sed

128 1016 198 1097 quid
219 1014 297 1095 apud
313 1014 476 1075 Varronem
497 1013 620 1092 legerim
635 1031 695 1073 non
712 1014 831 1084 tacebo,
853 1017 904 1094 qui
924 1014 1003 1076 libro
1025 1018 1101 1077 auti-

128 1102 273 1179 quitatnm
302 1097 559 1159 duodevicensimo
586 1098 627 1158 ait
653 1098 744 1160 luisse
769 1100 904 1160 Vettium
930 1100 1045 1162 llomae
1070 1103 1102 1160 in
1120 1112 1146 1162 10

128 1185 253 1261 augurio
274 1200 335 1242 non
355 1181 531 1261 ignobilem,
553 1183 671 1260 ingenio
692 1200 814 1261 magno,
844 1185 936 1244 cuivis
958 1184 1049 1245 docto
1071 1187 1101 1246 in

129 1265 319 1344 disceptando
335 1284 453 1345 parem:
479 1284 546 1326 enm
562 1285 595 1326 se
610 1266 726 1327 audisse
742 1266 905 1338 dicentem,
923 1268 947 1327 si
963 1270 1005 1329 ita
1023 1279 1103 1331 esset

128 1357 161 1409 ut
182 1350 335 1411 traderent
356 1350 487 1410 historici
507 1350 544 1410 de
565 1348 685 1410 Romuli
707 1349 792 1411 urbis
812 1351 985 1412 condendae
1006 1371 1102 1432 augu-

128 1434 180 1495 riis
198 1453 233 1495 ac
248 1448 299 1494 xm
314 1433 452 1502 vulturis,
479 1433 618 1513 quoniam
635 1445 706 1494 cxx
721 1452 815 1495 annos
836 1435 996 1497 incolumis
1012 1455 1101 1516 prae·

128 1519 249 1581 terisset
268 1517 397 1600 populus
411 1516 576 1588 Romanus,
599 1518 634 1578 ad
656 1517 737 1580 mille
758 1526 787 1580 et
807 1520 951 1581 ducentos
972 1519 1145 1600 pernen-15

128 1612 239 1666 turum.
713 1641 716 1646 -

76 1689 112 1752 18
193 1689 342 1749 Hactenus
363 1687 474 1749 dictum
497 1687 533 1748 de
553 1685 684 1748 saeculo:
713 1706 794 1748 nunc
816 1687 852 1748 de
873 1691 958 1749 annis
979 1692 1102 1752 maiori·

128 1771 187 1834 bus
202 1773 313 1841 dicam,
335 1790 462 1851 quornm
479 1771 651 1851 magnitudo
666 1770 740 1832 adeo
756 1771 870 1833 diversa
885 1781 945 1833 tam
961 1774 1101 1852 gentibus

130 1855 285 1918 observata
311 1874 399 1935 quam
426 1855 599 1918 auctoribus
624 1855 731 1916 tradite
757 1862 815 1927 est,
853 1857 886 1916 ut
911 1856 960 1917 alii
988 1856 1100 1920 annum

129 1958 269 2018 magnum
292 1957 357 2003 esse
378 1941 409 2000 in
429 1941 515 2001 anuis
536 1939 717 2000 vertentibus
738 1939 867 2010 duobus,
890 1939 938 2001 alii
952 1942 983 2002 in
1000 1942 1100 2005 multis
1116 1954 1142 2002 20

129 2024 249 2086 milibus
264 2042 412 2102 annorum
434 2023 567 2085 arbitrati
583 2025 651 2084 sint.
684 2025 760 2102 quod
777 2023 862 2103 quale
878 2027 929 2093 sit,
951 2026 1013 2087 iam
1030 2027 1100 2088 hinc

96 2119 112 2169 2
130 2109 261 2171 conabor
276 2108 439 2170 absolvere.
462 2116 578 2170 veteres
594 2110 623 2169 in
636 2107 757 2169 Graecia
774 2109 904 2169 civitates
920 2128 989 2171 cum
1006 2113 1101 2173 anim·

129 2193 330 2263 adverterent,
355 2193 423 2254 dnm
444 2191 487 2253 sol
503 2211 600 2253 annuo
621 2211 711 2254 cursu
726 2192 829 2254 orbem
848 2211 934 2254 suum
951 2197 1100 2266 circumit,

128 2277 230 2342 lunam
266 2296 371 2339 novam
404 2276 554 2337 interdum
584 2277 722 2338 tridecies
751 2279 862 2339 exoriri
890 2277 980 2357 idque
1011 2298 1101 2360 saepe

120 2362 250 2433 ¹alternis
271 2363 348 2430 lieri,
372 2361 506 2422 arbitrati
527 2369 596 2421 suut
615 2361 735 2423 lunares
756 2363 912 2424 duodecim
929 2381 1048 2425 menses
1072 2373 1101 2425 et
1116 2373 1143 2423 25

129 2447 311 2507 dimidiatum
328 2445 364 2507 ad
380 2463 491 2505 aunum
507 2445 671 2507 naturalem
688 2448 854 2508 convenire.
889 2449 988 2526 itaque
1005 2466 1101 2509 annos

129 2528 228 2590 civiles
255 2531 297 2589 sic
318 2536 498 2598 statuerunt,
523 2537 556 2590 ut
582 2529 783 2592 intercalando
810 2532 942 2592 iacerent
968 2531 1100 2594 alternos

36 2629 38 2632 ·
129 2613 287 2674 duodecim
307 2630 457 2683 mensum,
479 2612 608 2675 alternos
630 2614 789 2685 tredecim,
812 2624 971 2694 utrumqne
987 2634 1099 2690 annum

130 2698 290 2775 separatim
316 2704 491 2768 vertentem,
516 2699 634 2759 iunctos
655 2699 742 2758 ambo
764 2717 874 2760 annum
890 2717 1033 2778 magnum
1049 2720 1100 2761 vo-

130 2791 238 2844 cantes.
271 2782 359 2861 idque
379 2790 497 2862 tempus
511 2781 662 2843 trieterida
683 2783 886 2862 appellabant,
908 2783 987 2861 qnod
1009 2786 1098 2845 tertio
1115 2795 1142 2845 30

129 2885 246 2947 quoque
267 2884 344 2927 anno
366 2866 613 2937 intercalabatur,
636 2870 769 2945 quamvis
785 2867 896 2931 biennii
911 2868 1054 2931 circuitus
1071 2877 1098 2929 et

198 3070 221 3118 1.
244 3069 287 3119 his
314 3071 342 3118 V
407 3070 532 3132 abusque
553 3069 744 3130 Lachmannuc,
768 3068 832 3135 adq,
854 3072 891 3132 D,
920 3072 978 3135 atq3
1007 3072 1035 3119 V

128 3137 358 3201 quinquagesimo
381 3136 408 3184 V
472 3139 497 3189 3.
517 3137 669 3187 centesimo
691 3139 715 3187 V
782 3139 806 3188 t.
826 3136 894 3201 quob
912 3139 937 3186 D
1007 3139 1032 3191 8.
1050 3153 1099 3188 un·

128 3217 171 3254 ms
190 3204 215 3251 Ι)
284 3205 324 3254 10.
349 3203 572 3255 duodeuicesimo
599 3205 625 3254 V
692 3205 732 3253 11.
756 3216 871 3268 eugenio
889 3205 917 3253 D
987 3205 1099 3270 ignora·

127 3270 213 3321 bilem
236 3272 262 3320 V
328 3285 407 3321 curus
426 3273 492 3333 DV,
516 3272 574 3322 eius
598 3288 629 3321 m.
649 3287 703 3323 rec.
722 3274 749 3322 in
770 3272 842 3321 Vin
860 3287 940 3336 marg.
1012 3272 1099 3324 bocro

129 3341 165 3401 Ι),
197 3337 302 3388 doctori
323 3338 350 3386 V
369 3345 394 3387 at
412 3355 443 3389 m.
462 3341 590 3390 recentior
606 3341 633 3390 ia
651 3341 689 3403 D,
718 3338 834 3390 doctiori
852 3339 1030 3392 hartmannus

130 3406 170 3454 12.
191 3406 335 3455 esseurll
404 3408 444 3456 13.
469 3406 619 3458 tradebant
641 3407 668 3455 V
734 3408 773 3456 14.
797 3403 862 3472 cxx]
888 3410 1036 3459 exxDV

130 3472 171 3520 18.
190 3468 258 3538 tam]
279 3484 365 3522 emam
385 3474 441 3524 DV
505 3475 546 3524 24.
565 3474 702 3528 terdecies
719 3478 790 3540 origo
