2414 3924
128 205 186 271 1⁰8
427 215 830 266 A.c.clthtn1co101rtnn
929 184 931 188 '

124 373 217 433 alvum
236 373 386 433 infundere
402 376 551 451 copiosam
568 390 668 450 aquam
685 371 821 447 calidam,
838 388 959 448 eamque
975 370 1123 447 recipere.

125 458 300 532 Quinetiam
315 455 443 535 quotidie
458 466 502 516 ter
523 466 662 534 quaterve
680 473 755 534 opus
769 465 814 514 est
828 456 868 514 uti
887 455 1021 514 frictione
1036 451 1125 512 vehe

124 543 210 600 menti
234 558 313 599 'cum
338 540 405 600 oleo
429 549 457 600 et
478 540 646 618 quibusdam
668 539 919 606 calefacientibus:
941 536 993 597 sed
1015 537 1044 595 in
1070 535 1125 595 hac

124 624 258 684 frictione
273 643 288 684 a
304 633 406 683 ventre
419 623 617 683 abstinendum
634 633 686 682 est.
719 622 924 701 Imponendum
936 638 1008 680 vero
1020 622 1048 677 in
1060 638 1125 678 eum

30 767 33 776 ,
126 706 256 768 crebrius
271 708 375 785 sinapi,
392 707 485 767 donec
501 718 594 766 cutem
612 707 726 775 erodat;
743 707 982 784 ferramentisque
1000 703 1151 762 candeo-s

124 790 200 852 tibus
216 791 345 869 pluribus
361 791 436 850 loeis
452 801 554 850 venter
569 790 780 851 exulcerandus
795 800 856 865 est,
880 800 908 849 et
924 787 1064 848 servanda
1081 788 1123 847 ul-

127 894 194 936 cera
216 875 329 935 diutius.
359 875 476 936 Utiliter
499 877 584 934 etiam
605 874 688 934 scilla
705 884 788 935 cocta
810 875 973 951 delingitnr.
1002 871 1058 931 Sed
1074 871 1122 930 diu

125 969 193 1038 post
208 959 260 1019 has
276 959 437 1019 inflationes
452 957 648 1019 abstinendum
664 968 708 1017 est
724 958 759 1019 ab
778 958 907 1018 omuibus
923 955 1094 1016 inflantibus.

187 1044 226 1103 At
242 1045 266 1102 si
282 1043 310 1103 id
324 1044 422 1102 vitium
438 1053 492 1119 est,
509 1045 552 1101 cui
569 1040 857 1122 λευκοφλεγματία
873 1059 977 1101 nomen
993 1048 1053 1116 est,
1072 1057 1123 1099 eas

128 1136 240 1207 partes,
258 1144 330 1204 quae
347 1135 467 1201 tument,
483 1125 629 1201 subjicere
644 1126 700 1186 soli
712 1135 841 1205 oportet;
858 1125 910 1185 sed
923 1143 981 1185 non
996 1125 1122 1198 nimium,
1134 1138 1159 1180 ro

127 1229 164 1270 ne
178 1209 349 1269 febriculam
364 1210 520 1270 accendat:
543 1213 566 1269 si
585 1211 610 1270 is
625 1210 823 1269 vehementior
840 1219 899 1287 est,
925 1217 1010 1287 caput
1025 1207 1124 1274 velan-

128 1293 192 1353 dum
213 1303 272 1353 est:
295 1293 486 1372 utendumque
508 1294 658 1369 frictione,
680 1294 849 1353 madefactis
871 1301 976 1353 tantum
996 1290 1126 1350 manibus

127 1394 217 1455 aqua,
241 1379 285 1436 cui
304 1378 346 1437 sal
362 1387 391 1437 et
411 1380 512 1436 nitrum
528 1387 557 1437 et
570 1379 628 1437 olei
643 1379 757 1457 paulum
774 1381 810 1437 sit
831 1377 991 1452 adjectum;
1013 1376 1072 1451 sic,
1097 1383 1127 1433 ut

128 1469 175 1520 aut
196 1461 324 1538 pueriles
344 1471 393 1521 aut
413 1461 568 1520 muliebres
590 1479 688 1521 manus
710 1460 911 1536 adhibeantur,
932 1477 988 1538 quo
1010 1459 1126 1518 mollior

129 1562 224 1605 earum
246 1553 339 1604 tactus
359 1549 410 1605 sit:
436 1545 538 1622 idque,
562 1547 587 1605 si
607 1547 684 1604 vires
707 1548 864 1625 patiuntur,
889 1554 954 1603 ante
976 1542 1160 1602 meridiamus

128 1637 188 1689 tota
202 1628 289 1705 hora,
306 1638 374 1707 post
387 1629 533 1689 meridiem
546 1629 689 1689 semihora
702 1631 763 1689 lieri
780 1638 905 1707 oportet.
940 1628 1026 1688 Utilia
1042 1628 1126 1686 etiam

128 1721 191 1772 suut
213 1712 432 1791 cataplasmata,
455 1730 529 1790 quae
550 1716 722 1792 reprimunt;
746 1715 926 1790 maximeque
952 1714 975 1770 si
1000 1726 1125 1789 corpora

128 1798 272 1856 teneriora
288 1808 360 1856 sunt.
389 1797 572 1857 Incidendum
589 1815 705 1876 quoque
721 1807 766 1857 est
781 1815 869 1875 super
884 1797 986 1872 talum,
1003 1804 1126 1875 quatuor

128 1881 191 1940 fere
207 1881 315 1958 digitis,
330 1901 366 1940 ex
385 1891 467 1960 parte
483 1884 630 1957 interiore,
651 1900 705 1959 qua
722 1901 774 1961 per
789 1882 898 1959 aliquot
910 1880 971 1939 dies
988 1879 1125 1956 frequens

127 1964 228 2024 humor
242 1964 364 2033 feratur;
383 1975 468 2043 atquo
480 1968 560 2045 ipsos
573 1975 698 2026 tumores
710 1967 838 2025 incidere
850 1966 914 2024 altis
928 1964 1023 2043 plagis
1039 1979 1125 2040 opor·
1134 1973 1160 2013 2⁰

128 2058 170 2108 tet
184 2047 232 2126 *):
250 2048 526 2128 concutleudmnque
541 2051 627 2110 multa
641 2052 803 2127 gestatione
821 2067 927 2127 corpus
946 2058 1005 2106 est:
1029 2056 1124 2124 atque,

128 2132 176 2192 ubi
191 2133 324 2192 inductae
341 2134 507 2192 vulneribus
525 2136 677 2193 cicatrices
695 2143 774 2208 suut,
791 2132 981 2209 adjiciendum
997 2141 1026 2191 et
1042 2147 1124 2190 exer·

130 2217 310 2277 citationibus
327 2226 381 2291 est,
396 2227 425 2275 et
442 2217 530 2293 cibis,
555 2217 649 2276 donec
665 2235 772 2297 corpus
788 2218 822 2277 ad
839 2219 987 2295 pristinum
1001 2216 1126 2274 habitum

44 2366 46 2371 .
129 2308 299 2359 revertatur.
336 2299 423 2360 Cibus
440 2301 541 2360 valens
559 2320 625 2360 esse
641 2301 737 2377 debet,
755 2311 782 2360 et
798 2302 974 2379 glutinosus,
992 2299 1125 2359 maxime·

130 2402 185 2460 que
205 2400 290 2443 caro:
306 2385 418 2460 vinnm,
440 2387 464 2442 si
484 2403 536 2464 per
557 2386 732 2444 stomachum
752 2386 835 2460 licet,
854 2384 981 2451 dulcius;
1005 2383 1056 2442 sed
1076 2383 1161 2456 ita,as

130 2476 160 2525 ut
184 2468 305 2525 invicem
329 2468 415 2528 biduo
436 2469 585 2542 triduove,
612 2470 698 2528 modo
723 2488 812 2548 aqua,
838 2468 923 2527 modo
948 2466 976 2526 id
1002 2466 1125 2525 bibatur.

130 2550 252 2609 Prodest
275 2552 359 2609 etiam
382 2552 513 2611 lactucae
536 2555 660 2612 marinae
685 2554 740 2633 (cf.
758 2553 794 2628 ll,
814 2552 862 2626 ta,
882 2553 914 2629 1)
939 2569 1036 2609 semen
1063 2568 1127 2607 cum
1200 2597 1202 2602 .

131 2651 204 2710 aqua
226 2634 304 2710 potui
327 2636 430 2694 datum.
463 2636 493 2694 Si
515 2637 616 2696 valeus
642 2647 702 2712 est,
730 2639 777 2714 qui
798 2638 826 2697 id
847 2637 969 2714 accipit,
992 2645 1021 2693 et
1041 2632 1126 2691 scilla

131 2726 231 2791 cocta,
251 2719 324 2777 sicut
340 2737 426 2796 supra
442 2719 517 2795 dixi,
534 2721 696 2797 defingitur.
732 2721 935 2798 ductoresque
951 2718 1030 2778 multi
1051 2726 1125 2791 sunt,
1174 2723 1176 2727 ‘

130 2800 232 2860 inflatis
249 2802 356 2861 vesicis
371 2802 526 2880 pulsandos
543 2815 669 2864 tumores
688 2824 754 2864 esse
772 2805 826 2881 (cf.
842 2805 907 2863 Aet.
927 2803 953 2862 X
981 2803 1026 2880 9).
1135 2808 1161 2850 ³⁰

192 2885 311 2943 sivero
335 2886 362 2944 id
383 2888 475 2946 morbi
496 2907 589 2965 genus
604 2898 665 2963 est,
692 2906 748 2966 quo
771 2891 798 2946 in
818 2897 928 2946 uterum
943 2887 1029 2946 multa
1053 2903 1126 2963 aqua

131 2969 321 3044 contrahitur,
344 2970 505 3047 ambulare,
524 2973 576 3031 sed
591 2975 682 3049 magis
697 2972 809 3032 modice
825 2979 955 3050 oportet;
974 2971 1126 3046 malagma,

130 3052 207 3129 quod
223 3053 352 3129 digerat,
368 3056 529 3131 impositum
544 3055 666 3124 habere;
691 3056 778 3134 idque
794 3058 885 3134 ipsum
901 3055 1126 3132 superimposito

199 3277 228 3345 *)
248 3282 346 3333 Caelius
364 3285 514 3334 Aurelianus
538 3285 579 3334 lib.
601 3286 643 3335 Ill.
672 3284 757 3334 Morb.
778 3284 866 3334 caron.
890 3299 945 3348 cap.
965 3283 994 3332 8:
1022 3283 1128 3332 Laudat

130 3353 202 3398 etiam
225 3351 391 3414 Asclepiades
411 3357 576 3415 pacatiorem,
601 3360 706 3416 quatuor
727 3354 811 3416 digitis
834 3370 850 3402 o
868 3355 919 3402 tolo
937 3352 1069 3402 distantem
1086 3351 1127 3412 so·

130 3421 241 3468 ciendam
251 3423 366 3481 superius
386 3423 418 3471 ab
438 3425 556 3473 interiore
570 3428 659 3483 parte,
676 3422 739 3470 siout
750 3424 775 3470 in
785 3421 947 3484 phlebotomia
962 3427 989 3470 at
1001 3437 1050 3485 per
1061 3436 1128 3470 earn-

132 3485 186 3534 dem
195 3492 350 3549 punctionem
361 3490 460 3541 fremore
473 3492 562 3556 effuso,
581 3504 690 3552 corporo
703 3499 879 3540 extenuentur.
