2414 3924
74 208 135 271 308
354 219 386 266 n.
404 217 434 266 c.
451 217 549 265 cnosi
563 215 757 265 unnrcxusn

74 375 153 435 tione
172 372 303 447 docebo,
320 371 452 432 demissis
468 373 662 447 cognoscitur.
691 370 749 432 Ubi
768 373 832 447 eJns
854 373 898 430 rei
919 370 993 432 fides
1016 381 1073 449 est,

76 457 168 538 pridie
186 458 211 517 is
226 474 299 534 puer
312 457 340 514 in
351 455 464 529 Jejunio
481 453 670 513 continendus
686 462 745 522 est;
764 463 793 513 et
807 464 865 514 tum
880 455 950 515 loco
973 455 1073 516 calido

77 543 187 601 curatio
201 538 376 612 adhibenda,
393 554 467 614 quoe
482 536 539 596 boc
553 537 638 597 modo
653 536 809 598 ordinatur.
836 537 930 598 llomo
947 556 1074 617 praeva-

75 622 140 683 lens
164 633 193 682 et
220 623 330 700 peritus
358 622 386 678 in
408 619 492 680 sedili
513 620 571 679 alto
596 619 733 696 considit,
755 622 944 701 supinumque
959 639 1027 681 enm
1045 631 1075 681 et

76 724 226 778 aversum,
245 722 332 782 super
347 721 441 780 genua
458 721 509 762 sua
524 706 606 763 coxis
622 704 686 778 oj11s
699 703 863 781 collocatis,
879 705 1098 784 communen-⁵

77 790 132 858 dit;
146 789 333 864 reductisque
350 787 412 861 ejus
429 786 576 863 cruribus,
588 787 681 863 ipsum
697 803 814 865 quoque
824 787 923 863 jubet,
941 788 1074 849 manibus

77 872 112 932 ad
127 891 196 933 suos
213 871 339 950 poplites
357 869 445 946 datis,
462 886 524 944 eos,
540 886 624 948 quam
640 871 762 928 maxime
778 874 891 949 possit,
907 871 1072 941 attrahere;

77 956 218 1033 simulque
237 957 301 1032 ipse
325 955 368 1012 sio
397 969 449 1011 eos
470 954 607 1011 continet.
637 952 721 1027 Quod
748 955 772 1012 si
793 953 940 1014 robustius
962 971 1074 1034 corpus

76 1041 140 1115 ejus
156 1048 208 1114 est,
226 1037 279 1117 qui
290 1041 432 1111 curatur,
449 1034 560 1095 duobus
573 1034 713 1095 sedilibus
724 1036 849 1113 junctis,
866 1038 923 1098 duo
939 1038 1073 1098 valentes

76 1122 213 1188 insidunt;
238 1137 357 1198 quorum
380 1128 408 1178 et
431 1119 533 1179 sedilia
555 1128 585 1178 et
599 1120 734 1178 interiora
756 1138 839 1181 crura
854 1121 929 1180 inter
944 1140 977 1181 se
1000 1121 1107 1182 deli-ro

76 1214 191 1282 gantur,
207 1222 242 1262 ne
258 1202 353 1262 diduci
367 1204 494 1280 possint:
510 1211 568 1261 tum
582 1205 607 1261 is
622 1220 711 1280 super
723 1202 843 1262 duorum
858 1222 954 1281 genna
966 1205 1073 1266 eodem

76 1287 163 1348 modo
181 1286 357 1355 collocatur;
378 1295 464 1362 atque
479 1285 563 1361 alter,
581 1295 666 1364 prout
684 1286 827 1363 consedit,
843 1289 990 1348 sinistrum
1005 1307 1073 1348 crus

77 1370 157 1446 ejus,
188 1369 262 1429 alter
277 1369 426 1444 dextrum,
444 1369 583 1446 simulque
606 1370 669 1447 ipse
693 1370 822 1448 poplites
852 1389 921 1431 suos
944 1371 1071 1433 attrabit.

79 1455 147 1513 Sive
170 1461 263 1513 autem
283 1471 371 1527 unus,
398 1454 460 1511 sire
487 1452 543 1512 duo
560 1455 722 1529 continent,
749 1472 838 1532 snper
855 1453 992 1515 humeros
1008 1457 1072 1531 ejus

78 1538 138 1598 suis
166 1536 333 1616 pectoribus
353 1534 527 1595 incumbunt.
558 1535 603 1594 Ex
626 1536 729 1614 quibus
754 1539 864 1613 evenit,
885 1539 1001 1598 utinter
1023 1539 1105 1599 ilia¹5

78 1622 157 1681 sinus
175 1638 262 1698 super
282 1620 387 1698 pubem
405 1621 468 1678 sine
485 1618 550 1678 ullis
564 1621 644 1696 rugis
659 1620 695 1677 sit
711 1628 859 1697 extentus,
878 1630 918 1696 et,
936 1622 966 1680 in
980 1639 1072 1698 angu-

78 1715 151 1765 stum
169 1704 317 1781 compulsa
332 1704 447 1778 vesica,
464 1702 576 1762 facilius
591 1701 721 1761 calculus
737 1705 802 1780 capi
821 1706 923 1780 possit.
950 1704 1073 1765 Praeter

78 1788 167 1864 baec,
191 1788 344 1847 etiamnum
356 1805 372 1846 a
383 1785 521 1846 lateribus
537 1785 593 1845 duo
604 1786 735 1846 valentes
751 1785 936 1862 objiciuntur,
953 1790 1001 1866 qni
1019 1791 1073 1848 cir·

79 1879 254 1932 cumstantes
268 1870 367 1930 labare
380 1870 428 1929 vel
444 1888 528 1928 unum
543 1869 590 1928 vel
606 1869 689 1943 duos,
705 1871 753 1947 qui
769 1888 891 1948 puerum
913 1873 1072 1947 continent,

79 1972 136 2015 uon
149 1958 252 2014 sinunt.
282 1952 413 2013 Medicus
435 1953 555 2029 deinde,
579 1952 734 2029 diligenter
754 1954 898 2030 unguibus
919 1954 1107 2014 strennui-20

79 2040 135 2112 sis,
159 2046 303 2115 unctaque
324 2039 533 2097 sinistramanu
552 2036 596 2114 ¹),
622 2035 695 2096 duos
719 2038 781 2111 ejus
800 2037 921 2114 digitos,
947 2037 1074 2097 indicem

80 2130 108 2182 et
122 2121 260 2195 medium,
275 2121 380 2180 leniter
395 2124 474 2199 prius
490 2138 588 2196 unum,
611 2118 715 2178 deinde
728 2120 848 2180 alterum
865 2123 893 2179 in
908 2139 991 2180 anum
1007 2123 1073 2198 ejus

79 2207 214 2274 demittit:
247 2204 425 2281 dextraeque
448 2203 553 2278 digitos
576 2221 665 2280 super
686 2205 771 2261 imum
798 2205 940 2264 abdomen
966 2205 1073 2264 leniter

80 2290 214 2369 imponit;
229 2307 265 2347 ne
274 2290 297 2345 si
311 2288 452 2364 utrimque
465 2286 545 2361 digiti
559 2288 636 2345 circa
648 2286 787 2346 calculum
801 2287 989 2347 vehementer
1000 2307 1071 2347 cou-

80 2373 237 2447 currerint,
259 2371 386 2428 vesicam
403 2368 527 2428 laedant.
560 2368 663 2447 Neque
685 2387 756 2429 vero
779 2370 949 2430 festinanter
968 2372 996 2428 in
1015 2371 1108 2432 naeu

79 2472 122 2527 re,
141 2462 171 2511 ut
186 2454 213 2511 in
231 2452 398 2531 plerisque,
416 2451 558 2528 agendum
574 2463 633 2520 est;
657 2453 708 2511 sed
725 2455 780 2529 ita,
795 2464 825 2513 ut
844 2472 928 2532 quam
947 2457 1072 2515 maxime

79 2535 107 2596 id
124 2545 185 2595 tuto
200 2536 262 2594 liat:
280 2552 344 2594 nam
358 2533 438 2594 laesa
452 2537 551 2595 vesica
567 2552 722 2595 nervorum
736 2536 925 2597 distentiones
941 2556 1003 2597 num
1022 2557 1072 2616 pe·

78 2618 172 2678 riculo
189 2618 287 2677 mortis
308 2620 424 2678 excitat.
454 2618 500 2678 Ac
520 2620 640 2697 primum
663 2619 741 2679 circa
756 2623 901 2680 cervicem
924 2624 1073 2700 quaeritur

80 2701 223 2762 calculus:
258 2700 304 2760 ubi
325 2711 476 2779 repertus,
499 2704 609 2762 minore
625 2703 742 2777 negotio
759 2704 922 2782 expellitur.
951 2704 989 2765 Et
1003 2704 1072 2765 ideo

78 2786 151 2862 dixi,
165 2804 200 2845 ne
214 2784 368 2844 curandum
384 2786 509 2864 quidem,
525 2786 579 2845 nisi
597 2801 682 2863 quum
695 2784 751 2844 hoc
766 2786 878 2846 indiciis
894 2790 953 2846 suis
970 2791 1070 2864 cogui-
1082 2795 1108 2835 ³⁰

78 2879 136 2929 tum
152 2878 205 2930 est.
233 2870 263 2928 Si
283 2887 356 2930 vero
375 2878 422 2928 aut
442 2868 490 2928 ubi
516 2868 651 2942 nonfuit,
669 2877 716 2927 aut
730 2871 855 2929 recessit
867 2880 966 2946 retro,
989 2870 1073 2948 digiti

79 2954 114 3014 ad
128 2954 253 3015 nltimam
268 2953 395 3012 vesicam
411 2952 526 3021 dantum
554 2951 749 3030 paulatimque
764 2952 866 3013 dextra
883 2971 998 3032 quoque
1013 2973 1071 3014 rna·

78 3060 135 3066 .—-.-
147 3059 275 3067 ...-.—--

147 3133 175 3198 1)
193 3135 274 3185 Locus
289 3134 399 3184 maxime
414 3142 529 3186 vexatus.
559 3133 627 3182 Libri
651 3134 748 3198 antiqui
763 3133 857 3184 habent
876 3144 951 3200 atque
966 3139 1073 3186 sicima

78 3217 160 3252 manu.
187 3203 271 3268 Targa
284 3217 329 3268 pro
346 3211 420 3267 atque
437 3203 550 3273 reposuit
571 3210 710 3267 uumaqam
731 3204 769 3252 sic
789 3211 814 3253 et
830 3204 954 3253 sententie
970 3211 995 3254 et
1011 3218 1072 3252 eon·

79 3271 182 3320 structio
199 3281 266 3320 reete
284 3279 408 3331 constant,
425 3270 458 3322 cf.
472 3271 532 3352 Cap.
546 3269 581 3320 29
607 3270 682 3352 hujus
698 3270 783 3319 lib.-
797 3273 825 3325 P,
842 3274 907 3338 Aeg.
920 3273 967 3322 tt.
981 3287 1007 3336 p.
1019 3271 1072 3322 252

79 3337 118 3387 ed.
133 3338 208 3388 llriau
218 3339 331 3392 exhibet:
360 3331 410 3386 τὸν
427 3339 541 3402 λιχανον
557 3335 607 3402 τῆς
625 3337 773 3417 αοιοτεοοῖς
786 3331 879 3417 χοιρὰς
896 3330 1033 3389 δάκτυλον
1046 3334 1074 3390 εἰ

79 3403 197 3455 παιδίον
210 3404 254 3470 εἴη
265 3399 297 3456 τὸ
312 3405 415 3455 νοσοῦν
428 3397 447 3472 ἢ
453 3403 501 3456 καὶ
512 3398 560 3455 τὸν
591 3397 710 3456 ἐοονέαν
721 3408 897 3474 vulcanusque,
905 3400 1073 3471 ἅλοίψαν·

79 3481 114 3518 ῑθ
122 3486 135 3528 t
158 3468 260 3542 ἐλαίῳ
277 3473 436 3540 καθίσομεν
449 3469 489 3532 εἰς
500 3467 551 3541 τὴν
563 3421 656 3540 ὤραν.
