2414 3924
425 235 495 282 nro.
511 235 547 282 11.
565 234 640 285 osu.
656 236 741 286 xvrr.
1042 226 1083 290 63

90 391 230 466 febribus,
247 408 320 469 quae
336 398 444 450 certum
459 391 606 451 circuitum
621 390 741 467 babent,
765 391 820 452 duo
841 391 938 452 balnei
952 402 1083 472 tempora

91 485 170 537 sunt:
194 476 329 549 alterum,
351 483 418 533 ante
433 473 600 544 horrorem;
623 475 760 549 alterum,
782 474 865 536 febre
889 477 981 538 linita:
1003 478 1032 536 iu
1049 478 1084 536 iis

92 575 179 634 vero,
201 560 249 637 qui
265 558 350 618 lentis
366 557 515 618 febriculis
531 558 576 618 diu
592 558 769 635 detinentur,
791 575 877 638 quum
899 568 948 620 aut
969 578 1007 620 ex
1022 567 1084 621 toto

90 644 212 705 recessit
233 643 379 710 accessio:
403 651 463 718 aut,
479 645 503 702 si
518 642 546 702 id
563 660 620 701 non
637 642 727 718 solet,
745 651 825 702 certe
841 643 928 705 lenita
945 653 1000 720 est,
1012 645 1084 720 J'am·

63 747 146 808 sque
168 744 276 804 corpus
296 735 352 785 tam
374 727 516 803 integrum
533 736 593 803 est,
616 743 698 805 quam
714 727 835 786 maxime
852 745 918 788 esse
938 729 968 787 in
982 745 1019 788 eo
1033 746 1084 806 gc·

89 829 160 873 nere
181 809 352 870 valetudinis
372 808 458 869 solet.
491 809 656 870 Imbecillus
669 809 771 886 bomo,
794 812 883 871 iturus
897 814 926 871 in
941 811 1083 886 balneum,

89 900 180 956 vitare
202 892 288 953 debet
311 911 348 952 ne
370 902 435 953 ante
457 894 549 970 frigus
567 892 682 971 aliquod
703 896 885 971 experiatur:
907 895 955 955 ubi
975 896 1004 956 in
1025 895 1084 955 bal·

90 997 174 1040 neum
191 980 284 1053 venit,
308 977 455 1055 paulisper
472 980 628 1053 resistere,
651 979 853 1058 experirique,
874 997 939 1039 num
953 988 1086 1059 tempora

90 1063 313 1141 adstringantur,
330 1069 408 1121 etan
424 1061 512 1120 sudor
526 1061 630 1141 aliquis
646 1063 768 1122 oriatur:
785 1062 854 1122 illud
869 1063 894 1123 si
906 1063 1013 1141 incidit,
1029 1063 1086 1122 hoc

57 1174 80 1213 ιο
92 1167 149 1209 non
164 1154 313 1226 sequutum
328 1154 387 1222 est,
409 1145 509 1204 inutile
524 1163 560 1206 eo
578 1145 623 1204 die
638 1144 771 1206 balneum
787 1156 846 1214 est;
868 1146 1085 1225 perungendus-

91 1251 147 1312 que
168 1233 191 1290 is
209 1231 330 1305 leuiter,
354 1237 383 1288 et
400 1229 572 1289 auferendus
592 1238 655 1298 est:
678 1231 879 1309 vitandumque
900 1233 976 1292 omni
998 1230 1085 1292 modo

90 1317 199 1393 frigus,
226 1323 255 1373 et
276 1311 446 1374 abstinentia
468 1313 610 1373 utendum.
644 1313 683 1373 At
706 1315 730 1373 si
753 1314 932 1392 temporibus
954 1315 1090 1394 integris,

93 1402 210 1480 primurn
231 1397 287 1473 ibi,
315 1397 418 1456 deinde
441 1396 507 1456 alibi
529 1399 616 1459 sudor
641 1399 755 1477 incipit,
782 1398 936 1459 fovendum
958 1417 992 1460 os
1013 1416 1087 1479 aqna

92 1483 199 1550 calida3
221 1491 279 1541 turn
300 1482 329 1540 iu
349 1481 424 1541 solio
447 1480 631 1542 desidendum
655 1491 713 1551 est;
736 1492 823 1561 atque
845 1483 884 1542 ibi
907 1500 1023 1562 qnoque
1044 1483 1086 1541 vi·

58 1566 227 1640 audendum,
250 1584 315 1625 num
336 1564 388 1625 sub
409 1567 500 1642 primo
524 1575 657 1626 contactu
676 1584 769 1644 aquae
790 1566 900 1626 calidae
917 1583 1023 1626 summa
1039 1584 1086 1627 cn-

90 1653 127 1711 tis
142 1649 336 1718 inhorrescut;
359 1649 435 1728 qnod
450 1651 500 1710 rix
521 1659 614 1709 tamen
636 1651 697 1714 lieri
720 1659 831 1728 potest,
854 1651 878 1709 si
894 1653 990 1728 priora
1004 1658 1087 1710 recte

92 1742 257 1801 cesserunt:
298 1742 406 1793 certum
437 1733 466 1792 id
500 1743 594 1794 antem
627 1734 739 1811 signum
765 1734 871 1794 inutilis
903 1734 998 1794 balnei
1030 1741 1086 1791 est.

91 1819 168 1879 Ante
183 1835 269 1892 vero,
292 1836 328 1876 an
345 1826 463 1896 postea,
485 1835 568 1896 qnam
582 1819 610 1876 in
633 1835 733 1896 aquam
752 1816 873 1877 calidam
894 1836 927 1877 se
948 1816 1086 1891 demittat,

93 1902 196 1981 aliquis
219 1899 341 1978 perungi
364 1900 484 1977 debeat,
509 1919 546 1960 ex
567 1903 680 1960 ratione
695 1899 865 1960 valetudinis
886 1919 955 1962 suae
977 1915 1086 1977 cogno-

56 2007 82 2047 ro
94 1994 165 2045 scat.
194 1982 271 2044 Fere
285 1994 396 2059 tumen,
419 1987 472 2043 nisi
489 1984 536 2044 nbi
558 1985 736 2059 nominatim,
759 1994 788 2044 ut
803 1995 905 2062 postea
923 1986 987 2060 liat,
1004 2001 1086 2062 prae·

91 2072 231 2149 cipietur,
260 2077 339 2128 moto
368 2068 473 2128 sudore
503 2068 607 2128 leniter
636 2087 741 2147 corpus
771 2069 1002 2147 perungendum
1038 2067 1086 2126 de·

90 2153 156 2213 inde
178 2154 205 2211 in
228 2171 330 2230 aquam
350 2151 470 2212 calidam
493 2152 694 2213 demittendum
709 2162 762 2213 est.
794 2153 892 2231 Atque
908 2153 956 2213 blo
972 2168 1087 2233 quoqne

90 2236 222 2297 habenda
234 2237 337 2295 virium
349 2238 422 2296 ratio
435 2246 490 2312 est,
507 2255 600 2315 neque
614 2237 851 2313 committendum,
868 2246 899 2297 ut
914 2256 967 2318 per
978 2244 1088 2297 aestum

93 2322 184 2380 anima
201 2319 330 2388 deliciat;
355 2319 407 2379 sed
427 2321 561 2381 maturius
586 2321 610 2380 is
633 2320 822 2396 auferendus,
849 2323 1021 2400 curioseque
1038 2336 1087 2377 ve·

57 2405 234 2464 uestimentis
254 2402 444 2463 involvendus
468 2414 528 2480 est,
551 2414 581 2463 ut
603 2423 697 2484 neque
714 2404 749 2464 ad
765 2423 827 2464 enm
843 2407 934 2483 frigus
949 2405 1087 2484 adspiret,

93 2497 122 2546 et
137 2486 175 2545 ibi
192 2504 324 2565 quoqne,
347 2497 497 2566 antequam
513 2488 617 2567 aliquid
634 2500 772 2565 assumat,
795 2491 915 2549 insudet.
949 2489 1089 2551 Fomenta

94 2588 209 2650 quoqne
226 2572 318 2631 calida
334 2581 397 2630 sunt
412 2572 527 2646 milium,
544 2572 597 2646 sal,
614 2591 715 2640 arena:
734 2574 883 2652 quodlibet
896 2590 995 2634 eorum
1012 2572 1088 2632 cale·

93 2655 209 2730 iactum,
225 2664 254 2713 et
269 2656 296 2714 in
313 2654 429 2714 linteum
449 2658 624 2730 conjectum;
642 2660 665 2716 si
681 2660 791 2716 minore
804 2660 831 2716 vi
845 2676 918 2735 opus
933 2666 987 2731 est,
1005 2657 1089 2715 etiarn

94 2737 187 2796 solum
208 2737 338 2808 linteum;
365 2749 392 2797 at
416 2741 440 2798 si
461 2741 588 2815 majore,
612 2743 746 2800 exstincti
761 2744 894 2818 titiones,
912 2740 1089 2818 involutique

58 2841 84 2881 so
95 2820 266 2899 panniculis,
286 2831 314 2880 et
328 2823 370 2882 sic
387 2824 562 2883 circumdati.
595 2825 668 2898 Quin
686 2826 770 2883 etiam
787 2824 881 2885 calido
894 2824 960 2884 oleo
973 2822 1088 2901 replen-

94 2913 140 2963 tur
156 2904 284 2973 ntriculi;
306 2914 335 2965 et
348 2909 376 2965 iu
392 2925 461 2966 vasa
480 2908 592 2979 fictilia,
617 2926 632 2966 a
652 2909 834 2967 similitudine
849 2927 920 2986 quas
936 2905 1088 2966 lenticulas

92 2996 214 3065 vocant,
232 3006 304 3068 aque
320 2992 487 3066 conjicitur-3
504 3001 532 3050 et
547 2990 590 3049 sal
606 3008 693 3050 sacco
712 2991 799 3050 linteo
814 2992 971 3068 excipitur,
990 2989 1088 3048 demin

92 3074 217 3150 titnrqne
237 3073 265 3131 in
288 3091 389 3152 aquam
416 3075 491 3134 bene
515 3073 649 3147 calidam,
676 3084 733 3133 turn
756 3091 843 3152 snper
865 3075 893 3133 id
921 3072 1087 3145 membrum,

93 3155 170 3234 quod
192 3157 349 3216 fovendum
370 3168 430 3234 est,
448 3159 616 3218 collocatur.
647 3158 789 3236 Juxtaque
804 3159 899 3234 ignem
915 3158 1088 3216 ferramenta

58 3258 84 3299 ss
94 3240 149 3299 dno
168 3250 233 3300 sunt
249 3241 388 3319 capitibus
406 3242 492 3320 paulo
506 3241 671 3302 latioribus:
688 3242 864 3320 alterumque
879 3258 916 3300 ex
930 3241 974 3299 lris
990 3238 1087 3298 demit-

93 3324 160 3382 titur
180 3327 209 3383 in
231 3342 295 3383 eum
318 3326 424 3402 salem,
443 3335 472 3385 et
493 3344 565 3405 aqua
585 3343 673 3402 super
693 3325 796 3384 leviter
815 3325 1011 3402 adspergitur;
1040 3319 1088 3380 ubi

92 3406 201 3483 frigere
220 3410 327 3487 coepit,
343 3410 378 3469 ad
396 3412 491 3486 ignem
503 3410 636 3485 refertur,
653 3418 682 3468 et
693 3410 768 3468 idem
779 3410 807 3468 in
818 3409 910 3468 altero
924 3409 969 3477 lit;
985 3405 1089 3466 deiude

93 3490 217 3551 invicem
237 3493 266 3551 in
291 3500 430 3572 utroque:
453 3496 527 3553 inter
552 3512 626 3571 qnae
648 3491 797 3553 descendit
818 3492 912 3552 salsus
928 3501 956 3551 et
979 3488 1096 3551 calidus·
