2414 3924
458 227 701 292 -179-

62 372 170 436 drani
198 379 340 455 ectropas
365 379 485 447 vocant,
512 372 607 434 etad
635 370 753 432 dolores
779 372 990 435 intolerabiles.
1036 392 1084 436 re·

62 463 133 543 cipit
152 478 282 541 spumae
300 462 425 542 argenti,
444 477 593 542 cerussae,
611 462 759 542 mastices,
776 463 910 523 omnium
923 477 960 524 -:-
973 469 1085 546 ternas,

61 568 147 612 cerae
180 562 219 613 ÷
245 547 297 630 vl,
329 551 490 630 iusquiami
516 549 620 611 viridis
649 550 728 632 suci,
758 549 817 611 olei
843 551 965 629 myrtlni
992 550 1084 612 libras

60 639 206 720 singulas.
248 654 324 716 quae
353 645 425 699 sunt
452 638 529 698 sicca
557 645 637 699 teres
665 655 735 699 cum
762 656 835 699 suco
863 639 1023 717 iusquiami
1053 645 1084 700 et

59 730 101 789 sic
135 728 323 789 eemurium
355 744 456 787 rasum
489 725 674 788 admiscebis.
723 733 754 787 et
780 729 811 788 in
838 744 896 788 usu
931 725 1018 787 tofles
1046 739 1110 787 ext

57 818 122 897 ipso
137 813 340 876 medicamine
359 823 390 877 et
408 821 489 875 teres
506 816 538 875 in
557 817 698 876 mortario
716 814 857 895 plumbeo
872 831 941 876 cum
959 832 1082 876 rosaceo

57 913 108 967 aut
137 904 273 983 myrtino
302 902 367 964 oleo
397 902 492 963 donec
519 910 697 979 crassescat,
726 912 756 966 et
782 903 880 965 illines
906 902 1015 966 locum.
1052 910 1084 964 et

57 992 250 1073 sivolueris,
270 1005 312 1052 er
324 993 390 1071 ipso
409 990 625 1053 medicamento
645 991 838 1071 emplastrum
855 993 1082 1072 superimpones

56 1089 87 1143 et
114 1079 236 1161 ligabis.

405 1219 515 1282 LXXV.
552 1219 601 1281 Ad
623 1219 747 1282 idema.
1095 1235 1122 1274 10

151 1329 276 1408 Antiqui
299 1345 353 1389 seu
376 1334 493 1388 veteres
516 1327 624 1388 medici
647 1327 751 1388 dicunt
773 1344 840 1387 esse
863 1325 973 1409 idema,
999 1327 1079 1407 quod

56 1437 114 1480 nos
148 1433 291 1496 aquosam
322 1415 506 1476 inllationem
537 1414 677 1496 dicimus,
709 1413 893 1476 subalbidum
925 1423 956 1477 et
984 1415 1079 1477 laxam

57 1506 225 1568 extantium
248 1520 324 1584 quae
347 1503 485 1566 ostendat
507 1503 668 1583 digitorum
690 1505 887 1584 impressione
910 1503 1079 1583 designatas

58 1593 262 1657 concavitates
290 1594 424 1673 corporis
451 1609 619 1672 resurgere.
660 1601 691 1654 et
717 1593 751 1654 fit
777 1591 824 1652 vel
851 1599 1012 1671 generatur
1041 1611 1079 1653 ex

57 1683 209 1764 flegmatis
237 1680 402 1743 substantia
430 1687 482 1741 aut
508 1699 545 1741 ex
572 1682 680 1760 spiritu
708 1698 853 1762 vaporoso
881 1682 973 1757 circa
987 1680 1080 1760 pedes
1094 1697 1121 1738 rs

58 1771 106 1833 vel
137 1787 227 1831 crura
255 1788 343 1850 saepe
371 1771 511 1830 eveniens
533 1770 565 1829 in
592 1769 713 1852 pthoes,
741 1771 797 1830 boc
821 1770 919 1830 estin
943 1768 1080 1848 pthisicis

58 1869 90 1921 et
122 1861 156 1921 in
190 1858 358 1940 cachexies,
394 1857 425 1918 id
458 1865 504 1919 est
535 1875 697 1936 corporum
728 1856 813 1918 malis
846 1854 1079 1917 habitudinibus.

59 1949 238 2026 frequenter
266 1948 292 2007 si
320 1964 388 2007 cum
416 1947 501 2007 tenui
528 1944 671 2006 febricula
699 1945 879 2024 contigerit,
902 1942 1080 2022 hydropicos

59 2035 242 2116 superadert
264 2036 428 2114 passiones,
454 2041 484 2094 et
506 2035 633 2094 maxime
651 2034 683 2093 in
702 2032 878 2095 cacbecticis
893 2029 1079 2110 corporibus,

57 2126 89 2186 id
118 2131 166 2185 est
193 2121 269 2183 mala
297 2121 469 2183 habitudine
498 2123 625 2203 allectis,
654 2124 831 2201 praesertim
859 2121 885 2181 si
913 2126 944 2180 et
965 2122 1079 2181 ventris
1093 2136 1121 2177 eo
1161 2121 1165 2127 '

57 2214 154 2274 luerit
183 2229 290 2271 cursus
317 2213 349 2272 in
372 2209 480 2291 isdem,
504 2217 537 2270 ut
560 2211 633 2291 dixi,
656 2210 858 2291 passionibus,
885 2207 941 2269 sub
965 2208 1079 2270 difficili

57 2300 258 2380 temperantia
277 2301 425 2378 corporis,
449 2316 537 2377 quam
556 2297 661 2359 Graeci
680 2300 850 2380 dyscrasian
875 2305 990 2379 vocant,
1019 2304 1078 2358 sto-

57 2388 185 2449 machus
209 2394 342 2449 nocetur.

133 2529 148 2577 1
173 2523 226 2602 hee
244 2523 340 2590 tropas
364 2538 390 2589 c,
415 2509 499 2592 adpas
513 2538 543 2590 p.
653 2524 679 2587 li
702 2537 734 2591 cp
756 2521 804 2589 (cs.
828 2521 932 2602 Petrus.
947 2537 978 2610 p.
998 2525 1078 2587 278).

58 2592 209 2649 amastim
227 2609 255 2659 c,
274 2595 388 2647 mosaici
403 2610 432 2661 p.
515 2597 595 2647 3εῑι.
615 2595 642 2660 †
661 2593 716 2646 .ΙΙΙ.
732 2608 761 2660 p.
834 2590 853 2645 l'
874 2591 968 2661 singli
986 2607 1012 2658 c,
1032 2595 1078 2650 afi.

57 2666 86 2722 l'.
107 2665 127 2718 I.
144 2680 176 2734 p.
249 2669 265 2717 b
284 2663 421 2718 admisces
438 2681 467 2732 p,
487 2662 604 2731 9misces
623 2680 644 2719 c.
717 2663 747 2717 in
760 2680 841 2716 usum
860 2678 906 2731 cp:
926 2679 990 2717 cnm
1008 2679 1079 2732 opus

57 2735 145 2792 fuerit
167 2734 240 2789 Petr.
319 2736 348 2789 et
366 2750 400 2788 ex
412 2751 444 2804 p.
524 2737 645 2804 iautp
663 2734 777 2801 (Patr.):
797 2735 825 2788 et
844 2749 865 2787 c.
938 2732 1032 2788 illines
1045 2751 1078 2804 ρ,

58 2805 139 2860 -nis
160 2822 181 2861 c.
273 2805 401 2874 asponis
418 2822 460 2875 ep.
553 2811 586 2859 10
603 2805 648 2858 Ad
666 2805 788 2875 hydema
806 2820 821 2859 c
839 2803 944 2872 (idema
961 2805 1019 2860 iud.
1035 2807 1078 2874 p),

57 2879 102 2933 De
120 2892 227 2945 aquosa
244 2873 396 2930 inflatione.
424 2878 450 2942 li
459 2892 490 2944 p.
564 2882 596 2930 11
611 2874 705 2930 idema
722 2892 750 2945 p,
769 2874 884 2929 hidema
898 2890 920 2930 c.
992 2891 1078 2944 qnam

59 2966 101 3019 ep.
196 2952 228 3000 12
254 2946 402 3002 subalbida
425 2949 455 3001 st
476 2946 542 3001 laxa
565 2946 692 3000 extantia
710 2962 752 3015 ep.
844 2951 876 3000 13
896 2946 1027 3000 ostendet
1043 2962 1077 3015 p:

58 3019 139 3074 -dit
162 3035 177 3074 c
199 3017 327 3082 (adrem
350 3019 385 3084 cf.
417 3016 525 3072 Oribus.
551 3033 660 3088 synope.
686 3020 718 3083 7,
740 3021 777 3072 35
800 3033 833 3071 eae
854 3015 917 3071 Gal.
938 3017 982 3082 X,
1000 3020 1076 3084 963).

58 3089 232 3160 iprensiones
250 3104 272 3154 c,
292 3104 391 3142 -nem
405 3105 436 3157 p.
510 3093 545 3141 14
563 3087 687 3156 corporis
705 3104 754 3143 om.
768 3105 798 3156 p.
872 3092 906 3141 16
924 3084 1039 3154 pthoed'
1054 3103 1077 3152 c,

57 3180 159 3248 pthoes
177 3178 241 3243 (sic)
256 3193 279 3246 p
296 3171 469 3259 stvfflfflalss
487 3174 550 3231 aaz.
570 3177 613 3243 X,
631 3180 694 3258 953..
724 3176 787 3244 XI,
806 3176 897 3254 101).,
951 3155 1076 3256 lissty·

59 3248 123 3303 sicis
150 3265 177 3314 o,
205 3255 235 3329 i,
259 3249 368 3330 ptnsaoss
390 3264 420 3316 p.
538 3254 570 3303 1⁷
597 3263 723 3329 oaeenes
749 3261 776 3314 c,
804 3260 929 3299 cacencs
949 3245 1029 3371 ἓξὲξ
1045 3261 1075 3313 p.

58 3318 449 3458 ttttltbulttttt,
514 3318 773 3456 upum,
793 3321 912 3442 maed
923 3329 954 3455 i.
1042 3331 1076 3441 t·

59 3477 209 3535 ᾶίεετεεείῑι
228 3493 255 3545 e,
274 3477 429 3548 dietrasip
448 3478 491 3543 (iu
508 3494 595 3550 morp.
613 3483 627 3532 i
645 3473 663 3532 d
681 3467 805 3534 did’cban
818 3479 873 3546 pl).

861 3565 914 3619 12*
