2414 3924
81 235 143 298 332
374 244 408 291 s.
424 242 455 290 c.
470 241 570 290 ceum
587 241 784 289 mrcmnn

20 409 22 417 '
80 403 148 480 guis
161 400 314 477 significat
342 399 424 475 Ergo
444 407 502 456 tum
524 397 630 455 lentius
647 395 779 455 ducenda
796 394 923 469 babens,
948 414 1072 475 suspen-

79 484 234 561 dendaque
249 485 343 558 magis
359 484 472 541 sinistra
487 498 588 539 manus
600 489 661 555 est,
677 488 707 538 et
720 481 838 558 saepius
849 479 1025 556 attoUeuda,
1042 490 1072 541 et

80 568 231 629 foraminis
245 565 364 625 altitudo
380 563 605 632 consideranda;
629 572 660 622 ut
680 564 920 641 quandocumque
944 580 978 622 os
1005 582 1073 643 per·

80 659 244 729 rumpatur,
261 650 432 723 sentiamus,
455 664 550 724 neque
573 646 787 723 periclitemur,
809 665 846 705 ne
862 664 1001 707 mucrone
1025 666 1073 707 ce

80 733 160 794 rebri
184 732 348 792 membrana
372 730 516 791 laedatur:
546 749 584 790 ex
618 746 676 808 quo
704 747 812 806 graves
834 730 1097 791 inflammationess

81 835 145 878 cum
156 816 395 895 periculomortis
407 816 545 875 oriuntur.
563 813 659 872 Factis
667 813 864 889 foraminibus,
874 814 1073 876 eodemmodo

79 900 174 962 media
191 908 285 977 septa,
301 898 354 958 sed
368 899 458 957 multo
480 899 733 975 circumspectius,
751 897 912 958 excidenda
929 907 1013 974 sunt,
1036 917 1073 959 ne

80 985 157 1046 iorte
171 983 295 1059 angulus
311 981 419 1061 scalpri
436 980 565 1041 eamdem
577 979 770 1039 membranam
787 981 892 1049 violet;
909 981 1004 1041 donec
1022 983 1072 1042 liat

81 1068 191 1143 aditus,
211 1083 366 1144 perquem
387 1064 568 1124 membranae
583 1073 682 1122 custos
701 1065 880 1133 immittatur;
907 1084 1074 1144 μηνιγγο-

81 1143 218 1230 φύλακα
236 1148 341 1209 Gracci
356 1157 471 1208 uocaui.
503 1148 617 1207 Lamina
633 1165 723 1207 aenea
745 1156 809 1223 est,
828 1148 927 1224 lirina,
954 1148 1107 1227 paulumm

81 1234 197 1308 resima,
213 1232 248 1292 ab
264 1233 412 1292 exteriore
428 1241 509 1309 parte
526 1232 632 1300 laevis;
659 1249 732 1309 quae
758 1231 883 1291 demissa
898 1234 956 1308 sic,
971 1241 1002 1291 ut
1022 1250 1074 1292 ex·

81 1317 172 1377 terior
189 1333 256 1393 pars
275 1317 340 1391 ejus
358 1314 481 1374 cerebro
502 1316 624 1393 propior
641 1318 691 1391 sit,
715 1314 836 1374 subinde
858 1317 885 1374 ei
909 1314 1072 1392 subjicitur,

81 1399 158 1480 quod
173 1399 290 1477 scalpro
307 1398 514 1458 discutiendum
530 1407 589 1459 est:
604 1416 657 1474 ac,
675 1400 700 1457 si
717 1399 826 1477 excipit
846 1401 909 1474 ejus
924 1399 1071 1476 angulum,

81 1482 155 1544 ultra
169 1485 293 1542 transire
309 1501 366 1542 uon
383 1484 503 1559 patitur:
520 1499 614 1560 eoque
626 1491 655 1541 et
672 1482 817 1558 audacius,
837 1492 866 1542 et
881 1484 976 1559 tutius,
995 1484 1071 1543 scal·

80 1585 162 1647 prum
183 1566 322 1627 malleolo
343 1565 472 1625 medicus
496 1565 616 1625 subinde
637 1564 719 1642 ferit,
742 1565 836 1625 donec
852 1566 976 1644 undiquc
989 1569 1069 1626 exci·
1084 1593 1105 1631 15

80 1670 142 1711 sum
159 1669 193 1713 os
211 1651 312 1710 eadem
335 1650 438 1710 lamina
455 1649 582 1725 levetur,
600 1648 721 1727 tollique
737 1650 799 1708 sine
816 1648 874 1709 ulla
890 1666 967 1708 noxa
986 1667 1069 1709 cere·

81 1735 124 1795 bri
141 1736 246 1813 possit.
276 1733 331 1794 Ubi
347 1742 436 1793 totum
448 1750 482 1792 os
507 1734 632 1807 ejectum
655 1742 715 1808 est,
739 1732 993 1793 circumradendae
1010 1734 1070 1793 lae-

80 1819 252 1896 vandaeque
276 1835 346 1878 orae
373 1825 454 1891 sunt,
478 1826 526 1891 et,
549 1819 573 1876 si
592 1815 659 1893 quid
674 1815 773 1876 scobis
791 1816 975 1876 membranae
992 1817 1069 1877 inse·

81 1902 137 1980 dit,
156 1902 363 1979 colligendum.
393 1900 459 1978 Ubi,
476 1902 628 1978 superiore
644 1909 726 1978 parte
742 1899 870 1976 sublata,
886 1900 1008 1959 inferior
1024 1919 1069 1959 re·

81 1986 149 2047 licia
167 1995 228 2060 est,
246 2003 303 2044 non
319 2002 388 2044 orae
408 1992 527 2060 tantum,
544 1983 597 2043 sed
618 2001 650 2042 os
666 2001 782 2062 quoque
797 1992 886 2048 totum
898 1983 1069 2044 laevandum
1078 1998 1104 2039 ao

81 2078 139 2140 esi;
159 2080 188 2129 ut
203 2072 265 2129 siue
281 2087 356 2128 noxa
376 2078 478 2147 postea
502 2070 574 2127 cutis
600 2068 760 2141 increscat,
788 2085 861 2144 quae
883 2083 989 2145 aspero
1007 2071 1070 2127 ossi

80 2156 233 2214 innascens
251 2155 379 2230 protinus
395 2170 452 2211 nou
467 2154 630 2227 sanitatem,
648 2150 699 2209 sed
714 2168 806 2229 novos
819 2151 939 2211 dolores
960 2161 1070 2212 movet.

79 2237 228 2298 Patefacto
253 2236 391 2311 cerebro,
409 2253 463 2311 qua
486 2237 596 2293 ratione
618 2234 758 2311 agendum
784 2237 835 2310 sit,
857 2235 957 2309 dicam,
983 2254 1070 2312 quum

79 2321 218 2382 adiracta
242 2338 309 2379 ossa
333 2335 452 2377 venero.
486 2318 515 2375 Si
537 2317 614 2376 basis
637 2318 730 2395 aliqua
746 2328 861 2378 servata
880 2327 940 2392 est,
964 2337 1069 2396 super-

79 2403 252 2480 imponenda
269 2411 333 2461 sunt
349 2399 628 2460 medicamentanon
650 2403 781 2478 pinguia,
806 2419 879 2479 quae
899 2401 1103 2461 recentibusas

79 2481 1068 2562 vulneribnsaccommodantur:supraqueimponendalauasuccida,

79 2568 147 2630 oleo
170 2577 257 2644 atque
278 2577 362 2626 aceto
388 2567 516 2626 madeus.
547 2569 603 2628 Ubi
626 2577 738 2645 tempus
759 2571 920 2646 processit,
943 2569 978 2627 ab
1000 2570 1068 2647 ipso

79 2669 148 2712 osse
166 2668 234 2710 caro
252 2653 405 2725 increscit,
426 2670 518 2729 eaque
533 2651 639 2711 iactum
659 2670 741 2710 mauu
760 2655 849 2711 sinum
870 2651 1007 2730 complet.
1036 2654 1067 2711 Si

79 2734 255 2815 quodetiam
279 2752 312 2794 os
337 2735 467 2794 adustum
484 2745 545 2810 est,
562 2753 577 2794 a
596 2744 678 2813 parte
694 2753 766 2794 sana
778 2737 903 2801 recedit:
932 2735 1066 2814 subitque

78 2821 152 2880 inter
164 2822 306 2896 integram
323 2828 409 2897 atque
422 2827 578 2878 emortuam
594 2829 702 2896 partem
719 2820 884 2894 caruncula,
894 2820 1066 2898 quae,quod
1077 2848 1101 2886 30

79 2906 234 2981 abscessit,
252 2903 382 2981 expellit.
412 2902 512 2962 Potest
534 2904 618 2961 etiam
640 2904 774 2976 evenire,
797 2912 826 2962 ut
847 2922 884 2962 ex
900 2907 957 2962 ictu
969 2921 1066 2980 neque

79 2987 201 3048 findatur
216 3006 267 3063 os,
287 3005 381 3065 neque
399 2987 609 3064 perfringatur;
636 2985 688 3046 sed
712 3004 847 3046 summum
867 2996 962 3045 tamen
982 2986 1066 3045 colli·

78 3071 177 3146 datur,
194 3079 451 3147 exaspereturque.
487 3069 570 3143 Quod
582 3069 631 3128 ubi
646 3070 760 3145 incidit,
775 3069 836 3129 radi
854 3078 882 3129 et
894 3069 1002 3128 laevari
1020 3087 1065 3127 sa-

77 3155 115 3213 tis
130 3164 184 3212 est.
219 3153 298 3213 Haec
313 3154 442 3231 quamvis
457 3155 579 3212 maxime
594 3153 663 3213 fiunt
675 3157 702 3213 in
719 3157 829 3232 capite,
846 3163 940 3213 tamen
957 3155 1066 3212 ceteris

78 3252 193 3314 quoque
216 3237 330 3295 ossibus
359 3240 516 3296 communia
545 3246 625 3297 suut:
656 3247 702 3313 ut,
733 3239 903 3314 ubicumque
928 3236 1002 3295 idem
1022 3236 1099 3300 inae

33 3366 37 3373 .
77 3319 163 3394 cidit,
194 3319 297 3379 eodem
319 3321 447 3380 remedio
469 3321 505 3379 sit
531 3320 671 3382 utendum.
702 3321 741 3379 At
770 3339 844 3399 quae
877 3321 984 3396 fracta,
1017 3320 1064 3377 lis·

67 3418 125 3479 aa,
148 3403 259 3478 forata,
283 3403 385 3463 collisa
400 3413 485 3478 sunt,
512 3404 648 3482 quasdam
663 3406 797 3483 proprias
818 3405 846 3462 iu
867 3403 989 3480 siugulis
1011 3419 1063 3478 ge·

76 3486 212 3560 neribus,
245 3486 382 3564 quasdam
404 3504 570 3547 communes
592 3489 621 3546 in
638 3488 769 3567 pluribus
784 3488 950 3547 ematioues
967 3486 1064 3563 requi·
