2414 3924
459 195 698 261 -167-

67 345 138 405 tiaae
172 340 283 403 uiridis
315 339 395 402 foliis
426 358 553 403 nomem
584 340 611 402 X
642 360 711 404 curn
743 360 834 423 posca
864 346 987 424 potione
1023 363 1084 408 nna

65 432 171 495 ieonis
190 437 292 493 totum
308 431 395 510 potui
412 429 505 492 dabis.
541 429 598 492 hoc
622 430 830 511 pertriduum
852 431 958 514 iacies,
981 442 1011 495 et
1033 453 1084 496 ox·

65 522 217 583 tnnsecns
236 517 275 580 ab
296 519 383 580 initio
405 520 470 599 ipsa
488 517 562 580 hora
580 537 638 599 qua
656 537 775 582 morsus
797 519 889 582 fuerit
908 523 1005 601 primo
1028 524 1083 585 im-

64 627 153 689 pones
182 606 312 669 herbam
339 624 429 686 qnam
456 607 560 670 dicunt
586 610 790 670 zaccarionom
812 610 856 670 sic
882 610 1029 688 integram
1051 612 1082 672 in

64 696 122 761 low
150 696 212 759 ubi
240 696 333 759 tuterit
359 714 492 774 morsus,
519 704 550 759 ot
577 715 647 761 eum
669 697 799 759 arelacta
821 697 926 780 fuerit,
956 697 1109 761 alterum⁵

64 786 166 851 funem
194 784 292 855 viride
319 783 459 847 mombis.
503 785 561 848 hoc
588 805 643 866 per
669 786 804 849 triduum
831 786 923 849 facies
952 787 1084 869 cottidie,

63 884 89 937 ot
109 893 191 939 eum
212 892 246 937 se
269 873 357 937 ulcus
379 873 553 955 ostenderit,
575 874 723 937 avellanae
746 874 868 956 pulpam
890 884 1029 937 conteres
1052 884 1084 939 et

62 981 198 1046 appones
222 962 381 1043 aliquantis
404 962 519 1025 diebus.
558 971 628 1044 post
656 963 729 1025 haec
753 982 884 1045 appones
907 964 1084 1045 cataplasma

61 1052 96 1117 de
121 1051 243 1135 polline
269 1050 375 1113 hordei
397 1059 428 1113 et
451 1070 525 1115 suco
547 1069 620 1113 urae
648 1051 776 1132 lupinae.
819 1071 931 1134 coques
954 1053 1083 1120 eundem

60 1160 172 1205 sucum
195 1142 350 1202 sincerum
372 1147 404 1201 et
425 1140 581 1203 inductum
601 1159 733 1221 appones
756 1160 845 1222 quam
867 1142 919 1205 din
943 1160 974 1204 se
998 1158 1123 1205 scaram

59 1229 156 1312 levet,
178 1230 212 1291 id
234 1237 282 1291 ost
299 1236 415 1309 crusta,
437 1236 467 1290 et
491 1248 559 1291 cum
579 1247 611 1290 se
634 1229 775 1292 levaverit
798 1231 849 1293 tali
867 1230 1082 1293 medicamento

59 1321 92 1381 in
115 1319 293 1381 cicatricem
317 1316 456 1400 induces,
483 1319 582 1381 idest
605 1317 708 1399 adipes
731 1322 899 1401 anserinus,
926 1319 1084 1401 coagulum

60 1410 239 1490 caprinum,
266 1406 384 1468 radices
407 1406 513 1468 cordae
544 1425 619 1487 quae
642 1406 747 1469 latiora
770 1407 839 1470 lolia
861 1408 993 1470 ostendit
1015 1416 1083 1472 rute

60 1496 212 1577 silvestri,
238 1503 270 1557 et
296 1494 395 1557 oleum
422 1495 568 1556 stellionis
594 1497 626 1557 in
657 1514 716 1577 quo
738 1498 823 1559 vivus
846 1497 938 1559 luerit
960 1505 1083 1559 necatus

60 1592 92 1646 et
119 1587 156 1645 in
178 1583 307 1664 ampulla
333 1585 365 1644 in
388 1582 451 1647 sole
474 1591 505 1645 et
527 1602 600 1646 aura
622 1584 785 1647 caniculari
812 1593 946 1666 tempure
977 1586 1083 1648 diebus
1097 1601 1124 1642 15

61 1691 193 1736 numero
220 1670 271 1733 XL
299 1672 391 1734 luerit
417 1690 589 1752 suspensus.
631 1676 734 1754 aequis
761 1673 944 1754 ponderibus
973 1674 1081 1736 tundes

62 1763 94 1823 in
118 1779 153 1823 se
176 1763 275 1822 omnia
298 1768 329 1824 et
356 1778 487 1841 appones
510 1761 545 1823 ad
573 1761 672 1823 lucum
700 1771 760 1823 tam
783 1763 834 1824 din
858 1781 947 1843 quam
969 1763 1021 1824 din
1044 1762 1081 1822 ad

62 1851 234 1930 perlectum
252 1856 382 1912 sanetur.
419 1851 534 1911 interea
551 1852 650 1930 ipsum
670 1852 833 1929 patientem
851 1849 1024 1911 admonebis
1042 1867 1080 1910 ne

63 1938 143 2000 forte
170 1941 344 2018 ignoranter
371 1940 406 1999 in
425 1937 492 1999 cibo
515 1939 660 2000 avellanas
682 1940 815 2018 accipiat.
857 1939 947 1999 sicuti
969 1938 1080 1999 extrin-

64 2045 154 2089 secus
182 2029 214 2088 in
242 2034 310 2088 cute
339 2029 452 2089 morsui
484 2029 617 2108 apposita
647 2025 777 2088 avellana
805 2043 952 2088 venenum
979 2025 1016 2086 ad
1049 2043 1081 2086 se
1095 2044 1123 2084 ao

138 2257 154 2306 1
179 2250 267 2306 foliis:
289 2251 360 2307 folia
380 2268 421 2320 cp.
513 2251 658 2321 potionem
678 2251 706 2308 J.
726 2267 748 2308 c.
844 2257 861 2304 1
884 2239 933 2307 tot
950 2250 1030 2322 potui
1045 2268 1082 2322 p:

65 2341 137 2410 potii
155 2340 238 2411 potni
256 2357 278 2396 e.
355 2346 372 2395 ³
390 2340 446 2410 ipis
465 2357 513 2396 ore
531 2357 589 2410 qno
606 2331 716 2395 minoe
733 2340 753 2395 f.
774 2357 801 2407 e,
822 2339 911 2409 ipsius
935 2358 992 2410 qna
1009 2357 1082 2396 mor-

65 2411 143 2468 dilsns
161 2411 228 2482 dp.
317 2413 427 2482 ipon(m
441 2412 492 2481 e)is
509 2428 551 2481 cp.
642 2416 827 2481 dedocendi
840 2428 875 2480 Ρ,
899 2414 1041 2484 raccant}
1059 2428 1082 2468 c.

66 2482 204 2538 oiolium
222 2499 271 2538 om.
291 2498 313 2538 c.
396 2482 500 2538 cotidie
517 2483 588 2538 facis
602 2499 637 2552 p:
661 2483 732 2538 focis
752 2483 853 2540 cotidie
872 2499 895 2539 c.
969 2483 1082 2538 iulcns

62 2560 110 2622 ρος
128 2553 227 2608 uultus
245 2557 384 2608 retente
402 2569 518 2623 curan.
606 2554 759 2623 8apponis
778 2571 801 2610 a.
889 2559 1022 2608 9sncum
1040 2570 1083 2622 ep.

68 2640 172 2694 coques
188 2624 220 2678 in
237 2625 357 2680 eundem
376 2642 397 2679 s.
416 2640 458 2693 ep.
532 2630 565 2678 10
583 2641 669 2694 quem
687 2626 737 2680 din
750 2642 780 2680 se
796 2642 823 2681 c:
842 2641 928 2693 qnam
946 2624 1037 2679 diuise
1051 2641 1082 2694 p.

65 2712 146 2751 soora
169 2712 212 2764 ops
304 2701 336 2750 12
360 2694 390 2749 in
412 2711 463 2751 om.
487 2711 527 2764 ep.
601 2699 621 2751 t.
641 2713 678 2750 m.
698 2697 858 2752 cicatricem
876 2695 985 2751 inducis
999 2712 1034 2765 p,
1061 2699 1083 2752 t.

66 2785 103 2822 m.
121 2765 257 2823 cicatrice
275 2767 355 2822 ducis
374 2783 397 2820 c.
468 2765 487 2821 i.
507 2766 548 2836 (id
566 2770 620 2836 est)
637 2768 679 2822 sic
697 2785 730 2838 cp
749 2770 815 2838 (pre
831 2784 889 2823 acc.
902 2768 944 2823 uel
961 2765 1084 2850 recipit).

64 2873 344 3027 amrium,
362 2878 462 2998 nr
471 2836 688 3028 renerent?
713 2836 1083 3028 <attenderint

62 3030 91 3085 p,
110 3019 174 3071 rute
193 3015 331 3071 silvestris
349 3030 371 3070 e.
459 3020 493 3068 14
512 3016 638 3071 stelionis
657 3033 683 3084 e,
703 3017 853 3084 etelcoiep
870 3015 918 3082 (ef.
938 3015 1016 3072 Plan.
1034 3019 1083 3080 29,

66 3091 110 3142 90.
130 3091 189 3156 73).
261 3085 342 3141 virne
356 3092 403 3155 pi:
422 3085 509 3140 vinus.
524 3103 550 3155 e,
571 3087 673 3142 humus
687 3103 718 3156 p.
808 3087 941 3140 necentus
955 3101 991 3154 ρ,
1008 3083 1083 3138 ieete

67 3159 130 3227 (aio)
148 3174 171 3215 e.
260 3163 293 3212 16
312 3173 477 3225 nnmeropz
497 3172 547 3212 om.
566 3173 589 3212 e.
670 3158 718 3212 XL
737 3174 765 3211 c:
784 3157 868 3224 le.
945 3153 1022 3209 tudis
1040 3169 1082 3222 cp.

68 3234 99 3284 17
118 3229 242 3300 apponis
259 3244 281 3283 e.
372 3229 409 3284 ad
427 3227 583 3297 perfectum
601 3245 628 3284 e:
648 3229 685 3281 ad
702 3227 858 3296 perfectam
876 3223 977 3296 (aspira
994 3225 1045 3293 eie)
1059 3238 1083 3292 p

67 3301 149 3368 (uude
167 3305 205 3370 pt*
226 3301 259 3354 a‘u
280 3317 367 3370 moro.
390 3297 476 3371 apice
497 3300 614 3356 semum
632 3324 667 3344 =
685 3314 703 3353 a
724 3295 850 3367 perfecte
867 3294 1013 3351 sanatione
1029 3307 1084 3364 pro

66 3388 101 3444 ad
112 3407 147 3516 X.
167 3391 211 3472 a).
286 3395 318 3444 19
331 3389 462 3473 ‘ignorat'
482 3405 509 3459 c,
532 3374 638 3457 {irat
650 3403 681 3456 p.
759 3389 794 3439 10
813 3385 933 3441 avelona
951 3400 973 3439 e.
1046 3379 1083 3436 ad

67 3476 95 3515 se
131 3461 192 3517 ucat
211 3476 238 3517 c:
258 3459 353 3516 eduen
366 3477 398 3530 p.
