2414 3924
74 220 142 284 300
375 234 410 277 Δ.
424 231 458 278 G.
473 230 575 278 fflss
588 228 785 277 mmm}

75 387 148 454 dac,
169 403 265 463 neque
277 388 398 464 punis,
409 404 447 444 ne
461 403 562 464 pam
572 384 764 462 glnfinutm,
783 392 813 442 et
827 383 946 460 longior
959 382 1011 442 fiat
1021 402 1072 442 cn-

75 471 169 538 ratio;
188 471 408 546 uque-altis,
429 487 467 527 ne
484 469 733 528 mla-tinne·
746 476 881 544 augeant
910 467 1007 544 Atque
1022 465 1074 526 iric

75 552 360 633 qnoqnvidendnn
376 562 439 626 cst,
468 571 506 610 ne
526 552 917 630 quidinscrotosanguinis
936 559 1071 610 maneat:

75 646 135 697 tn
156 636 329 714 inponenda
350 636 521 711 glutinantia
539 643 615 695 snt.
646 637 678 694 Si
699 634 814 713 qundo
834 643 929 694 ante·
945 636 975 693 in
988 651 1072 692 sero

75 730 135 781 tn
148 722 269 796 samis
281 719 418 794 defluxit,
433 719 577 797 aliquidue
592 729 759 778 eoncmtum
773 737 812 777 ex
826 735 864 777 eo
879 717 1005 793 decidit,
1028 719 1097 776 ins

76 804 135 865 citii
149 803 250 863 uhter
263 803 292 862 id
306 802 409 869 debet;
425 812 609 881 purgatoque
623 821 673 876 eo,
688 805 814 880 spongia
827 804 889 861 acri
908 810 993 861 aceto
1012 818 1072 860 rna-

76 888 164 962 dens,
193 886 375 946 circumdari.
400 885 565 962 Deligatum
584 895 679 944 antm
699 886 802 944 vulnus
820 903 905 945 onne
926 885 1005 962 qnod
1033 902 1073 943 ex

76 973 122 1033 lais
147 972 244 1030 causis
264 971 370 1030 iactum
392 980 450 1044 est,
473 972 497 1028 si
517 969 603 1029 dolor
621 970 717 1028 nullm
737 978 799 1043 est,
824 970 951 1046 quinque
971 969 1073 1046 primis

76 1054 179 1116 diebm
196 1072 253 1113 non
268 1064 314 1112 est
329 1052 551 1129 resolvendum,
569 1053 622 1112 sed
639 1052 686 1112 bis
701 1053 748 1113 elie
763 1061 870 1112 tantm
892 1062 976 1112 aceto
997 1052 1072 1111 irro-

75 1138 162 1200 randa
179 1138 259 1213 lana,
283 1138 331 1196 vel
347 1138 489 1215 spongia:
519 1139 545 1196 si
559 1136 645 1197 dolor
658 1146 718 1212 est,
742 1137 828 1197 tertio
849 1136 897 1195 die
918 1135 1070 1194 resolven-
1083 1152 1109 1191 ro

76 1222 157 1290 dum;
180 1229 226 1295 et,
245 1220 293 1279 ubi
311 1220 416 1280 fibulae
431 1229 514 1297 sunt,
530 1221 586 1279 lrae
605 1220 790 1287 incidendam
812 1219 862 1278 nbi
878 1219 1074 1293 linamentum,

76 1305 106 1365 irl
120 1303 282 1364 mutandum
305 1313 366 1371 est;
389 1321 514 1382 rosaque
536 1313 566 1364 et
586 1306 655 1363 vino
671 1303 919 1364 madefaciendum
932 1303 977 1377 id,
995 1303 1075 1383 quod

77 1388 241 1466 imponitur.
278 1389 309 1447 Si
330 1388 514 1448 inflammatio
532 1389 685 1464 increscit,
713 1387 902 1463 adjiciendum
925 1386 1075 1464 prioribus

77 1471 253 1550 cataplasma
268 1490 306 1531 ex
322 1471 457 1530 lenticula
474 1480 503 1530 et
514 1472 618 1539 melle;
637 1471 686 1530 vel
703 1490 742 1530 ex
756 1470 924 1547 malicorio,
949 1471 1028 1548 qnod
1043 1474 1073 1530 in

76 1564 193 1616 austero
211 1558 279 1615 vino
297 1563 412 1615 coctum
424 1556 477 1624 sit;
492 1554 542 1615 vel
557 1574 595 1614 ex
606 1555 651 1615 luis
665 1556 771 1614 mixtis.
798 1556 828 1613 Si
840 1553 893 1614 snb
906 1553 950 1613 his
963 1555 1071 1614 inflam-
1084 1573 1108 1612 re

75 1640 162 1701 matio
176 1656 234 1698 non
248 1639 459 1716 conquieverit,
473 1648 540 1716 post
554 1639 628 1699 diem
645 1640 770 1717 quintum
785 1638 872 1698 multa
888 1637 982 1698 calida
997 1656 1074 1717 aqua

76 1723 180 1784 vulnus
197 1722 368 1796 fovendum,
387 1721 481 1782 donec
492 1732 618 1782 scrotum
632 1725 725 1801 ipsum
740 1732 769 1781 et
781 1730 962 1797 extenuetur,
980 1731 1011 1781 et
1026 1741 1072 1781 rn-

76 1810 177 1886 gosins
193 1808 257 1867 liat:
282 1815 339 1865 tum
361 1806 563 1884 imponendum
585 1805 759 1884 cataplasma
781 1825 818 1865 ex
838 1807 950 1865 triticea
969 1806 1074 1882 farina,

76 1893 123 1951 cui
138 1893 233 1951 resina
249 1892 334 1968 pinea
350 1889 464 1965 adjecta
479 1892 532 1950 sit:
551 1907 625 1967 quae
640 1891 721 1968 ipsa,
746 1892 770 1948 si
786 1889 922 1950 robustus
946 1899 1073 1966 curatur,

77 1993 114 2034 ex
130 1985 229 2041 aceto:
257 1975 281 2032 si
296 1983 395 2050 tener,
410 1993 448 2033 ex
463 1972 550 2033 melle
567 1974 718 2051 coquenda
734 1981 808 2033 sunt.
837 1972 940 2051 Neque
956 1973 1072 2033 dubium
1082 1991 1108 2030 an

77 2067 138 2134 est,
155 2059 356 2137 quodcumque
373 2060 470 2118 vitium
485 2058 553 2133 luit,
572 2059 596 2117 si
612 2075 715 2134 magna
730 2057 912 2116 inflammatio
931 2066 985 2131 est,
1002 2060 1072 2136 quin

77 2161 126 2219 ea,
150 2160 224 2220 quae
241 2160 295 2220 pus
307 2152 437 2218 movent,
454 2141 625 2219 imponenda
644 2143 709 2200 siut.
744 2141 828 2216 Quod
848 2142 872 2199 si
892 2143 988 2219 posin
1005 2145 1072 2220 ipso

76 2235 175 2286 scroto
188 2235 279 2286 ortum
301 2235 362 2299 est,
380 2226 493 2303 paulum
505 2225 532 2285 id
548 2225 633 2286 incidi
650 2225 748 2302 debet,
765 2234 794 2283 ut
816 2225 909 2283 exitus
923 2225 1020 2293 detur:
1038 2226 1072 2284 li·

76 2318 294 2388 namentumque
321 2317 440 2367 eatenus
465 2310 667 2388 imponendum
687 2318 748 2383 est,
773 2317 803 2368 ut
828 2308 958 2368 foramen
976 2318 1070 2385 tegat.

75 2390 300 2450 Inflammatione
326 2392 417 2466 linita,
447 2400 569 2470 propter
590 2409 696 2451 nervos
722 2394 821 2471 priore
852 2392 1070 2469 cataplasmate,
1081 2410 1108 2450 ac

76 2474 142 2534 dein
160 2483 260 2534 cerato
275 2473 407 2533 utendum
426 2485 478 2534 est.
508 2476 588 2536 Haec
605 2477 724 2554 proprie
742 2476 778 2535 ad
793 2476 933 2552 ejusmodi
948 2476 1071 2536 vulnera

76 2555 234 2634 pertinent:
253 2565 350 2616 cetera
367 2567 395 2616 et
410 2560 438 2618 iu
454 2562 620 2635 curatione,
635 2568 663 2618 et
677 2561 705 2618 in
720 2560 814 2636 victu,
833 2561 933 2620 similia
948 2559 983 2618 iis
1002 2577 1071 2620 esse

76 2638 192 2715 debent,
209 2657 283 2717 quae
301 2641 328 2698 in
346 2641 404 2702 alio
420 2660 537 2721 quoque
552 2643 699 2702 vulnerum
713 2661 824 2720 genere
838 2643 1050 2721 praecepimus.

420 2812 602 2872 CAPUT
635 2814 719 2872 XX.

271 2922 307 2970 De
324 2923 435 2972 intestini
451 2923 476 2970 in
494 2930 603 2972 scrotum
617 2902 727 2973 devoluti
740 2924 876 2972 curatione.
1080 2929 1106 2969 oo

139 3056 190 3116 His
205 3059 363 3136 propositis
378 3057 413 3117 ad
428 3057 556 3133 singulas
577 3058 694 3134 species
710 3058 880 3118 veniendum
897 3067 950 3116 est.
980 3055 1027 3117 Aa
1044 3060 1069 3118 si

76 3138 121 3199 oni
136 3140 258 3218 parvulo
274 3158 365 3220 puero
382 3142 542 3200 intestinum
558 3140 722 3218 descendit,
744 3151 809 3200 ante
827 3140 997 3220 scalpellum
1018 3159 1068 3201 ex·

76 3223 212 3302 parienda
230 3224 359 3284 vinctura
375 3233 428 3283 est.
456 3224 558 3283 Fascia
575 3225 638 3298 ejus
653 3225 696 3283 rei
711 3242 796 3284 causa
810 3227 850 3302 fit,
868 3227 913 3284 cui
927 3224 983 3284 imo
999 3224 1068 3286 loco

77 3308 134 3386 plla
152 3315 248 3366 assuta
266 3316 310 3366 est
330 3326 366 3366 ex
389 3307 547 3385 panniculis
563 3307 655 3383 lacta,
674 3325 747 3387 quae
763 3308 798 3368 ad
813 3308 1012 3388 repellendum
1026 3310 1067 3368 in·

75 3391 207 3450 tostinum
223 3390 278 3469 ipsi
293 3390 334 3449 illi
351 3390 514 3465 subjicitur:
534 3390 638 3451 deinde
655 3392 765 3470 reliqua
780 3392 890 3454 fasciae
903 3410 971 3471 pars
986 3401 1066 3454 arcte
1077 3407 1104 3448 ae

75 3472 273 3531 circumdatur.
304 3473 362 3532 Sub
384 3489 441 3551 quo
456 3490 547 3552 saepe
563 3483 592 3533 et
606 3476 680 3534 intus
696 3476 878 3555 compellitur
892 3477 1065 3557 intestinum,
