2414 3924
138 207 178 269 92
209 287 212 292 Α
432 218 833 269 n.c.cnns1nemc1nne
881 231 888 241 ·

137 391 194 450 gua
209 389 327 450 aspera,
350 393 414 433 num
434 374 604 454 praecordia
625 373 731 433 intenta
753 373 818 431 sint.
848 373 879 430 Si
893 366 995 448 capitis
1010 370 1131 430 dolores

137 464 216 532 sunt,
236 473 332 515 roscm
349 475 412 517 cum
430 466 513 516 noeto
534 457 656 515 miscere
679 464 810 533 oportet,
833 456 905 514 etin
929 453 957 512 id
977 454 1129 529 ingerere:

137 536 241 597 deinde
260 536 434 599 babereduo
446 540 582 616 pittacia,
600 556 673 616 quae
692 539 794 597 frontis
810 535 983 596 latitudinem
1005 536 1130 612 longitu-

137 620 289 699 dinemque
311 630 449 700 aequent:
470 639 507 680 ex
528 622 571 680 bns
596 622 718 680 invicem
739 621 859 679 alterum
875 622 902 678 in
918 628 1002 678 aceto
1019 628 1047 676 et
1062 636 1132 678 rosa

136 702 262 779 babere,
282 704 401 764 alterum
419 704 571 772 iubente:
590 713 637 763 aut
653 704 797 762 intinctam
815 702 914 762 iisdem
929 701 1022 785 lanam
1038 701 1157 760 succi-s

137 786 200 846 dam
215 788 374 865 imponere.
405 788 435 846 Si
449 795 561 845 acetum
584 787 718 860 offendit,
739 804 811 865 pura
832 803 900 844 rosa
918 784 1052 844 utendum
1072 793 1131 851 est:

137 872 161 929 si
177 888 244 931 rosa
265 873 328 949 ipsa
343 870 447 944 laedit,
468 869 535 928 oleo
550 868 666 928 acerbo.
700 869 729 927 Si
746 871 802 928 ista
823 886 922 946 parum
935 868 1055 943 juvant,
1076 867 1131 925 teri

137 961 233 1032 potest
248 952 296 1012 vel
313 954 363 1012 iris
383 952 476 1027 arida,
499 952 546 1010 vel
563 969 797 1026 nucesamaree,
812 951 860 1010 vel
878 950 1024 1027 quaelibet
1041 948 1132 1009 herba

138 1054 175 1095 ex
185 1035 440 1112 refrigerantibus:
457 1052 576 1114 quorum
589 1033 728 1111 quidlibet
743 1052 780 1093 ex
791 1042 876 1094 aceto
891 1036 1063 1111 impositum,
1079 1031 1131 1090 do-

137 1118 228 1178 lorem
237 1120 348 1186 minuit;
363 1119 416 1178 sed
432 1119 524 1194 magis
539 1117 614 1176 aliud
629 1119 657 1175 in
672 1116 739 1176 aiio.
764 1117 850 1177 Juvat
866 1119 951 1176 etiam
967 1118 1048 1194 punis
1067 1133 1131 1174 cum
1142 1132 1167 1174 nc

137 1218 284 1280 papavere
304 1201 441 1276 injectusz
465 1200 511 1260 vel
529 1219 591 1259 cum
605 1217 674 1259 rosa
690 1217 824 1275 cerussa,
849 1217 986 1278 spumave
1008 1200 1132 1276 argenti.

138 1282 273 1342 Olfacere
294 1300 410 1361 quoque
426 1283 474 1342 vel
492 1283 666 1362 serpyllum,
691 1283 739 1342 vel
763 1280 911 1358 anethum,
933 1299 991 1342 non
1008 1282 1132 1341 alienum

138 1373 191 1425 est.
222 1364 261 1424 At
276 1367 300 1423 si
316 1369 343 1424 in
362 1366 540 1444 praecordiis
557 1367 737 1425 inflammatio
753 1374 783 1424 et
797 1364 882 1425 dolor
899 1374 956 1441 est,
978 1365 1069 1442 primo
1086 1383 1132 1423 sn·

137 1448 363 1528 perimponenda
387 1458 451 1510 sunt
483 1449 685 1527 cataplasmata
709 1449 909 1528 reprimentia:
939 1466 990 1524 ne,
1017 1449 1042 1507 si
1064 1447 1131 1506 cali·

137 1531 217 1591 diora
231 1530 352 1605 fuerint,
369 1532 433 1610 plus
446 1549 482 1591 eo
498 1534 634 1591 materiae
652 1541 820 1591 concurrat:
839 1530 958 1606 deinde,
977 1530 1025 1590 ubi
1040 1532 1131 1608 prima
1144 1545 1167 1586 rs

136 1613 316 1674 inflammatio
334 1633 366 1673 se
382 1615 504 1689 remisit,
524 1623 592 1673 tuuc
609 1614 720 1673 demum
741 1614 777 1673 ad
798 1614 890 1674 calida
909 1623 938 1673 et
951 1613 1061 1673 humida
1082 1632 1131 1672 ve·

136 1695 268 1756 niendum
284 1706 341 1765 est;
358 1706 387 1756 ut
402 1716 454 1772 ea,
470 1714 543 1774 quae
555 1699 752 1772 remanserint,
766 1697 926 1756 discutiant.
950 1696 1044 1757 Notae
1059 1713 1131 1755 vero

137 1779 362 1840 inflammationis
383 1789 448 1839 sunt
469 1788 607 1858 quatuor,
629 1778 718 1851 rubor
733 1789 762 1838 et
775 1789 884 1856 tumor,
908 1799 972 1839 cum
988 1780 1087 1839 calore
1103 1787 1133 1837 et

137 1862 249 1923 dolore.
283 1863 348 1937 Quo
368 1864 461 1939 magis
481 1864 588 1921 erravit
601 1862 806 1939 Erasistratus,
826 1865 874 1940 qui
894 1862 1005 1922 febrem
1026 1862 1132 1921 nnllam

136 1947 197 2004 sine
220 1945 275 2004 bac
299 1964 365 2005 esse
388 1946 466 2004 dixit.
503 1943 584 2021 Ergo
604 1947 630 2003 si
650 1948 713 2004 sine
734 1946 953 2006 inflammatione
975 1946 1058 2005 dolor
1075 1954 1166 2018 est,ao

136 2028 206 2087 nibil
228 2029 428 2106 imponendum
450 2037 509 2087 est:
534 2027 609 2087 bunc
630 2031 705 2087 enim
725 2031 819 2088 statim
838 2032 901 2107 ipsa
920 2029 1011 2088 iebris
1027 2028 1131 2087 solvet.

136 2111 175 2170 At
192 2112 325 2189 sineque
342 2111 539 2186 inflammatio,
564 2129 658 2189 neque
673 2112 780 2186 iebris,
803 2113 854 2171 sed
873 2121 978 2171 tantum
995 2129 1131 2190 praecor-

137 2194 245 2252 diorum
261 2195 345 2254 dolor
360 2204 420 2270 est,
435 2195 566 2272 protinus
586 2195 686 2254 calidis
700 2205 729 2254 et
744 2196 831 2255 siccis
845 2196 980 2256 fomentis
999 2196 1037 2254 uti
1053 2194 1132 2253 licet.

137 2279 167 2335 Si
187 2294 258 2336 vero
273 2277 370 2354 lingua
385 2280 463 2336 sicca
481 2286 508 2334 et
523 2277 627 2337 scabra
642 2287 702 2356 est,
725 2277 902 2354 detergenda
919 2280 1038 2356 primum
1053 2279 1131 2354 peni-

137 2358 204 2417 cillo
220 2369 264 2417 est
280 2377 317 2418 ex
332 2378 404 2438 aqua
421 2360 528 2419 calida:
552 2359 654 2420 deinde
670 2363 802 2439 ungenda
818 2362 912 2421 mixtis
926 2362 1000 2421 inter
1016 2378 1048 2419 se
1063 2377 1131 2420 rosa
1141 2383 1168 2423 as

137 2450 166 2500 et
185 2442 281 2500 melle.
325 2443 381 2502 Mel
405 2452 524 2520 purgat,
546 2460 615 2503 rosa
635 2447 778 2523 reprimit,
804 2444 943 2522 simulque
966 2447 1133 2503 siccescere

136 2540 193 2582 uon
210 2525 284 2582 sinit.
314 2525 353 2584 At
368 2527 391 2583 si
408 2525 510 2584 scabra
529 2536 660 2602 nonest,
680 2527 732 2588 sed
752 2528 845 2604 arida,
868 2527 915 2586 ubi
931 2525 1067 2606 penicillo
1083 2526 1132 2585 de·

137 2614 213 2665 tersa
230 2615 289 2681 est,
306 2609 374 2684 ungi
388 2626 455 2667 rosa
472 2605 573 2684 debet,
591 2611 635 2668 cui
652 2628 738 2670 cerae
756 2612 870 2688 paulum
884 2612 921 2669 sit
936 2610 1087 2685 adjectum.

397 2816 399 2820 ’
491 2843 689 2904 curun
727 2847 795 2904 xr.

356 2962 455 3012 Curatio
469 2961 573 3026 frigoris
587 2962 654 3025 quod
667 2962 760 3012 febrem
774 2963 908 3028 praecedit.
1141 2972 1169 3012 ³0

198 3113 280 3172 Solet
296 3114 379 3173 etiam
395 3120 460 3171 ante
476 3110 575 3170 iebres
592 3129 659 3171 esse
674 3112 781 3185 frigus;
798 3111 883 3189 idque
900 3112 947 3170 vei
963 3110 1131 3170 molestissi-

137 3214 210 3254 mum
227 3195 319 3254 morbi
334 3213 426 3271 genus
439 3203 493 3254 est.
521 3193 577 3254 Ubi
593 3196 619 3253 id
630 3202 826 3271 exspectatur,
837 3197 911 3254 omni
932 3195 1048 3273 potione
1064 3210 1131 3271 pro-

134 3277 274 3338 bibendus
291 3295 380 3354 aeger
395 3285 456 3337 est:
477 3275 551 3335 haec
567 3280 641 3336 enim
656 3278 742 3355 paulo
761 3286 826 3336 ante
843 3278 907 3337 data
925 3279 1041 3337 muitum
1056 3277 1131 3336 malo

134 3361 240 3435 adjicit.
271 3361 341 3420 Item
362 3361 497 3418 maturius
513 3369 596 3418 veste
611 3360 696 3418 multu
717 3360 859 3436 tegendus
876 3371 934 3429 est;
954 3358 1132 3420 admovenda

136 3444 263 3519 partibus
287 3444 337 3519 iis,
356 3460 410 3521 pro
429 3441 531 3519 quibus
553 3443 717 3519 metuimus,
740 3444 819 3502 sicca
843 3453 871 3503 et
893 3444 985 3503 calida
1006 3443 1168 3503 fomentass
