2414 3924
148 228 206 290 134
436 236 470 283 ι.
489 236 519 282 c.
536 234 635 284 consi
649 235 844 282 nnnrcruan

147 392 342 467 exulceratis,
378 389 516 468 frequens
542 391 628 449 tussis
655 391 823 466 sanguinem
848 408 966 469 quoque
993 393 1143 455 extundit:

146 477 285 539 interdum
306 475 391 535 etiam
413 474 475 532 lieri
495 474 586 550 solet,
607 483 637 533 ut
657 483 705 532 aut
725 491 763 532 ex
777 473 930 553 pulmone,
955 484 1001 535 aut
1019 493 1057 535 ex
1072 493 1143 555 pec·

146 573 228 640 tore,
243 569 290 621 aut
307 577 344 619 ex
360 557 467 633 latere,
490 567 537 617 aut
552 575 589 616 ex
600 559 734 634 iocinore
750 557 873 617 feratur:
898 576 988 637 saepe
1004 559 1143 636 feminae,

148 647 249 726 quibus
265 642 382 720 sanguis
398 658 452 719 per
466 650 611 702 menstrua
629 658 687 700 non
701 640 875 719 respondet,
896 641 971 701 bunc
985 654 1141 722 exspuunt.

147 731 351 806 Auctoresque
372 725 476 785 medici
491 733 570 799 sunt,
595 725 642 785 vel
658 743 748 785 exesa
764 734 845 804 parte
863 725 959 805 aliqua
974 729 1165 804 sanguinem

148 817 245 888 exire,
268 811 315 871 vel
336 818 436 889 rupta,
459 809 507 868 vel
523 826 574 867 ore
590 808 709 869 alicuius
724 827 817 873 uenae
831 810 987 888 patefacto.
1021 811 1144 872 Primam

71 910 77 925 ‘
149 890 348 977 διάβρωσιν,
366 892 521 952 secundam
535 888 646 972 ῥῆξιν,
663 893 775 953 tertiam
791 882 1025 974 ἀναστόμωσιν
1040 896 1144 974 appel·

149 983 216 1043 lant.
256 978 359 1039 Ultima
379 977 492 1035 minime
512 985 615 1045 nocet;
648 978 737 1054 prima
758 978 937 1054 gravissime.
982 977 1027 1038 Ac
1051 998 1144 1058 saepe

149 1065 262 1146 quidem
287 1063 400 1136 evenit,
424 1069 454 1119 ut
474 1062 640 1137 sanguinem
663 1078 717 1138 pus
738 1069 876 1139 sequatur
897 1061 953 1141 (ci.
975 1059 1055 1141 Apu.
1078 1062 1143 1138 Vll,

151 1152 189 1213 15
209 1158 237 1207 et
254 1145 320 1225 82).
355 1143 497 1204 Interdum
514 1153 624 1219 autem,
649 1146 696 1222 qui
712 1146 880 1222 sanguinem
894 1146 988 1225 ipsum
1004 1164 1144 1225 suppres·
1155 1166 1177 1205 ro

150 1235 201 1305 sit,
219 1233 288 1290 satis
303 1229 338 1288 ad
353 1228 545 1289 valetudinem
560 1228 676 1306 proluit.
700 1227 758 1288 Sed
775 1230 799 1287 si
814 1238 935 1309 sequuta
950 1230 1050 1290 ulcera
1067 1240 1143 1305 sunt,

150 1317 174 1377 si
192 1334 261 1393 pus,
285 1313 309 1372 si
324 1313 411 1372 tussis
429 1321 491 1388 est,
515 1320 600 1391 prout
616 1312 701 1372 sedes
714 1314 777 1390 ipsa
794 1322 855 1388 est,
872 1315 909 1372 ita
924 1315 1002 1373 varia
1019 1325 1048 1375 et
1066 1316 1141 1394 peri-

151 1400 251 1460 culosa
265 1415 375 1474 genera
388 1395 554 1456 morborum
568 1404 641 1456 sunt.
677 1397 709 1456 si
727 1413 799 1456 vero
814 1400 931 1474 sanguis
948 1407 1055 1457 tantum
1071 1398 1143 1474 duit,

150 1481 312 1561 expeditius
329 1488 358 1540 et
372 1481 528 1540 remedium
544 1490 572 1538 et
587 1480 650 1539 linis
666 1489 719 1539 est.
750 1480 852 1559 Neque
870 1483 999 1558 ignorari
1014 1490 1143 1560 oportet,

150 1569 185 1627 iis
203 1565 306 1645 quibus
326 1564 417 1624 fluere
434 1565 551 1640 sanguis
575 1563 664 1638 solet,
689 1573 736 1624 aut
752 1564 854 1642 quibus
870 1565 951 1625 dolet
966 1567 1064 1645 spina,
1093 1582 1177 1626 co-rs

149 1668 259 1725 xaeve,
289 1657 336 1708 aut
360 1657 427 1726 post
454 1665 567 1707 cursum
592 1649 807 1723 vehementem,
839 1649 886 1708 vel
912 1650 1144 1727 ambulationem,

150 1736 214 1796 dum
234 1733 324 1793 iebris
347 1731 437 1808 absit,
459 1750 516 1791 non
538 1750 604 1791 esse
624 1732 723 1791 inutile
744 1733 889 1809 sanguinis
910 1734 1058 1793 mediocre
1075 1750 1146 1812 pro·

150 1818 279 1879 lluvium:
308 1817 395 1895 idque
417 1835 470 1895 per
492 1817 601 1875 urinam
622 1815 762 1875 redditum
783 1817 874 1892 ipsam
894 1834 1009 1896 quoque
1031 1818 1145 1877 lassitu-

149 1903 243 1964 dinem
264 1899 396 1960 solvere:
424 1919 459 1960 ac
479 1919 515 1960 ue
537 1901 565 1959 in
586 1917 622 1961 eo
645 1899 757 1978 quidem
780 1900 909 1959 terribile
929 1920 1011 1976 esse,
1034 1902 1082 1980 qui
1108 1919 1146 1960 ex

149 1988 302 2065 superiore
325 1984 391 2042 loco
415 1984 538 2060 decidit,
561 1985 585 2042 si
601 1993 695 2044 tamen
710 1987 738 2043 in
754 1985 817 2059 ejus
836 1986 914 2043 urina
929 1985 997 2043 nihil
1012 1986 1178 2045 noverimne

149 2089 244 2148 neque
263 2068 398 2127 vomitum
413 2067 496 2143 hujus
512 2068 617 2127 afferre
634 2069 809 2146 periculum,
827 2068 911 2126 etiam
926 2086 1009 2145 quum
1025 2069 1145 2146 repetit,

151 2157 175 2214 si
198 2162 263 2212 ante
287 2151 457 2210 confirmare
481 2161 509 2210 et
531 2152 651 2230 implere
670 2170 777 2230 corpus
793 2151 887 2209 licuit:
910 2160 939 2209 et
955 2170 991 2210 ex
1007 2161 1069 2211 toto
1082 2152 1145 2211 nul·

150 2238 206 2297 lum
223 2254 331 2295 nocere
348 2237 438 2312 quiin
457 2252 584 2313 corpore
597 2234 735 2312 robusto,
752 2253 846 2312 neque
859 2236 959 2294 nimius
972 2244 1032 2309 est,
1049 2253 1145 2313 neque

150 2322 250 2380 tussim
273 2327 320 2378 aut
342 2318 469 2377 colorem
490 2327 597 2379 movet.
641 2318 720 2379 llaec
741 2320 886 2395 pertinent
906 2319 942 2377 ad
963 2320 1144 2377 universum:

148 2422 223 2463 nunc
244 2402 279 2462 ad
302 2420 336 2461 ea
357 2402 439 2480 loca,
467 2420 540 2481 quae
562 2403 716 2479 proposui,
744 2404 865 2461 veniam.
904 2403 934 2461 Si
955 2421 991 2460 ex
1017 2404 1178 2479 gingivisos

151 2490 226 2562 exit,
242 2487 421 2563 portulacam
433 2486 620 2545 manducasse
634 2487 703 2545 satis
717 2495 776 2553 est;
794 2486 818 2544 si
831 2504 868 2545 ex
882 2503 952 2561 ore,
970 2487 1146 2545 continuisse

151 2589 187 2630 eo
212 2588 319 2629 merum
341 2572 451 2629 vinum:
480 2571 503 2628 si
525 2587 624 2646 parum
644 2569 673 2628 id
695 2570 824 2648 prolicit,
851 2579 972 2629 acetum.
1018 2570 1048 2627 Si
1071 2570 1147 2628 inter

149 2653 223 2714 haec
248 2671 363 2732 quoque
388 2654 516 2731 graviter
543 2654 678 2731 erumpit,
715 2655 780 2731 quia
806 2671 975 2712 consumere
1001 2653 1147 2713 bominem

149 2747 263 2816 potest,
281 2737 537 2796 commodissimum
554 2746 612 2810 est,
632 2738 766 2814 impetum
781 2738 859 2812 ejus,
875 2737 990 2796 admota
1007 2738 1145 2815 occipitio

151 2821 344 2896 cucurbitula,
367 2824 409 2880 sic
430 2830 459 2878 ut
480 2823 552 2879 cutis
576 2838 691 2899 quoque
711 2820 868 2895 incidatur,
893 2830 1043 2881 avertere:
1069 2822 1094 2879 si
1116 2820 1146 2879 id
1156 2840 1179 2880 ao

149 2906 277 2981 mulieri,
301 2907 345 2963 oui
361 2913 504 2964 menstrua
519 2922 576 2963 non
591 2905 738 2982 feruntur,
764 2905 876 2979 evenit,
899 2904 1027 2964 eamdem
1044 2923 1146 2963 cueur-

149 2990 266 3050 bitulam
281 2989 377 3047 incisis
393 2988 555 3063 inguinibus
573 2989 635 3063 ejus
653 2989 817 3049 admovere.
854 2988 893 3048 At
908 2991 932 3047 si
948 3007 985 3048 ex
1001 2987 1147 3062 faucibus,

149 3073 372 3134 interioribusve
395 3071 523 3148 partibus
545 3074 707 3151 processit,
741 3081 769 3132 et
793 3081 886 3134 metus
907 3073 1000 3148 major
1025 3081 1086 3146 est,
1118 3080 1148 3130 et

151 3176 219 3217 eura
239 3158 332 3231 major
352 3155 521 3215 adhibenda.
558 3158 681 3233 Sanguis
701 3157 855 3216 mittendus
880 3166 941 3223 est;
966 3166 995 3215 et
1017 3157 1040 3214 si
1056 3155 1146 3215 nihilo

149 3243 241 3300 minus
262 3258 299 3299 ex
322 3256 373 3298 ore
396 3242 559 3317 processit,
583 3244 683 3299 iterum
700 3241 862 3318 tertioque,
888 3250 915 3299 et
933 3240 1062 3318 quotidie
1078 3257 1183 3317 pau-as

149 3324 207 3384 lum
225 3323 350 3402 aliquid:
372 3325 502 3402 protinus
523 3333 615 3385 autem
636 3324 723 3383 debet
746 3323 867 3383 sorbere
882 3324 930 3383 vel
946 3334 1076 3398 acetum,
1099 3322 1148 3382 vel

151 3425 214 3466 cum
234 3416 297 3467 ture
323 3408 496 3486 plantaginis
519 3417 565 3468 aut
587 3410 666 3487 porri
689 3425 818 3477 succum;
842 3408 1073 3487 imponendaque
1096 3425 1148 3465 ex·

149 3491 292 3550 trinsecus
310 3510 397 3571 supra
411 3493 439 3551 id
455 3491 531 3569 quod
547 3491 645 3568 dolet,
670 3491 734 3551 lana
750 3491 868 3550 succida
883 3510 920 3551 ex
936 3501 1020 3552 aceto
1037 3500 1098 3566 est,
1118 3499 1150 3551 et
