2414 3924
475 213 695 278 ...6-

95 358 361 438 apollegmatizahis
397 357 455 419 hoc
495 357 591 418 modo.
647 357 817 438 cyclaminis
855 357 965 419 herbae
1002 358 1111 420 radicis

8 478 23 502 .
39 462 78 501 zoe
96 466 201 508 sucum
224 455 255 509 et
277 448 386 508 radicis
408 446 494 508 hetae
518 465 625 507 sucum
644 446 650 522 l
669 449 701 507 in
729 465 822 507 unum
848 446 1056 508 commiscebis
1081 456 1111 509 et

96 537 228 616 tepidum
258 536 373 597 sedenti
398 538 569 615 resupinato
598 537 693 614 capite
717 536 839 596 naribus
867 535 1015 597 infundes.
1057 535 1111 596 sed

95 632 213 704 oportet
239 627 371 704 primum
398 624 521 685 calidam
548 623 674 684 mulsam
702 626 733 684 in
756 643 809 684 ore
836 625 948 685 inferre
978 624 1023 684 vel
1045 638 1110 704 gar·

67 716 238 794 egumeno,
271 732 308 773 ne
343 713 491 773 descensu
519 712 728 772 medicamenti
755 713 791 773 ad
820 713 978 774 inferiores
1009 720 1111 792 partes

93 821 148 883 per
167 819 254 862 nares
274 803 389 880 accepti
406 800 569 880 plurimum
587 801 689 861 fauces
707 800 842 862 adurant.
878 808 950 862 tuuc
968 801 1109 863 inclinato

94 893 189 970 capite
213 909 268 970 per
291 907 325 950 os
348 897 399 950 aut
422 907 510 950 nares
532 889 689 950 humorem
713 889 874 951 decurrere
897 891 1038 951 dimittes.
1084 893 1111 952 si

93 997 164 1039 vero
187 986 284 1040 totum
308 986 397 1058 caput
423 978 564 1060 doluerit,
592 978 757 1038 cavendum
784 997 801 1038 a
829 978 1036 1059 cataplasmate
1064 979 1110 1040 vel

93 1067 279 1128 diversarum
306 1084 409 1128 rerum
435 1065 690 1147 vaporationibus‚
718 1069 843 1128 maxime
873 1069 904 1128 in
932 1070 958 1128 is
991 1071 1043 1147 qui
1073 1087 1110 1129 ex

54 1169 80 1207 10
93 1156 278 1235 plenitudiue
315 1157 420 1234 capitis
456 1153 599 1216 laborant.
648 1152 867 1216 observandum
904 1158 994 1217 etiam
1030 1165 1061 1218 et
1093 1176 1109 1216 a

93 1245 275 1304 comestione
303 1242 388 1304 lactis
411 1243 456 1304 vel
479 1242 516 1303 ab
539 1245 583 1304 eis
613 1240 690 1323 quae
713 1244 849 1305 similiter
871 1245 996 1324 implere
1020 1254 1109 1325 eaput

92 1339 259 1397 noscuntur
277 1340 307 1392 et
326 1334 407 1392 omni
425 1333 598 1393 nervositati
616 1335 765 1393 contraria
783 1331 962 1414 probantur,
985 1342 1019 1395 ut
1038 1343 1108 1394 sunt

92 1438 186 1481 nuces
208 1420 352 1499 palmulae
376 1419 515 1481 lenticula
542 1439 629 1500 oryza
657 1421 786 1482 carduus
809 1421 902 1482 olivae
929 1421 1054 1500 nigellae
1079 1431 1109 1483 et

93 1507 140 1568 his
163 1509 277 1569 similia.

53 1609 79 1649 15
182 1600 292 1658 sivero
311 1598 397 1658 dolor
414 1600 535 1659 minime
554 1598 646 1659 luerit
660 1597 808 1679 exclusus,
826 1598 936 1677 cyclica
954 1601 1108 1660 curatione

93 1687 151 1746 erit
174 1685 367 1765 depellendus
390 1686 447 1747 hoc
470 1687 566 1747 modo.
603 1689 634 1746 in
657 1689 762 1766 primis
781 1686 985 1766 capillaturam
1003 1691 1109 1767 capitis

92 1773 237 1834 detondes
260 1781 292 1835 et
313 1775 413 1854 rades,
437 1783 468 1836 et
490 1777 515 1836 si
540 1777 684 1836 ieiunium
703 1777 824 1835 minime
848 1776 928 1836 ferre
946 1779 1109 1857 potuerint,

93 1862 219 1924 asolito
244 1865 342 1924 miuus
366 1863 466 1925 cibum
489 1865 647 1942 accipiant,
670 1861 796 1924 inhibito
820 1865 888 1924 vino
917 1882 992 1942 aqua
1015 1865 1108 1925 calida
1140 1879 1144 1884 ·

90 1951 215 2029 potabis,
253 1959 325 2013 tunc
344 1952 475 2013 secunda
497 1951 544 2012 rel
565 1953 654 2012 tertia
677 1951 724 2012 die
744 1953 1018 2032 anagargarismatis
1037 1971 1107 2013 con-

51 2054 77 2093 20
91 2039 219 2101 lectione
247 2041 296 2101 dia
322 2059 416 2120 ysopu
444 2040 588 2121 appellata
615 2058 670 2120 per
692 2039 821 2120 palatum
844 2039 999 2122 purgabis,
1028 2040 1109 2119 quod

163 2268 177 2316 1
198 2262 470 2333 apoflegmetizebis:
498 2279 656 2333 suprascr.
675 2262 874 2334 p⁰1dilegmn
895 2264 1002 2318 iectere
1020 2264 1109 2319 facies

90 2333 321 2405 (epoil'eaticabis
335 2352 371 2403 9,
395 2335 629 2403 upoflemenmbis
653 2334 686 2402 c).
776 2340 793 2387 2
818 2334 884 2408 betp
907 2334 948 2404 (rd
971 2334 1108 2406 plantago

89 2403 180 2458 maior
201 2420 289 2473 supro
311 2421 363 2460 ser.
381 2409 422 2477 9⁰)
460 2408 509 2476 (c)=
535 2406 642 2475 beoep
660 2410 686 2460 et
702 2420 790 2474 supro
808 2407 873 2460 nete
886 2413 930 2475 12⁰.
1021 2425 1108 2461 unum

80 2469 134 2545 ‘pez
154 2491 203 2531 om.
219 2492 250 2544 9.
323 2475 486 2531 commisces
505 2493 565 2548 pop.
651 2475 811 2530 Binfundee
829 2493 856 2545 9,
877 2477 959 2530 ——des
974 2493 1009 2545 p:
1029 2478 1108 2532 —dis

89 2562 112 2599 c.
185 2545 315 2600 tinore
332 2547 434 2602 inferre
452 2565 478 2618 9,
497 2547 527 2602 in
544 2549 613 2603 hore
632 2547 704 2602 ferre
718 2564 749 2615 9,
768 2546 798 2600 in
813 2563 860 2601 ore
873 2546 961 2602 feroc
979 2549 1038 2616 (qui
1056 2565 1107 2603 om.

88 2617 154 2685 vel).
227 2617 447 2673 bdeseendendi
466 2636 488 2674 e.
562 2619 700 2674 tederet
708 2634 739 2686 9,
760 2618 839 2672 -ret
856 2633 878 2673 c.
952 2624 1037 2688 iper
1056 2619 1108 2674 hoe

83 2705 115 2758 9,
187 2688 317 2743 humores
336 2706 357 2744 c.
449 2688 569 2744 dimittis
587 2707 632 2761 99,
650 2689 799 2758 permittes
817 2704 840 2743 c.
930 2689 1108 2758 8cctaplas·

88 2760 165 2812 mete
183 2776 213 2828 p:
232 2762 300 2813 —tr‘i
317 2766 389 2831 9⁰pe.
481 2761 553 2817 eis:
572 2761 616 2815 his
634 2776 694 2831 ppo.
787 2765 820 2812 10
840 2760 869 2813 et
886 2775 937 2815 om.
953 2776 998 2828 9ο.
1090 2777 1108 2814 a

88 2829 315 2900 cdm<est>tione
332 2849 358 2902 9,
378 2848 396 2886 a
414 2832 584 2887 comestione
603 2848 626 2899 c,
645 2847 663 2884 a
681 2829 880 2885 commixtione
902 2848 930 2899 p.
1004 2837 1036 2884 11
1056 2830 1108 2884 im-

87 2899 165 2968 plere
184 2916 234 2955 cm.
254 2917 276 2955 e.
355 2909 388 2956 12
403 2904 521 2958 noscunt
535 2905 564 2958 et
577 2918 689 2957 omnem
708 2902 792 2973 (οἵη)
811 2901 982 2956 nervositate
1002 2902 1108 2965 9trerie

87 2971 122 3039 (t)
141 2972 264 3039 probant
281 2989 303 3027 c.
391 2974 467 3028 omni
484 2990 535 3028 om.
554 2991 581 3044 9.
668 2971 899 3041 131entioulep.
986 2972 1061 3026 oriza
1079 2989 1107 3026 ce

87 3041 174 3095 orinia
186 3059 231 3112 99.
304 3045 389 3098 cardui
403 3061 463 3115 ppo.
546 3049 578 3098 15
594 3043 692 3098 ciclica
705 3057 764 3114 ppc.
797 3044 832 3110 cs.
848 3042 877 3097 0.
887 3042 923 3097 A.
935 3059 966 3111 9.
980 3046 1039 3098 275
1052 3059 1107 3112 sqq.

89 3118 120 3166 17
140 3113 212 3167 ferre
231 3113 347 3170 minime
360 3133 392 3184 9.
484 3120 516 3169 18
536 3131 553 3169 a
571 3130 623 3169 om.
638 3131 669 3183 9.
760 3113 867 3167 cibum:
897 3113 960 3168 cibo
978 3131 1011 3184 9,
1031 3113 1109 3168 cibos

82 3185 182 3252 met).
254 3185 377 3240 inhibito
396 3203 421 3240 c:
440 3185 542 3240 inibito
560 3203 587 3256 9,
605 3185 728 3240 iunibito
741 3200 773 3253 9.
864 3199 967 3252 equam
985 3183 1108 3239 calidum

87 3256 188 3321 potent
201 3273 232 3324 9.
316 3263 348 3310 19
368 3257 414 3312 vel
431 3272 477 3326 pc:
499 3258 549 3311 eut
562 3273 592 3326 9.
685 3255 731 3310 die
749 3271 799 3310 om.
814 3272 845 3323 9.
936 3271 991 3308 ena
1008 3271 1060 3309 om.
1075 3272 1106 3323 9.

87 3327 347 3396 anegergerismate
361 3343 383 3381 c.
457 3327 631 3382 confectione
646 3328 736 3394 (—oe)
747 3343 782 3394 p:
802 3325 941 3380 confectio
957 3341 997 3396 pe.
1071 3331 1107 3379 20

86 3402 175 3464 ysopi
193 3415 219 3466 9,
238 3398 334 3467 180999
352 3413 374 3465 c,
393 3397 475 3466 ysopi
488 3414 519 3466 9.
592 3397 739 3468 appellati
757 3413 804 3467 pe:
825 3397 884 3450 -ti
897 3414 929 3466 9.
970 3395 1108 3466 appellati

88 3495 122 3505 —
140 3467 198 3527 3X
216 3482 267 3523 om.
281 3484 312 3535 9.
332 3468 388 3534 (sed
405 3469 495 3536 suppl.
510 3475 546 3538 9ο
564 3470 596 3523 iu
613 3471 721 3538 ortorp).
