2414 3924
530 170 748 235 „72-

131 316 214 378 dicae
247 311 298 377 sc*r
324 314 350 376 ll
379 313 496 376 coliculi
525 333 598 376 suco
630 314 752 395 colliges
784 323 814 377 et
842 317 933 378 facies
950 314 1085 395 vcollyria
1117 316 1149 375 in

131 405 253 466 modum
276 402 359 465 fabae
382 404 535 483 aegyptiae
558 405 643 464 etin
666 402 728 464 sole
752 403 886 466 siccabis.
912 398 916 487 l

364 550 512 614 XXXIIII.
546 553 594 613 lu
617 556 745 614 tussim
768 554 912 615 aridam.

39 648 116 741 ‘02¹2'
127 730 132 741 ,
222 669 326 731 Tussis
361 669 443 729 arida
476 687 492 728 a
525 667 646 729 Graecis
682 667 865 730 xerobecbes
904 669 1082 751 appellatur,
1119 679 1150 731 et

106 760 306 839 sagnoscitnr
333 759 472 837 quotiens
495 774 565 818 cum
592 774 684 836 parvo
710 757 847 836 flegmate
871 766 902 819 et
929 759 1060 820 faucium
1083 766 1148 820 ten-

133 850 216 914 sione
231 855 262 908 et
276 845 434 929 gravedine
453 853 484 906 et
501 846 593 906 nimia
610 844 740 906 thoracis
759 848 972 908 constrictione
987 865 1023 907 ex
1041 849 1150 908 viscosi

133 936 278 1015 flegmatis
306 935 456 995 infusione
484 942 566 1015 nata,
592 951 683 1013 quam
710 932 815 995 Graeci
843 937 990 1001 catarrian
1017 938 1078 996 sive
1102 953 1149 996 ea·

133 1033 237 1086 tarrun
253 1030 368 1084 vocant.
404 1020 561 1101 aliquando
579 1029 610 1083 et
627 1040 643 1082 a
662 1032 746 1102 tergo
765 1021 899 1084 dolorem
917 1026 996 1085 inter
1014 1024 1152 1103 scapulas

134 1115 281 1193 sentiunt,
309 1110 390 1192 quod
417 1110 523 1172 Graeci
548 1110 734 1171 metalrenon
761 1110 874 1172 dicunt.
919 1113 1065 1190 contingit
1091 1112 1150 1173 fre·

94 1217 121 1256 ιο
135 1208 263 1281 quenter
277 1219 313 1262 ex
327 1200 517 1262 antecedenti
528 1199 723 1279 perfrictione
737 1207 814 1261 aute
825 1202 975 1261 contrario
985 1200 1151 1261 adustione.

135 1291 244 1351 etenim
264 1291 360 1348 omnis
382 1289 476 1368 frigor
498 1287 623 1348 cerebro
646 1287 803 1349 humorem
823 1288 1023 1367 flegmaticum
1046 1291 1154 1370 nutrit,

135 1376 297 1438 identidem
311 1378 421 1437 nimius
436 1375 567 1437 calores
581 1375 722 1436 calefacto
737 1375 862 1437 cerebro
876 1377 1033 1438 humorem
1047 1395 1152 1456 supra·

135 1465 248 1526 dietum
271 1464 308 1526 ad
330 1464 489 1525 inferiores
511 1472 613 1544 partes
635 1463 828 1543 liquefactum
851 1464 981 1526 dimittit.

224 1552 485 1615 incusationibus
507 1570 578 1617 sero
602 1559 721 1632 oportet
748 1555 779 1613 in
807 1555 872 1632 ipso
895 1555 981 1614 initio
1004 1553 1154 1633 penicillis

96 1657 123 1696 1⁵
136 1641 238 1703 calidis
270 1641 300 1702 id
328 1637 375 1702 es't
402 1640 496 1702 calida
523 1658 601 1720 aqua
627 1643 777 1720 expressis
804 1641 861 1702 snb
888 1649 990 1702 mento
1022 1645 1155 1721 gutturis

135 1739 250 1812 partes,
273 1748 346 1809 quas
370 1728 475 1791 Graeci
498 1737 660 1790 antereona
681 1738 802 1810 vocant,
825 1730 939 1791 alterna
961 1733 1155 1810 vaporatione

136 1827 262 1880 mutare.
299 1821 387 1880 etiam
411 1826 441 1880 et
464 1820 510 1879 ori
531 1819 646 1898 patenti
669 1824 702 1878 et
723 1817 845 1879 naribus
870 1818 1026 1898 penicillos
1049 1837 1154 1898 supra·

137 1909 233 1968 dictos
256 1905 367 1969 calidos
391 1909 530 1987 congruit
555 1904 757 1967 laborantibus
781 1906 943 1986 applicare,
973 1915 1003 1967 et
1028 1925 1081 1968 eos
1104 1908 1154 1968 ad·

137 2015 259 2058 monere
283 2006 317 2058 ut
339 1997 375 2058 ad
399 2004 495 2058 semet
521 1998 603 2075 ipsos
631 1996 770 2075 spiritum
793 1997 910 2074 vaporis
933 1997 1063 2075 rapiant,
1094 2013 1157 2075 quo

98 2100 125 2140 ro
139 2087 255 2165 possint
285 2087 428 2146 interiora
461 2085 597 2164 corporis
629 2082 775 2163 membra,
812 2100 887 2162 qnae
921 2082 1026 2144 Graeci
1060 2087 1157 2144 moria

139 2180 258 2246 vocant,
297 2171 486 2234 relaxationis
518 2171 702 2251 indulgentia
733 2170 867 2232 relevari.
918 2179 987 2250 post
1009 2171 1092 2232 baec
1125 2180 1156 2232 et

139 2262 405 2340 anagargarismata
434 2269 524 2322 erunt
552 2260 702 2320 offerenda
728 2277 764 2320 ex
792 2277 867 2339 aqna
890 2259 986 2320 mulsa
1008 2258 1101 2321 calida
1124 2268 1158 2320 et

140 2349 314 2410 decoctione
337 2348 386 2409 fici
405 2357 434 2410 et
449 2350 541 2428 ,ysopi
560 2355 612 2409 aut
630 2367 667 2409 ex
686 2349 859 2410 decoctione
880 2350 995 2427 origani
1014 2356 1045 2408 et
1062 2347 1156 2427 thymi

141 2445 171 2498 et
194 2436 372 2518 gliquiritiae
396 2444 427 2498 et
448 2436 496 2499 bis
519 2435 634 2498 similia.

213 2574 329 2654 leofau
343 2570 467 2654 cp)licnli
479 2589 505 2654 p.
579 2572 690 2654 colligis
706 2574 736 2628 et
752 2570 823 2626 facis
836 2586 896 2640 pap.
923 2642 928 2653 ¹
969 2570 1079 2654 collirio
1095 2587 1158 2640 pap.

140 2644 506 2769 frustrarat
524 2658 613 2782 fixi
637 2659 734 2767 Ψ
757 2659 781 2767 ⁶³·
807 2646 982 2766 nette
996 2658 1161 2783 ‘aare

141 2786 178 2852 (et
199 2785 257 2839 ind.
277 2785 325 2854 p):
353 2783 398 2839 Ad
424 2783 525 2838 tussim
553 2783 655 2838 siccam
679 2800 737 2852 ep·
829 2788 847 2837 4
875 2782 955 2838 arida
978 2800 1006 2838 c:
1036 2783 1110 2838 sicca
1125 2800 1157 2851 p,

141 2871 237 2980 tlt·
254 2941 300 2994 ρο,
315 2854 486 2995 tellit
503 2854 839 2994 litteraturae
855 2854 1081 3008 afflatae.
1098 2860 1161 2980 avt

143 2998 284 3050 catomum
301 3012 361 3066 pop.
434 2996 593 3065 9q(quod)
608 3013 654 3066 ep:
673 3013 757 3065 quem
773 3012 799 3066 p.
872 3000 906 3048 10
919 2995 1117 3064 perfunctione
1126 3012 1158 3064 p.

145 3074 177 3122 11
201 3067 308 3137 frigdor
327 3083 368 3137 cp.
453 3066 551 3123 nubit.
583 3067 741 3123 Identidem
759 3068 820 3136 (sic)
838 3082 856 3136 p
873 3067 991 3135 (μείω
1008 3067 1158 3135 interpr).

145 3144 176 3192 13
197 3137 316 3193 dimittit
332 3154 396 3209 pop:
416 3136 532 3206 deponit
552 3137 626 3194 Petr.
709 3142 742 3192 to
762 3138 888 3192 mentum
907 3139 968 3206 (alc)
986 3154 1046 3208 pop.
1125 3142 1161 3190 1o

143 3210 315 3264 anthereona
323 3225 355 3278 p,
369 3209 499 3264 anmema
508 3225 529 3263 c.
604 3214 637 3264 18
651 3224 811 3264 ammonere
826 3207 990 3277 (immunera
1006 3210 1031 3275 e)
1046 3207 1086 3262 sic
1098 3223 1159 3276 pop.

143 3287 178 3335 20
197 3281 305 3336 morian
325 3297 351 3349 p.
424 3285 458 3361 2?
478 3279 596 3363 ettdec.
613 3281 659 3350 f.)=
679 3295 773 3363 expe,
792 3280 821 3333 et
839 3294 875 3361 e}
887 3295 919 3348 p.
969 3284 1031 3361 ‘223
1049 3278 1118 3361 licus
1136 3294 1159 3334 c.

143 3367 311 3490 ffhb'ssfip,
356 3357 391 3406 24
410 3351 588 3421 ghqmncree
605 3368 636 3420 9:
655 3352 807 3421 ghrro1ec‚
826 3349 881 3418 bqr
894 3367 926 3419 p.
1006 3349 1111 3404 armabo
1128 3366 1162 3419 p:
