2414 3924
435 240 769 290 nun.r.rnoonmrunr.
1087 239 1106 298 5

102 396 255 456 etiamnum
270 393 372 470 spiritu
388 405 571 474 remanente,
585 414 635 473 ea,
652 414 725 475 quae
742 406 841 458 natura
856 407 923 459 ante
940 399 1104 480 clausisset,

103 495 262 557 eorumque
277 479 419 557 positum,
439 478 585 557 colorem,
603 479 739 558 liguram,
762 483 1001 562 magnitudinem,
1029 486 1105 546 ordi·

102 581 177 640 nem,
193 561 339 638 duritiem,
363 562 530 639 mollitiem,
555 564 719 642 laevorem,
746 575 922 636 contactum;
946 586 1106 646 processus

101 645 206 709 deinde
222 643 401 722 singulorum
415 655 445 706 et
460 665 611 724 recessus,
637 658 666 709 et
685 650 747 708 sive
770 649 836 727 quid
857 652 992 712 inseritur
1010 653 1105 733 alteri,

76 735 166 793 asine
181 728 249 809 quid
264 737 376 807 partem
392 729 510 790 alterius
531 733 560 791 in
580 749 612 790 se
633 733 748 811 recipit.
788 732 892 813 Neque
913 737 1001 814 enim,
1018 756 1104 816 quum

100 815 187 877 dolor
200 815 276 873 intus
294 813 407 890 incidit,
431 816 509 875 scire
530 816 597 894 quid
617 815 732 893 doleat,
753 835 834 893 eum,
858 820 920 897 qui,
944 838 1000 899 qua
1021 831 1104 901 parte

99 897 236 981 quodque
251 897 348 956 riscus
363 899 565 958 intestinumve
581 899 633 975 sit,
652 918 709 960 non
726 904 914 979 cognoverit:
945 922 1039 983 neque
1057 925 1104 965 cu·

99 985 157 1046 rari
176 982 214 1058 id,
231 980 308 1059 quod
322 999 442 1059 aegrum
458 991 512 1060 est,
530 1000 620 1062 posse
640 983 741 1060 abeo,
759 987 815 1064 qui,
829 984 896 1065 quid
914 988 960 1063 sit,
976 989 1103 1065 ignoret.

99 1068 137 1130 Et
160 1083 246 1147 quum
270 1083 324 1144 per
346 1065 447 1126 vulnus
467 1066 587 1142 alicujus
611 1069 724 1128 viscera
746 1069 892 1147 patefacta
920 1079 997 1148 sunt,
1027 1090 1103 1149 eum,

65 1168 88 1208 ro
99 1154 149 1233 qni
165 1167 253 1212 sanae
269 1149 409 1228 cujusque
426 1150 555 1210 colorem
573 1153 662 1229 partis
679 1154 810 1231 ignoret,
834 1156 949 1215 nescire
973 1155 1041 1235 quid
1062 1159 1103 1216 irr-

99 1247 230 1314 tegrum,
247 1233 313 1312 quid
330 1243 496 1312 corruptum
510 1236 559 1304 sit;
582 1236 621 1296 ita
636 1254 673 1295 ne
692 1254 866 1296 succurrere
883 1239 998 1318 quidem
1013 1258 1104 1320 posse

99 1319 255 1398 corruptis.
285 1317 447 1396 Aptiusque
471 1320 653 1379 extrinsecus
676 1321 784 1400 imponi
804 1323 947 1400 remedia,
970 1342 1102 1404 comper·

98 1406 134 1464 tis
150 1403 316 1462 interiorum
334 1409 363 1461 et
378 1401 496 1462 sedibus
511 1411 540 1462 et
556 1403 666 1481 figuris,
686 1405 861 1483 cognitaque
878 1425 978 1467 eorum
994 1409 1103 1487 magni·

98 1487 211 1549 tudine:
228 1485 396 1565 similesque
414 1488 524 1561 omnia,
541 1505 614 1565 quae
633 1489 733 1568 {intus}
759 1492 854 1566 posita
869 1500 951 1569 sunt,
974 1494 1103 1552 rationes

65 1571 216 1633 rehabere.
246 1569 349 1649 Neque
365 1587 431 1629 esse
448 1569 581 1646 crudele,
601 1572 674 1631 siout
695 1572 826 1650 plerique
851 1585 1032 1654 proponunt,
1052 1576 1102 1636 bo·

97 1658 203 1716 minum
219 1655 393 1731 nocentium,
407 1663 435 1712 et
448 1653 548 1714 horum
560 1672 676 1735 quoque
690 1674 865 1734 paucorum,
881 1660 1044 1737 suppliciis,
1056 1679 1101 1719 re·

96 1739 191 1800 media
207 1737 326 1817 populis
340 1737 541 1797 innocentibus
560 1739 742 1798 saeculorum
760 1741 884 1801 omnium
898 1743 1009 1819 quaeri.

159 1821 266 1884 Contra
281 1823 319 1898 ii,
342 1823 390 1899 qui
408 1840 440 1881 se
459 1813 671 1902 ἐμπειρικούς
688 1823 723 1882 ab
743 1825 924 1901 experientia
944 1827 1100 1901 nominant,

98 1908 249 1969 evidentes
264 1905 378 1986 quidem
394 1924 511 1982 causas,
528 1915 557 1964 ut
572 1907 772 1982 necessarias,
796 1907 1023 1985 amplectuntur:
1050 1907 1101 1967 ob·

61 2008 88 2050 ao
99 2008 248 2053 scuranum
264 2007 336 2049 vero
355 2008 503 2050 oausarum
517 1998 546 2049 et
561 1990 731 2050 naturalium
743 1992 886 2050 actionum
901 1993 1102 2069 quaestionem

97 2076 163 2136 ideo
180 2092 389 2154 superuacuam
404 2092 472 2134 esse
485 2073 673 2151 contendunt,
690 2076 823 2154 quoniam
838 2093 895 2148 non
909 2076 1101 2155 comprehen-

97 2160 190 2221 sibilis
204 2167 303 2218 natura
321 2159 367 2217 sit.
402 2158 468 2218 Non
492 2164 580 2238 posse
603 2176 674 2218 vero
699 2159 919 2239 comprehendi,
942 2169 1044 2239 patere
1065 2178 1103 2218 ex

98 2263 213 2320 eorum,
236 2242 337 2321 quide
355 2242 398 2301 bis
416 2243 612 2321 disputarunt,
638 2243 796 2312 discordia;
822 2262 907 2323 quum
924 2245 960 2304 de
979 2246 1034 2304 ista
1058 2262 1100 2320 re,

97 2346 192 2408 neque
207 2330 282 2386 inter
298 2328 456 2405 sapientiae
474 2327 675 2406 professores,
697 2346 792 2406 neque
809 2330 883 2388 inter
904 2331 987 2409 ipsos
1012 2327 1101 2402 medi·⁴

60 2430 151 2474 accos
168 2412 330 2471 conveniat.
371 2409 429 2471 Cur
450 2413 523 2470 enim
547 2414 643 2490 potius
671 2413 773 2491 aliquis
794 2412 968 2491 Hippocrati
991 2413 1101 2490 credat,

98 2515 181 2576 quam
196 2493 379 2574 Herophilo?
396 2514 445 2554 cur
460 2495 526 2554 huie
541 2497 655 2573 potius,
678 2516 760 2575 quarn
778 2494 973 2575 Asclepiadi?
1005 2499 1035 2556 Si
1057 2514 1101 2555 ra·

98 2582 191 2640 tiones
208 2582 290 2658 sequi
307 2579 390 2655 velit,
410 2580 532 2638 omnium
548 2597 636 2657 posse
650 2581 741 2640 videri
759 2599 817 2640 non
835 2581 1059 2661 improbabiles;
1077 2580 1102 2638 si

99 2666 279 2740 curationes,
298 2662 333 2723 ab
351 2663 481 2722 omnibus
503 2663 546 2722 his
568 2681 675 2742 aegros
698 2665 855 2744 perductos
879 2685 946 2725 esse
969 2666 1004 2725 ad
1027 2666 1101 2725 sani·

97 2757 193 2809 tatem.
223 2746 264 2807 lta
288 2764 383 2824 neque
409 2747 609 2826 disputationi,
631 2767 725 2828 neque
747 2751 909 2810 auctoritati
932 2752 1102 2828 cujusquam

62 2833 183 2897 aolidem
201 2832 338 2909 derogari
354 2833 532 2910 oportuisse:
557 2834 642 2891 etiam
662 2834 822 2910 sapientiae
844 2834 992 2895 studiosos
1014 2834 1101 2893 maxi-

97 2935 161 2977 mos
176 2916 307 2976 medicos
323 2933 399 2991 esse,
418 2916 441 2975 si
456 2916 637 2975 ratiocinatio
653 2917 709 2976 hoc
725 2917 851 2984 faceret;
870 2936 945 2977 nunc
961 2919 1019 2978 illis
1036 2936 1100 2976 ver-

96 3003 133 3062 ba
157 3018 332 3079 superesse,
354 3000 459 3059 deesse
484 2998 615 3058 medendi
638 3001 796 3059 scientiam.
836 3001 960 3060 Differre
985 3018 1101 3079 quoque

97 3103 151 3165 pro
173 3093 273 3148 natura
297 3085 427 3144 locorum
452 3101 560 3161 genera
583 3082 758 3152 medicinae;
786 3094 815 3143 et
837 3083 912 3144 aliud
936 3103 1011 3162 opus
1033 3101 1101 3141 esse

96 3171 223 3245 Romae,
245 3168 320 3228 aliud
341 3169 370 3227 in
392 3168 546 3246 Aegypto,
565 3166 641 3226 alind
663 3167 690 3225 in
706 3165 807 3228 Gallia.
840 3168 924 3241 Quod
940 3171 964 3227 si
982 3165 1101 3225 morbos

61 3272 150 3315 aneae
168 3271 273 3313 causae
291 3253 439 3328 lacerent,
463 3270 537 3332 quae
560 3249 666 3329 ubique
688 3250 807 3310 eaedem
832 3261 946 3326 essent,
972 3247 1101 3308 remedia

97 3355 213 3416 quoque
231 3335 340 3415 ubique
365 3336 467 3397 eadem
488 3354 555 3396 esse
578 3335 724 3394 debuisse.
767 3335 863 3413 Saepe
890 3337 975 3394 etiam
997 3350 1101 3392 causas

95 3439 254 3501 apparere,
271 3430 301 3480 ut
318 3430 384 3499 puta
400 3420 590 3501 lippitudinis,
606 3420 749 3487 vulneris;
768 3437 863 3497 neque
880 3437 918 3478 ex
937 3419 980 3478 his
998 3425 1100 3496 patere

94 3504 273 3566 medicinam.
310 3504 394 3579 Quod
419 3507 443 3565 si
468 3506 616 3566 scientiam
638 3504 712 3564 banc
731 3521 790 3563 non
817 3502 950 3579 subjiciat
980 3500 1101 3562 evidens
