2414 3924
526 227 768 293 -102-

140 375 310 453 agnosoitur
341 380 441 434 autem
472 372 546 434 haec
577 375 676 453 passio
708 375 847 453 quotiens
880 373 991 451 aegroti
1022 370 1151 451 plurimo

140 461 257 523 fastidio
290 461 488 523 laboraverint
521 469 656 542 tempore
687 463 817 543 prolixo,
849 468 983 535 cessante
1017 463 1152 540 corporis

140 552 323 612 nutrimento
351 567 440 630 qnam
467 549 573 610 Graeci
600 551 723 611 atroiian
749 557 865 610 vocant.
909 548 947 608 oh
971 548 1151 628 diligentiam

142 657 212 700 vero
236 640 398 701 curationis
421 637 487 699 oleo
509 644 631 698 rutaceo
658 637 788 698 admixto
814 636 922 715 butyro
950 637 1097 716 tepefacto
1121 638 1152 697 in

114 729 285 789 canteriori
316 735 347 789 et
377 727 537 806 posteriori
568 733 652 804 parte
685 723 869 786 stomachum
901 723 1017 784 diurnis
1047 723 1152 785 diebus

141 832 313 895 perungues
331 822 362 876 et
383 814 458 874 lanis
476 812 595 873 mundis
618 811 682 875 loca
699 810 811 874 tutahis
830 820 860 873 et
878 810 1023 872 lasciabis.
1063 815 1152 874 etiam

142 913 172 965 et
198 921 254 984 per
280 903 439 964 interiores
465 900 580 980 podicis
602 908 703 982 partes
729 902 873 963 iniectum
896 901 1050 980 magnilica
1073 902 1152 962 iacit.

230 992 266 1052 ad
295 989 440 1052 stomachi
467 989 624 1051 defectum.
668 992 770 1052 vinum
798 988 940 1070 nigellum
966 997 998 1050 et
1027 990 1152 1050 fortissi-

141 1098 222 1141 mum
242 1086 272 1140 et
290 1095 448 1140 carnosum
467 1077 621 1140 calefacies
644 1081 674 1140 in
693 1095 762 1139 vase
781 1095 858 1139 novo
878 1085 973 1138 testeo
998 1086 1048 1139 aut
1071 1087 1152 1139 certe

101 1181 128 1220 1⁰
141 1186 233 1229 aeneo
262 1176 410 1247 magnato,
438 1174 468 1227 et
495 1165 602 1227 exinde
630 1169 761 1247 spongiis
792 1165 908 1227 duabus
934 1165 1089 1228 latioribus
1120 1185 1153 1226 ac

139 1254 266 1316 rudibus
284 1261 315 1315 et
338 1255 506 1316 concavatis
529 1255 642 1316 alterna
664 1257 828 1316 mutatione
851 1256 949 1334 ipsum
968 1255 1153 1316 stomachum

139 1343 245 1404 diebus
277 1343 375 1404 trihus
407 1351 458 1405 ant
490 1345 622 1424 quinque
654 1345 762 1405 ieiunis
789 1342 952 1422 raporahis.
996 1342 1152 1422 aliquando

139 1450 210 1492 vero
239 1434 265 1493 si
291 1430 359 1512 plus
386 1434 505 1492 virtutis
533 1433 631 1511 ipsum
658 1434 760 1493 vinum
787 1430 898 1493 hahere
920 1431 1063 1513 volneris,
1093 1450 1152 1511 quo

140 1522 235 1600 possit
257 1522 336 1582 vires
358 1518 520 1582 laborantis
543 1519 692 1601 depositas
715 1521 845 1601 erigere,
868 1521 983 1600 species
1006 1521 1153 1580 tonoticas

100 1619 127 1660 1⁵
141 1608 331 1690 admiscetis,
353 1608 384 1670 id
407 1615 454 1669 est
476 1609 614 1670 mastices
639 1625 730 1690 grana
753 1609 944 1689 sufficientia,
971 1607 1152 1670 absinthium

139 1699 303 1779 ponticum,
322 1697 417 1777 aloen,
440 1697 661 1779 squinanthum,
679 1705 835 1778 storacem,
858 1699 956 1758 omnia
977 1697 1013 1758 ad
1031 1696 1153 1756 modum

140 1788 240 1848 mittes
268 1794 298 1847 ct
326 1803 438 1865 coques
464 1787 497 1846 in
523 1786 592 1846 vino
619 1794 650 1847 et
677 1788 720 1848 sic
747 1783 912 1866 vaporahis.
952 1786 1048 1847 hieme
1081 1802 1152 1844 vero

139 1882 297 1954 postquam
328 1875 529 1955 vaporaveris,
562 1882 593 1935 et
618 1874 743 1935 nardino
771 1873 837 1935 oleo
869 1874 964 1936 calido
994 1875 1152 1936 summisso

140 1971 170 2023 et
196 1963 354 2043 dihgenter
381 1962 522 2024 calefacto
551 1980 722 2042 perungues
750 1965 847 2024 etsie
874 1980 1007 2043 purpura
1036 1965 1153 2042 operies

100 2064 127 2105 ro
140 2059 171 2111 et
193 2060 227 2111 ut
249 2052 311 2111 dixi
334 2050 478 2112 lasciahis.

31 2154 101 2202 mort·
114 2149 163 2192 VI*
231 2137 393 2215 [trociscus
416 2139 527 2199 iaciens
551 2139 587 2199 ad
611 2139 755 2201 stomachi
777 2141 906 2200 atoniam
929 2139 1017 2199 etad
1041 2141 1153 2199 ventris

139 2229 365 2288 reumatismum
387 2226 558 2287 infantibus.
600 2245 720 2290 masuca
743 2228 871 2289 coniecti
889 2226 925 2287 de
945 2226 1055 2287 ritihus
1078 2245 1151 2286 non·

209 2472 227 2520 2
245 2466 436 2522 laboraverint
453 2483 480 2539 9,
499 2472 600 2522 -runt
618 2484 640 2535 e,
658 2469 790 2524 laborent
803 2485 835 2537 9.
926 2474 942 2522 3
966 2484 1052 2537 quem
1070 2450 1100 2535 (d
1119 2469 1152 2535 9)

138 2554 188 2606 ep:
207 2537 341 2606 olquod)
361 2554 382 2593 c.
456 2537 581 2593 corcaien
594 2556 620 2608 9,
640 2538 759 2595 atrohan
778 2555 793 2593 c
811 2538 895 2608 (-fie
908 2540 951 2609 9).
1023 2543 1040 2593 4
1059 2537 1152 2592 oleum

139 2609 285 2663 rutnoeum
301 2625 332 2678 9,
356 2607 449 2663 oleum
467 2610 593 2664 rutecois
611 2626 639 2675 c,
662 2609 729 2664 ol’m
746 2610 860 2664 ruteeeo
874 2626 906 2680 9.
996 2608 1153 2664 admixtum

140 2677 301 2748 butirump
320 2680 384 2748 (—o
402 2682 454 2750 90).
527 2679 701 2750 tepefactum
718 2695 763 2750 99,
781 2681 847 2736 -to
866 2696 888 2736 c.
961 2679 1103 2735 odimnis
1122 2697 1152 2748 9:

139 2748 277 2803 diuturnis
295 2766 338 2818 cp.
423 2756 597 2820 dperunges
614 2767 664 2820 99,
684 2766 787 2822 -gues
806 2768 828 2806 c.
918 2751 1027 2808 tutabis
1044 2767 1090 2823 9c=
1108 2752 1154 2804 tu-

137 2819 218 2874 babis
237 2823 279 2889 (et
296 2824 407 2890 mmmm)
421 2837 452 2889 9.
542 2820 683 2876 linlceh‘r
701 2840 727 2893 9.
816 2823 983 2879 teolefncis
999 2841 1036 2894 99
1056 2821 1152 2890 (male-

138 2889 221 2945 factis
240 2891 274 2959 ο).
377 2891 407 2945 in
425 2908 474 2946 res
493 2908 598 2947 nonum
615 2895 738 2948 testeum
757 2893 849 2963 (inuos
863 2897 986 2950 testeum
1004 2909 1107 2947 novum
1126 2895 1152 2958 c)

138 2977 163 3016 s.
180 2977 202 3015 c.
217 2978 316 3016 cneum
331 2963 491 3032 stagnatum
505 2978 547 3031 cp.
621 2969 654 3018 12
669 2962 779 3020 ieiunus
792 2981 818 3034 9.
893 2970 926 3020 15
941 2963 1078 3019 admisces
1092 2978 1151 3030 yop.

138 3032 265 3088 mesticis
282 3049 315 3104 99
332 3035 395 3104 (—c
408 3036 450 3103 9).
524 3038 558 3089 16
576 3035 722 3104 ponticum
744 3052 795 3090 om.
814 3052 855 3104 ep.
928 3033 1106 3103 squinantum
1125 3050 1150 3102 9,

138 3103 198 3158 -ti
216 3121 244 3175 c,
263 3108 341 3160 -tos
354 3122 386 3174 9.
472 3109 504 3158 li
524 3103 614 3160 mittis
632 3122 682 3175 99,
701 3107 779 3162 —tes
798 3122 820 3162 c.
908 3103 1152 3170 reumatismo,

139 3175 276 3231 submisso
290 3192 331 3246 cp.
406 3181 438 3230 19
453 3191 591 3246 perunges
604 3193 649 3248 99,
666 3192 769 3246 -guos
783 3193 805 3231 e.
879 3174 971 3244 operis
985 3189 1044 3244 999.
1118 3179 1149 3226 21

137 3259 206 3314 seqq.
216 3248 347 3316 nequead
360 3264 385 3302 e.
394 3253 431 3302 10
440 3264 471 3316 9.
481 3251 536 3302 103
550 3249 710 3302 enodarunt
723 3248 755 3301 in
763 3262 790 3315 9.
854 3245 954 3301 aeonia
963 3263 986 3314 c,
1000 3246 1116 3314 ethome
1121 3262 1153 3312 9.

140 3319 173 3367 22
192 3333 306 3372 masuoa
324 3319 490 3388 (nooooxoih
509 3318 545 3385 cf.
564 3318 624 3372 Aet.
638 3322 685 3384 13,
702 3322 767 3372 118.
801 3316 881 3371 Alam.
902 3317 950 3372 Tr.
964 3334 995 3386 9.
1011 3321 1079 3372 322.
1098 3320 1153 3369 470

138 3382 208 3441 Bas.
222 3390 270 3440 etc.
329 3404 446 3444 moscus
458 3387 596 3444 confectio
608 3404 655 3442 ros
669 3386 780 3442 corticis
794 3387 925 3443 robustos
938 3388 990 3457 (sic
1002 3401 1082 3441 carso
1096 3403 1153 3440 uno

137 3475 202 3544 on.)
221 3489 248 3540 c,
271 3480 385 3530 meones
403 3463 528 3544 (mesdeo
547 3502 581 3522 ==
599 3477 747 3531 mansuete
760 3476 807 3545 12⁰)
831 3474 970 3532 confectio
995 3475 1031 3531 de
1049 3475 1155 3531 vitibus
