2414 3924
146 194 208 259 324
438 208 471 257 u.
483 178 513 255 o.
527 209 625 257 censu
644 209 839 257 uuoromxn

147 363 241 441 capite
257 378 291 420 oe
310 370 375 440 post
390 380 487 421 aurem
504 370 564 437 est,
585 380 640 440 qua
655 362 787 440 capillus,
806 371 836 421 ut
847 362 1004 423 verisimile
1019 372 1076 440 est,
1096 362 1137 424 ol)

63 478 67 484 ·
145 445 174 505 id
191 447 284 523 ipsum
300 462 357 504 uon
374 446 510 523 gignitur.
541 445 599 505 Sub
621 446 657 505 iis
678 463 795 522 quoque
817 446 972 522 musculis,
994 447 1042 523 qui
1063 456 1137 508 tem·

147 546 218 608 pora
234 536 420 603 connectunt,
434 531 599 586 osmedium
612 528 667 608 (ci.
677 528 739 589 Gal.
753 527 802 589 tte
815 528 950 605 ossibus,
965 539 995 589 et
1007 527 1137 592 Oribas.

147 611 227 674 cett.
245 611 322 671 med.
338 609 443 688 XXIV,
457 613 504 689 3),
523 614 552 671 in
567 614 740 672 exteriorem
756 622 869 690 partem
888 613 1065 692 inclinatum,
1083 633 1137 693 po·

147 698 231 756 situm
247 704 291 754 est
306 696 349 773 (o.
369 694 583 773 concisorme).
616 695 655 754 At
674 696 767 755 iacies
790 705 916 755 suturam
937 696 1025 756 habet
1045 700 1163 758 maxi-c

145 797 234 848 mam;
258 797 332 857 quae
358 797 374 838 a
392 788 523 856 tempore
545 780 702 856 incipiens,
720 797 773 856 per
788 779 900 839 medios
916 780 1018 840 oculos
1036 800 1138 841 nares-

146 882 202 942 que
221 871 387 921 transversa
405 862 584 940 pervenitad
602 861 723 921 alterum
746 871 869 941 tempus.
900 862 928 923 A
950 881 1006 941 qua
1027 864 1139 924 breves

146 947 218 1006 duae
235 945 287 1004 sub
310 946 493 1005 interioribus
512 945 627 1023 angulis
652 945 787 1005 deorsum
808 955 951 1023 spectant.
982 946 1020 1007 Et
1041 948 1139 1008 malae

147 1047 261 1108 quoque
277 1029 305 1087 in
321 1047 434 1088 summa
442 1038 524 1107 parte
540 1028 670 1105 singulas
684 1038 866 1089 transversas
882 1039 995 1090 suturas
1016 1030 1138 1091 habent.

145 1112 346 1188 Amediisque
361 1111 492 1188 naribus,
518 1122 565 1171 aut
581 1113 761 1191 superiorum
785 1111 910 1172 dentium
931 1116 1059 1191 gingivis
1082 1125 1174 1193 per1⁰

145 1194 266 1255 medium
283 1194 405 1271 palatum
419 1213 473 1254 una
491 1195 637 1273 procedit;
653 1195 765 1274 aliaque
776 1205 943 1256 transversa
964 1197 1039 1257 idem
1055 1198 1138 1274 pala·

146 1288 205 1338 turn
220 1287 309 1336 secat.
340 1276 378 1337 Et
390 1288 504 1338 suturae
527 1278 668 1357 quidem
660 1297 688 1337 ιιι
712 1279 841 1358 plurimis
858 1279 914 1339 hae
930 1289 1004 1340 sunt.
1032 1269 1148 1341 Fora·

145 1362 220 1420 mina
232 1364 404 1420 autemintra
415 1363 625 1439 caputmaxima
634 1362 784 1422 oculorum
793 1372 872 1432 sunt;
890 1363 995 1423 deinde
1008 1366 1137 1434 narium;

145 1454 283 1522 tumquae
292 1447 318 1502 in
328 1444 443 1504 auribus
453 1444 602 1504 habemus.
617 1444 956 1523 Exlrisquaeoculorum
969 1456 1044 1524 suut,
1053 1457 1139 1508 recta

146 1528 345 1606 simpliciaque
371 1528 406 1587 ad
434 1528 584 1588 cerebrum
608 1528 736 1590 tendunt.
768 1529 885 1589 Narium
911 1531 968 1591 duo
994 1531 1174 1593 foraminato

145 1630 214 1674 osse
236 1612 331 1672 medio
354 1611 571 1673 discernuntur:
601 1612 742 1690 siquidem
762 1613 818 1673 luae
833 1615 955 1691 primurn
971 1632 988 1674 a
1003 1617 1137 1691 superci-

144 1696 208 1773 liis,
230 1696 401 1774 anguiisque
430 1696 579 1756 oculorum
601 1713 669 1755 osse
683 1696 855 1757 inchoantur
877 1697 921 1757 ad
934 1699 1049 1757 tertiam
1071 1698 1150 1757 lere·

146 1789 270 1860 partem:
289 1778 392 1840 deinde
414 1780 441 1837 in
455 1780 653 1857 cartilaginem
665 1797 781 1857 versae,
804 1797 861 1858 quo
881 1782 1003 1858 propius
1023 1781 1070 1860 ori
1085 1780 1137 1840 de·

145 1863 301 1939 scendunt,
326 1880 362 1923 eo
388 1866 480 1940 magis
502 1864 655 1933 caruncula
678 1880 793 1941 quoque
814 1864 989 1924 molliuntur.
1022 1863 1082 1923 Sed
1101 1883 1138 1925 ea

144 1949 300 2022 foramina,
317 1964 392 2025 quae
408 1965 423 2006 a
440 1948 557 2008 summis
571 1947 607 2007 ad
628 1948 699 2006 imas
716 1965 802 2007 nares
825 1947 967 2026 simplicia
988 1956 1070 2024 sunt,
1093 1948 1172 2009 ibim

144 2050 243 2091 rursus
266 2033 294 2090 in
314 2029 381 2090 bina
401 2032 503 2091 itinera
525 2031 704 2091 dividuntur:
727 2030 840 2109 aliaque
858 2050 896 2090 ex
916 2031 960 2090 his
979 2031 1015 2090 ad
1032 2032 1138 2092 lauces

143 2115 259 2193 pervia,
277 2115 405 2191 spiritum
423 2124 452 2174 et
469 2115 591 2174 reddunt
605 2123 634 2173 et
649 2116 808 2192 accipiunt
836 2115 911 2190 alia,
928 2114 963 2173 ad
982 2114 1137 2175 cerebrum

143 2198 304 2274 tendentia,
333 2198 429 2258 ultima
453 2201 581 2278 partein
606 2197 693 2257 multa
717 2206 745 2256 et
773 2200 868 2258 tenuia
889 2198 1029 2274 foramina
1051 2198 1136 2258 dissi-

144 2290 260 2359 pautur,
275 2300 328 2359 per
344 2299 416 2359 qnae
433 2300 535 2341 sensus
551 2281 650 2341 odoris
669 2281 753 2341 nohis
769 2281 859 2342 datur
888 2279 921 2341 ln
933 2300 1002 2341 aure
1014 2300 1136 2380 quoque

144 2365 235 2442 primo
250 2373 360 2424 rectum
378 2375 407 2423 et
421 2365 545 2443 simplex
563 2367 628 2444 iter,
646 2365 835 2442 procedendo
852 2365 1029 2442 llexuosum,
1049 2367 1170 2442 jnxtau

144 2444 322 2505 cerebrum
314 2465 342 2504 ιιι
361 2447 447 2506 multa
469 2458 498 2507 et
518 2450 613 2507 tenuia
638 2449 778 2509 foramina
810 2449 968 2524 diducitur,
993 2467 1047 2527 per
1059 2468 1137 2528 quae

143 2527 264 2588 facultas
287 2528 418 2588 audiendi
443 2539 497 2591 est
526 2532 670 2610 Juxtaque
691 2550 726 2592 ea
747 2532 802 2592 duo
818 2532 931 2611 parvuli
953 2533 1036 2609 quasi
1054 2536 1135 2596 sinus

144 2621 222 2679 sunl;
243 2629 390 2690 superque
407 2631 459 2673 eos
471 2617 564 2675 linitur
581 2634 615 2675 os
616 2616 717 2695 ,quod
729 2625 953 2676 transversuma
969 2617 1054 2692 genis
1072 2625 1135 2676 ten·

144 2695 224 2771 dens,
234 2695 269 2754 ab
278 2695 461 2757 inferioribus
470 2699 755 2760 ossibussusttuetur
768 2699 873 2796 Jugale
883 2699 1136 2778 appellartpotest

143 2779 179 2838 ab
199 2779 299 2839 eadem
323 2780 522 2859 similitudine,
546 2802 562 2842 a
583 2800 638 2861 qua
658 2783 687 2843 id
704 2783 809 2844 Graeci
824 2774 958 2862 ζυγωμα
972 2782 1132 2861 appellant
1143 2806 1169 2846 co

142 2864 259 2925 Maxilla
274 2882 345 2924 vero
362 2874 405 2924 est
419 2866 556 2926 mulleos
559 2885 672 2944 ,eaque
686 2885 739 2926 una
757 2876 818 2926 est:
837 2865 1132 2941 cujuseademetme-

143 2948 205 3024 dia,
231 2958 260 3008 el
283 2951 336 3008 ima
360 2967 428 3027 pars
440 2959 563 3009 mentum
579 2958 637 3009 est:
662 2967 756 3028 aquo
781 2951 923 3027 utrimque
944 2947 1078 3028 procedit
1096 2948 1133 3008 ad

142 3042 286 3110 tempora;
305 3033 427 3111 solaque
448 3052 481 3093 ea
502 3042 641 3093 movetur.
675 3033 747 3093 Nam
769 3033 862 3092 malae
881 3051 945 3092 cum
967 3041 1028 3092 toto
1050 3049 1132 3106 osse,

144 3115 220 3193 quod
249 3118 416 3194 superiores
443 3116 544 3176 dentes
573 3119 677 3194 exigit,
712 3116 875 3177 immobiles
901 3125 976 3176 sunt.
1020 3117 1132 3176 Verum

143 3199 233 3275 ipsius
248 3200 381 3259 maxillae
397 3210 495 3279 partes
513 3210 658 3260 extremae
671 3203 752 3279 quasi
774 3200 910 3260 bicornes
940 3208 1014 3260 sunt.
1045 3199 1131 3259 Alter
1142 3223 1167 3266 m

142 3298 317 3360 processus,
343 3284 416 3342 inira
438 3285 540 3359 latior,
566 3287 677 3343 vertice
701 3286 765 3362 ipso
782 3293 931 3360 tenuatur,
954 3285 1134 3362 longiusque,

143 3366 307 3442 procedens
324 3366 375 3424 sub
392 3385 459 3426 osse
470 3368 562 3444 jugali
578 3367 662 3443 subit,
688 3376 716 3426 et
736 3385 824 3444 super
841 3368 869 3428 id
892 3379 1054 3446 temporum
1070 3386 1130 3426 mu·

143 3449 233 3509 sculis
253 3449 389 3526 illigatur.
425 3451 510 3512 Alter
527 3452 645 3511 brevior
662 3450 873 3529 et'rotundior,
896 3461 925 3512 et
949 3453 977 3511 in
998 3469 1035 3511 eo
1053 3454 1128 3527 sinu,
