2414 3924
426 228 494 272 nm.
511 227 558 274 1v.
580 226 656 274 car.
672 228 706 274 x.
723 228 769 273 xr.
1037 215 1093 278 133

99 383 177 456 cari,
194 389 223 440 ct
240 389 344 460 pectus
360 380 405 439 diu
424 380 598 458 perfricare:
625 391 691 459 post
706 382 779 442 haec
794 399 877 460 quam
890 384 1094 461 pinguissimae

99 469 171 527 ficus
186 466 284 525 uncias
300 473 360 523 tres
376 482 464 542 super
481 482 599 543 prunam
614 467 758 542 incoctas,
775 484 851 525 esse.
878 467 998 526 Praeter
1012 467 1094 546 haec,

100 552 124 610 si
140 549 254 610 humida
270 558 333 626 est,
356 557 478 626 prosunt
493 548 644 609 frictiones
659 549 771 609 validae
786 568 848 609 cum
864 550 1032 629 quibusdam
1048 570 1095 612 oa·

99 633 318 709 leiacientibus,
340 634 383 690 sio
405 642 436 692 ut
455 641 541 710 caput
563 651 678 710 quoque
693 634 775 693 simul
791 635 979 694 vehementer
993 636 1095 714 periri·

73 727 196 779 scetur:
220 718 288 777 item
310 716 507 776 cucurbitulae
531 719 643 795 pectori
663 717 810 789 admotae;
841 721 932 796 sinapi
954 737 991 777 ex
1013 730 1094 797 parte

98 803 247 862 exteriore
262 801 394 860 faucibus
409 802 586 878 impositum,
604 801 697 861 donec
711 803 816 862 leviter
828 803 991 872 exulceret;
1014 805 1094 881 potio

98 906 136 946 ex
150 893 264 960 menta,
283 885 463 963 nucibusque
477 886 593 962 graecis
608 895 636 943 et
651 887 762 961 amylo;
787 888 937 964 primoque
953 896 1094 947 assumtus

101 971 183 1049 panis
206 969 317 1044 aridus,
341 969 444 1028 deinde
468 969 572 1047 aliquis
594 969 675 1028 cibus
697 971 779 1030 lenis.
816 970 854 1029 ht
872 972 895 1028 si
914 971 992 1031 sicca
1007 973 1094 1031 tussis

100 1063 163 1129 est,
194 1071 276 1131 quum
303 1070 337 1112 ea
364 1052 619 1112 vehementissime
640 1063 741 1130 urget,
773 1054 888 1130 adjuvat
909 1057 965 1114 vini
988 1055 1095 1116 austeri

63 1159 87 1196 ro
100 1138 220 1213 cyathus
240 1144 398 1211 assumtus,
422 1136 486 1195 dum
507 1156 544 1195 ne
565 1137 686 1214 amplius
708 1137 753 1213 id,
776 1139 947 1216 interposito
963 1149 1095 1218 ternpore

97 1223 212 1300 aliquo,
235 1239 319 1300 quarn
339 1229 383 1280 ter
405 1230 452 1280 aut
475 1229 577 1299 quater
599 1221 661 1282 liat:
687 1224 755 1280 item
775 1221 878 1282 laseris
897 1241 980 1300 quarn
997 1224 1094 1302 optimi

97 1306 212 1385 paulurn
235 1306 379 1365 devorare
398 1321 471 1382 opus
495 1313 551 1373 est;
575 1304 655 1383 porri
670 1306 717 1365 vel
733 1306 867 1365 marrubii
883 1325 999 1366 succum
1013 1327 1093 1368 assu·

97 1408 193 1458 mere;
218 1388 329 1448 scillam
346 1387 512 1464 delingere;
537 1398 647 1448 acetum
664 1409 700 1448 ex
716 1408 767 1464 ea,
783 1391 831 1449 vel
850 1399 929 1449 certe
948 1410 1016 1452 acre
1032 1410 1093 1452 sor·

98 1474 186 1548 bere,
210 1481 258 1533 aut
281 1490 344 1532 cum
366 1473 447 1551 spica
472 1472 530 1531 allii
549 1475 663 1532 contriti
678 1473 751 1532 duos
766 1474 823 1532 vini
841 1475 971 1548 cyathos.
1008 1476 1093 1537 Utilis

63 1578 87 1616 15
99 1559 184 1617 etiarn
199 1558 227 1616 in
246 1557 320 1616 omni
337 1558 408 1616 tussi
424 1565 468 1615 est
484 1557 692 1633 peregrinatio,
708 1559 854 1634 navigatio
870 1558 957 1635 longa
975 1560 1030 1638 (ci.
1043 1558 1093 1637 lll,

99 1642 174 1722 22),
196 1641 263 1702 loca
283 1641 438 1716 maritima,
458 1642 634 1700 natationes:
665 1641 746 1700 cibus
768 1641 906 1701 interdurn
929 1643 1040 1718 mollis,
1064 1653 1094 1702 nt

98 1727 208 1800 malva,
230 1733 259 1784 ut
279 1725 386 1794 urtica;
408 1723 549 1783 interdum
571 1742 654 1800 acer,
677 1734 707 1784 ut
732 1725 777 1784 lac
801 1744 861 1784 curn
879 1726 946 1784 allio
966 1736 1092 1795 coctum;

99 1810 275 1869 sorbitiones
291 1808 394 1886 quibus
415 1808 492 1867 laser
514 1810 550 1867 sit
573 1806 732 1884 adjectum,
756 1818 803 1867 aut
819 1809 961 1887 inquibus
978 1828 1094 1888 porrum

100 1897 245 1953 incoctum
261 1891 399 1962 tabuerit;
416 1909 501 1952 ovum
517 1891 627 1950 sorbile
644 1892 782 1969 sulphure
795 1894 925 1968 adJ'ecto;
943 1896 1021 1970 potui
1037 1895 1093 1972 pri·

64 1997 89 2035 no
100 1997 176 2039 mum
189 1994 261 2056 aqua
271 1975 374 2051 calida,
389 1974 493 2035 deinde
504 1976 627 2035 invicem
641 1976 703 2035 aliis
716 1975 816 2034 diebus
826 1977 907 2053 haec,
921 1977 1093 2037 aliisvinum.

388 2214 572 2276 cneum
604 2214 808 2291 renuunt

427 2384 428 2387 ,
451 2333 487 2380 De
504 2331 637 2397 sanguinis
657 2341 741 2397 sputu.

161 2481 253 2559 Magis
275 2487 378 2543 terreri
402 2493 499 2562 potest
519 2485 639 2562 aliquis,
668 2502 751 2560 quum
775 2485 941 2561 sanguinem
964 2483 1093 2562 exspuit:

102 2569 152 2627 sed
176 2569 202 2627 id
225 2570 310 2629 modo
336 2571 444 2643 minus,
465 2567 551 2627 modo
572 2569 637 2646 plus
653 2570 776 2645 periculi
792 2569 886 2628 habet.
925 2566 992 2627 Exit
1007 2569 1094 2627 modo

65 2676 91 2713 us
102 2672 139 2712 ex
154 2654 296 2731 gingivis,
311 2653 396 2712 modo
415 2672 451 2711 ex
467 2670 534 2712 ore:
558 2662 587 2711 et
603 2651 715 2729 quidem
731 2672 768 2712 ex
783 2653 839 2712 hoc
854 2651 994 2711 interdum
1010 2655 1095 2712 etiam

103 2738 240 2814 copiose,
264 2737 315 2796 sed
336 2739 398 2796 sine
420 2739 507 2814 tussi,
531 2739 592 2795 sine
614 2737 731 2813 ulcere,
756 2737 818 2795 sine
839 2738 1017 2813 gingivarum
1036 2736 1095 2794 ullo

103 2822 187 2887 vitio;
211 2821 248 2879 ita
272 2830 301 2880 ut
320 2822 388 2881 nihil
410 2830 595 2880 exscrectur:
618 2838 717 2878 verum
739 2830 768 2879 ut
791 2839 828 2879 ex
844 2819 975 2894 naribus,
998 2820 1041 2877 sic
1058 2837 1096 2877 ex

102 2922 153 2964 ore
175 2903 325 2983 aliquando
347 2908 516 2984 prorumpit.
553 2904 649 2982 Atque
673 2903 812 2962 interdum
837 2905 954 2979 sanguis
970 2901 1095 2979 produit,

102 2988 241 3047 interdurn
262 2990 353 3049 simile
369 3007 460 3067 aquae
476 2987 623 3066 quiddam,
646 2989 745 3065 inqua
762 3005 829 3047 caro
845 3004 950 3046 recens
967 2985 1025 3044 lota
1041 2993 1094 3042 est.

67 3097 93 3136 ao
104 3072 320 3151 Nonnumquam
336 3084 429 3134 autem
447 3076 470 3131 is
486 3091 502 3132 a
518 3075 631 3132 summis
646 3071 776 3131 faucibus
791 3072 898 3144 fertur,
914 3069 999 3128 modo
1016 3068 1096 3126 exul-

102 3167 198 3217 cerata
225 3178 257 3218 ea
280 3168 379 3236 parte,
400 3157 486 3217 modo
511 3175 568 3218 non
591 3157 774 3222 exulcerata:
794 3154 845 3213 sed
869 3163 915 3213 aut
938 3170 988 3211 ore
1003 3169 1097 3210 venae

102 3243 221 3318 aliqu'us
239 3242 397 3320 adaperto,
413 3253 460 3302 aut
475 3241 632 3302 tuberculis
650 3238 817 3318 quibusdam
832 3238 923 3313 natis,
941 3254 1035 3314 exque
1052 3236 1095 3293 his

102 3329 240 3403 sanguine
263 3337 441 3405 erumpente.
480 3326 563 3399 Quod
587 3325 634 3383 ubi
655 3324 769 3399 incidit,
791 3339 886 3400 neque
906 3320 995 3379 laedit
1017 3322 1096 3398 potio

102 3420 148 3469 aut
170 3410 267 3485 cibus,
294 3429 389 3489 neque
414 3411 566 3489 quidquam
588 3419 617 3468 ut
639 3428 675 3469 ex
698 3409 798 3467 ulcere
820 3414 998 3465 exscreatur.
1036 3403 1096 3462 Ali·

66 3494 215 3573 saquando
238 3511 327 3570 vero,
354 3503 468 3570 gutture
491 3504 519 3553 et
541 3496 653 3553 arteriis
676 3495 720 3571 (id
740 3501 800 3570 est,
828 3507 944 3571 aspera
961 3488 1096 3565 arteria)
