2414 3924
119 181 163 245 44
367 192 414 238 nn
437 191 498 238 nm
521 190 653 238 uarum
676 189 752 236 car.
768 190 841 236 xxr.

123 336 196 404 diei,
214 336 265 412 qui
281 349 391 393 aunum
407 347 509 390 rerum
527 327 717 407 suppleturus
733 326 900 397 ridebatur,
924 328 1055 389 instituit
1068 335 1100 390 ut

123 427 244 498 peracto
257 415 434 495 quadrienni
446 415 573 474 circuitu
587 413 649 474 dies
662 429 748 482 nnus,
762 411 812 473 nbi
824 411 935 472 mensis
949 413 1099 492 quondam

124 502 255 570 solebat,
280 508 348 578 post
371 496 535 560 terminalia
557 495 800 566 intercalaretur,
832 495 913 574 quod
936 514 1020 558 nunc
1041 497 1099 559 his·

74 601 104 650 11
125 597 239 647 sextum
254 590 385 644 vocatur.
418 602 453 644 ex
468 582 526 642 hoc
543 599 620 641 anuo
643 583 681 641 ita
697 599 714 640 a
729 579 801 641 Iulio
818 581 945 642 Caesare
962 582 1099 642 ordinato

126 672 216 731 ceteri
236 667 273 727 ad
294 675 427 729 nostram
453 667 627 726 memoriam
648 665 753 725 Iuliani
774 663 977 744 appellantur,
1015 667 1128 745 eiqneo

126 759 310 829 consurgunt
336 769 372 810 ex
395 758 499 830 quarto
523 751 655 811 Caesaris
677 749 840 810 consulatu.
887 751 937 826 qni
966 751 1100 812 etiamsi

127 838 238 916 optimo
256 860 270 896 e
288 860 318 909 a,
334 853 394 894 non
406 834 460 894 soli
476 841 574 895 tamen
591 834 627 894 ed
643 850 753 894 aunum
769 843 892 895 naturae
908 836 1003 913 aptati
1018 842 1099 895 sunt:

126 939 194 982 uam
212 928 240 981 et
255 921 371 998 priores
387 919 470 988 anni,
488 920 574 979 etiam
591 919 681 998 siqui
697 917 956 980 decemmenstres·
969 917 1099 988 inerunt,

127 1024 183 1066 nec
204 1004 316 1064 Romae
343 999 439 1064 modo
458 1002 503 1062 vel
532 1021 585 1081 per
606 1002 734 1073 ltaliam,
772 1002 824 1062 sed
852 1010 880 1062 et
901 1009 974 1085 aput
997 1013 1101 1080 gentes

79 1102 246 1159 tuomum,
269 1095 412 1167 quantum
435 1095 564 1165 poterat,
586 1086 665 1147 idem
686 1085 808 1147 suerunt
829 1088 968 1146 correcti.
1001 1089 1101 1167 itaque
1117 1097 1139 1145 ιο

129 1192 196 1233 cum
219 1173 255 1232 de
277 1171 375 1250 aliquo
397 1188 544 1233 annorum
566 1189 691 1232 numero
712 1171 760 1231 hic
782 1170 910 1241 dicetur,
942 1189 1007 1232 non
1030 1172 1102 1233 alios

128 1274 182 1335 par
198 1257 254 1315 erit
270 1272 357 1333 quam
375 1256 524 1316 naturales
540 1256 685 1333 accipere.
936 1314 939 1318 ,

191 1339 267 1400 Etsi
283 1342 367 1417 origo
383 1340 485 1400 mundi
497 1339 535 1398 in
549 1338 703 1400 hominum
719 1340 852 1399 notitiam
868 1340 1012 1410 venisset,
1034 1341 1102 1401 inde

77 1427 112 1486 21
132 1422 284 1485 exordium
300 1441 498 1484 sumeremus:
523 1441 602 1484 nunc
616 1441 687 1484 vero
703 1423 733 1483 id
754 1422 940 1484 intervallum
956 1427 1102 1504 temporis

128 1507 262 1569 tractabo
285 1507 364 1586 quod
385 1507 549 1568 historicon
570 1509 663 1568 Varro
691 1506 827 1587 appellat.
871 1509 920 1568 hic
941 1510 1024 1568 enim
1048 1512 1101 1570 tria
1118 1518 1140 1567 15

130 1592 298 1654 discrimina
326 1599 493 1671 temporum
520 1610 584 1653 esse
604 1592 707 1660 tradit,
736 1593 865 1670 primum
887 1591 924 1653 ab
945 1591 1103 1655 hominum

129 1677 275 1757 principio
291 1676 328 1736 ad
345 1675 554 1755 cataclysmum
570 1677 711 1754 priorem,
727 1676 806 1756 quod
821 1686 945 1754 propter
961 1678 1100 1755 ignoran-

130 1762 200 1821 tiam
220 1766 342 1820 rocatnr
363 1759 482 1830 adelon,
514 1760 679 1822 secundum
706 1778 722 1821 a
744 1759 920 1839 cataclysmo
941 1763 1045 1839 priore
1066 1761 1100 1823 ad

130 1845 323 1924 olympiadem
352 1845 493 1923 primam,
525 1845 619 1923 quod,
651 1845 719 1922 qnia
741 1844 832 1904 multa
860 1846 889 1905 in
911 1863 946 1905 eo
968 1844 1099 1907 sabulosa

130 1929 319 1997 referuntur,
342 1930 493 2008 mythicon
509 1929 694 2000 nominatur,
718 1930 837 1989 tertium
859 1948 876 1989 a
891 1931 986 2006 prima
1002 1928 1101 2010 olym-
1115 1939 1140 1987 to

131 2013 215 2092 piade
232 2013 267 2073 ad
284 2030 353 2081 nos,
376 2013 453 2090 quod
471 2013 579 2073 dicitur
594 2013 772 2083 historicon,
791 2014 865 2091 quia
880 2030 929 2073 res
950 2015 982 2072 in
1000 2032 1036 2073 eo
1053 2032 1101 2092 ge

97 2107 193 2157 astae
220 2098 296 2157 veris
322 2097 452 2157 historiis
479 2099 676 2158 continentur.
722 2098 850 2176 primum
876 2105 1011 2176 tempus,
1044 2100 1101 2158 sive

132 2182 232 2241 habuit
254 2181 370 2241 initium
392 2199 443 2241 seu
465 2200 584 2259 semper
604 2181 674 2251 snit,
707 2190 787 2242 certe
803 2189 875 2260 quot
895 2199 1044 2243 annorum
1067 2185 1102 2243 sit

131 2284 199 2324 non*
215 2273 313 2344 potest
339 2265 551 2343 conprehendi.
597 2265 761 2327 secundum
784 2283 844 2325 non
873 2265 960 2342 plane
983 2267 1102 2344 quidem

131 2352 231 2418 scitur,
250 2351 301 2410 sed
318 2357 416 2409 tamen
432 2349 469 2408 ad
485 2347 565 2410 mille
581 2352 699 2410 circiter
716 2357 745 2410 et
760 2358 911 2411 sescentos
927 2367 1022 2411 annos
1038 2369 1103 2412 esse
1117 2357 1141 2407 rt

132 2433 270 2493 creditur.
316 2452 333 2492 a
355 2435 454 2511 priore
479 2433 592 2514 'scilicet
614 2433 805 2513 cataclysmo,
838 2453 924 2512 quem
950 2434 1053 2494 dicunt
1075 2443 1103 2495 et

132 2516 251 2594 Ogygii,
276 2516 311 2575 ad
327 2516 427 2577 inachi
449 2536 574 2596 regnum
596 2537 689 2579 annos
705 2520 824 2579 circiter
841 2529 926 2578 cccc
943 2542 957 2578 e
975 2539 1008 2588 a,
1032 2519 1101 2579 hine

133 2684 335 2695 -—--

200 2787 222 2835 2.
242 2788 422 2850 peracroeD
492 2785 670 2850 quadriennii
692 2785 717 2834 V
785 2787 938 2837 meusesD
1010 2790 1035 2837 7.
1055 2789 1101 2838 ob·

131 2855 197 2904 timo
226 2854 261 2916 V,
291 2856 395 2919 optime
418 2855 515 2904 Irclzouc
536 2856 591 2903 sine
613 2857 719 2903 lacernae
742 2861 803 2903 notu
872 2855 896 2904 8.
927 2854 994 2903 enni
1017 2855 1100 2903 Laeli·

131 2937 246 2979 maranus,
270 2937 325 2973 anri
342 2923 400 2973 nV
464 2925 489 2973 9,
514 2920 586 2985 apud
613 2921 638 2969 V
706 2924 746 2972 tu.
769 2925 880 2986 poterat
900 2921 973 2970 idem
999 2921 1100 2982 Carrio,

130 3006 245 3053 porcas*
263 2989 293 3040 oe
314 2992 344 3050 D,
363 2993 461 3055 postea
478 2989 522 3038 ide
541 2990 566 3050 d,
584 2994 682 3053 postea
700 2988 772 3037 idem
796 2989 824 3038 V
890 2991 929 3037 11.
950 2986 1102 3038 diceremur

132 3073 184 3107 nou
206 3073 283 3109 antus
303 3059 327 3106 D
397 3059 437 3106 15.
457 3057 611 3106 hrsroarcon
625 3053 689 3118 (con
701 3054 805 3119 ireres.)
823 3057 856 3116 l),
875 3052 1018 3118 lcroprudv
1030 3059 1101 3119 culpo

133 3128 172 3177 17.
191 3125 261 3190 quod
280 3152 311 3159 —
331 3123 495 3174 adelonem.
518 3125 543 3173 V
612 3125 651 3174 18.
670 3121 791 3174 *coenon
809 3123 843 3184 D,
863 3120 968 3186 ἄδηλον
986 3127 1059 3188 culpo

133 3209 149 3241 a
169 3193 335 3254 cataclysmo
354 3192 444 3256 priore
463 3207 509 3241 om.
528 3191 555 3240 V
603 3203 726 3256 peronem
743 3192 768 3239 D
837 3192 879 3242 20.
900 3187 1017 3252 μυθικὸν
1029 3193 1101 3254 vulpe

132 3262 173 3313 21.
192 3257 421 3324 lcaoprudvonlpo
490 3261 531 3312 22.
551 3271 673 3322 rempum
691 3259 729 3320 D,
750 3259 856 3309 cermel
924 3258 967 3310 23.
987 3256 1058 3320 qnod
1076 3257 1102 3306 D

133 3330 174 3377 24.
194 3326 401 3392 conpraeheubt
412 3327 445 3388 D,
466 3324 621 3391 conphendi
638 3327 663 3375 V
730 3327 773 3375 26.
794 3330 821 3374 et
833 3323 936 3388 Ogygii
949 3324 982 3390 It.¹
995 3326 1028 3374 de
1040 3324 1101 3384 Ian,

135 3409 257 3459 enoqrcu
275 3396 308 3455 D,
329 3395 444 3458 erogioii
465 3394 496 3458 V,
517 3398 544 3442 et
556 3396 627 3458 culpo
640 3410 686 3444 om.
740 3395 781 3444 at.
796 3390 872 3442 iaohi
888 3392 914 3440 V
965 3393 1047 3441 annis
1068 3391 1101 3452 V,

135 3464 199 3510 unni
218 3466 280 3512 sunt
292 3462 388 3512 [adnuo
458 3459 639 3527 quadricenm
657 3462 688 3521 D,
709 3458 907 3524 quadringenti
928 3457 954 3506 V
969 3461 1057 3523 vulpe,-
1075 3461 1103 3509 in
