2414 3924
442 228 511 275 ΙιΙΒ.
530 229 560 275 V.
583 226 658 275 CAP.
676 229 734 275 XX.

435 381 459 442 O
470 383 500 440 A
512 383 538 440 P
550 381 580 442 U
591 383 619 440 Τ
655 383 687 440 Χ
698 383 739 440 Χ.

502 502 539 551 De
554 501 669 560 pastillis.

152 641 178 699 1.
201 638 311 698 Pastilli
329 655 444 715 quoque
460 636 611 696 facultates
627 635 758 694 diversas
775 634 891 694 babent.
926 637 997 695 Sunt
1009 637 1083 695 enim

87 725 124 785 ad
140 723 269 782 recentia
284 722 405 780 vulnera
423 721 588 797 glutinanda
608 719 792 797 sanandaque
812 720 887 797 apti:
910 720 1003 797 qualis
1026 724 1082 796 εει,

59 837 73 878 5
87 809 136 888 qui
149 806 236 865 babet
250 804 428 879 chalcitidis,
444 805 532 880 misy,
546 820 664 881 spumae
680 803 762 877 nitri,
776 801 856 862 floris
868 804 960 879 aeris,
975 803 1082 879 gallae,

88 891 219 950 aluminis
242 889 364 948 scissilis
385 887 499 946 modice
521 889 612 963 cocti,
636 886 812 962 singulorum
833 904 861 964 p.
882 888 939 966 )·(.
963 900 984 943 1.
1007 887 1082 945 aeris

89 972 248 1047 combusti,
270 971 460 1050 capitulorum
482 970 549 1030 mali
572 971 686 1048 punici,
710 969 887 1045 singulorum
909 988 937 1048 p.
957 969 1013 1049 )·(.
1031 983 1082 1028 111.

87 1057 170 1116 Hunc
186 1064 303 1132 oportet
322 1055 433 1114 diluere
449 1063 552 1129 aceto,
576 1071 611 1113 ac
626 1055 686 1129 sic,
708 1052 756 1112 ubi
770 1053 873 1112 vulnus
889 1053 1083 1129 glutinandum

89 1149 152 1213 est,
168 1138 283 1198 illinire.
332 1138 387 1215 At,
411 1140 435 1195 si
450 1155 592 1198 nervosus
608 1146 654 1196 aut
671 1137 854 1197 musculosus
876 1137 900 1195 is
921 1136 1004 1196 locus
1027 1146 1082 1213 est,

55 1222 266 1289 incommodius
289 1230 351 1296 est,
381 1230 478 1280 cerato
497 1222 638 1296 miscere,
661 1222 721 1295 sic,
742 1230 772 1279 ut
791 1220 867 1280 illius
889 1229 956 1280 octo
972 1229 1082 1299 partes,

89 1324 165 1365 nona
182 1304 265 1381 hujus
281 1306 327 1364 sit.

154 1389 236 1447 Alius
251 1388 287 1447 ad
302 1388 377 1447 idem
396 1397 508 1448 constat
523 1406 562 1447 ex
576 1388 635 1447 his:
653 1387 811 1462 bituminis,
838 1387 968 1448 aluminis
985 1389 1083 1449 scissi·

89 1474 145 1548 lis,
162 1471 339 1548 singulorum
356 1490 383 1548 p.
402 1472 459 1551 )·(.
475 1485 497 1530 1.
515 1472 591 1531 aeris
607 1470 748 1531 combusti
766 1490 795 1550 p.
817 1471 874 1550 )·(.
901 1486 946 1531 tv.
964 1489 1083 1550 spumae

90 1557 202 1632 argenti
218 1574 247 1633 p.
266 1555 322 1635 )·(.
339 1568 386 1613 xl.
403 1555 462 1614 olei
478 1557 615 1615 sextario.

55 1655 80 1694 rc
157 1640 186 1698 2.
210 1638 269 1698 Sed
280 1639 367 1715 longe
380 1638 519 1714 Polyidae
533 1639 739 1698 celeberrimus
750 1647 811 1713 est,
830 1639 973 1717 σφραγίς
990 1648 1083 1697 autem

90 1725 267 1783 nominatur:
284 1722 332 1801 qui
346 1721 433 1781 habet
448 1723 578 1781 aluminis
595 1723 719 1781 scissilis
731 1741 759 1800 p.
777 1722 831 1799 )·(.
847 1735 869 1781 1.
890 1742 913 1783 s.
935 1721 1083 1780 atramenti

92 1808 193 1866 sutorii
210 1824 239 1884 p.
255 1806 311 1885 )·(.
329 1818 367 1864 11.
385 1804 518 1879 myrrhae
545 1823 573 1882 p.
596 1805 652 1882 )·(.
670 1818 701 1864 v.
724 1805 806 1863 aloes
826 1806 1015 1879 tantumdem,
1036 1821 1080 1863 ca·

92 1890 247 1968 pitulorum
264 1890 360 1967 punici
375 1889 459 1964 mali,
484 1888 562 1947 lellis
583 1888 702 1963 taurini,
727 1888 904 1964 singulorum
919 1906 948 1966 p.
964 1889 1019 1966 )·(.
1037 1899 1081 1946 v1.

94 1991 167 2051 quae
184 1974 306 2032 contrita
323 1973 390 2030 vino
406 1981 522 2031 austero
541 1973 722 2050 excipiuntur
739 1972 818 2049 (Gal.
835 1971 868 2030 S.
885 1972 920 2030 G.
938 1971 981 2046 V,
1000 1970 1065 2050 12).

56 2083 82 2121 ro
155 2058 183 2118 3.
208 2056 253 2115 Ad
270 2056 369 2115 ulcera
386 2057 519 2130 sordida,
543 2065 572 2114 et
590 2056 732 2132 nigritiem
753 2057 780 2113 in
802 2057 933 2131 auribus,
955 2054 1083 2130 naribus,

93 2140 229 2200 obscenis
249 2140 396 2218 partibus,
420 2139 715 2218 inflammationesque
737 2158 851 2199 eorum:
880 2137 1084 2214 chrysocollae

91 2243 120 2302 p.
143 2224 197 2300 )·(.
215 2236 237 2282 1.
255 2224 403 2282 atramenti
420 2225 536 2300 sutorii,
553 2224 682 2284 aluminis
701 2224 838 2299 scissilis,
856 2223 1032 2300 singulorum
1054 2241 1082 2301 p.

91 2309 148 2385 )·(.
166 2320 202 2365 11.
213 2306 386 2366 halicaccabi
394 2308 512 2365 corticis
525 2326 554 2385 p.
567 2308 622 2388 )·(.
637 2322 681 2367 tv.
695 2308 770 2367 minii
786 2326 814 2386 p.
833 2309 888 2386 )·(.
904 2320 949 2366 vt.
966 2324 1084 2385 spumae

94 2392 206 2465 argenti
223 2407 250 2466 p.
267 2392 323 2469 )·(.
340 2405 401 2449 ΧΠ.
419 2410 557 2450 cerussae
573 2411 601 2470 p.
620 2392 677 2472 )·(.
700 2406 771 2452 XVI.
797 2409 870 2470 quae
891 2410 928 2450 ex
950 2400 1034 2451 aceto
1056 2399 1085 2450 et

56 2504 82 2542 25
95 2482 253 2549 coguntur,
271 2483 315 2548 et,
332 2474 379 2533 ubi
396 2475 528 2534 utendum
546 2484 607 2550 est,
626 2476 777 2534 diluuntur.

158 2559 187 2616 4.
209 2555 353 2616 Andronis
370 2574 440 2616 vero
458 2567 502 2616 est
518 2559 651 2618 aduram
667 2558 878 2636 inflammatam,
896 2561 931 2619 ad
946 2562 1084 2621 naturalia

92 2639 223 2716 sordida,
247 2642 331 2699 etiam
348 2658 453 2699 cancro
470 2640 645 2701 laborantia:
670 2643 784 2718 gallae,
807 2646 956 2703 atramenti
972 2646 1083 2719 sutorii,

92 2724 242 2799 myrrhae,
263 2724 440 2799 singulorum
456 2741 486 2802 p.
504 2724 558 2801 )·(.
576 2739 598 2782 1.
616 2726 836 2802 aristolochiae,
858 2727 989 2786 aluminis
1013 2729 1083 2786 sois·

92 2807 170 2882 silis,
197 2808 373 2884 singulorum
396 2826 424 2884 p.
456 2807 511 2885 )·(.
558 2820 596 2865 11.
628 2809 815 2886 capitulorum
844 2812 941 2887 punici
961 2810 1027 2868 mali
1054 2828 1083 2887 p.

57 2891 147 2969 30)·(.
165 2905 245 2950 xxv.
270 2910 307 2949 ex
323 2908 411 2967 passo
429 2900 546 2965 coacta,
566 2899 610 2966 et,
627 2909 712 2970 quum
727 2910 796 2952 usus
812 2894 920 2967 exigit,
937 2901 1020 2952 aceto
1036 2891 1085 2950 vel

93 2975 159 3032 vino
175 2974 279 3048 diluta,
305 2983 390 3051 prout
414 2975 556 3033 valentius
578 2983 625 3032 aut
649 2975 741 3034 levius
762 2976 859 3033 vitium
878 2983 939 3050 est,
964 2971 1083 3032 cui'me·

93 3059 216 3117 dendum
232 3068 277 3117 est
295 3056 421 3136 (Iberi).

155 3144 183 3200 5.
207 3141 328 3219 Proprie
345 3150 440 3200 autem
456 3143 491 3202 ad
507 3145 552 3202 ani
564 3142 648 3217 lissa,
664 3141 712 3199 vel
729 3158 780 3199 ora
792 3159 928 3200 venarum
940 3139 1084 3200 fundentia

93 3227 278 3301 sanguinem,
303 3226 448 3301 aeruginis
465 3245 493 3304 p.
512 3227 570 3306 )·(.
590 3238 627 3284 11.
644 3223 777 3297 myrrhae
793 3243 822 3303 p.
837 3225 894 3302 )·(.
911 3237 971 3284 xli.
994 3224 1084 3300 stibis,

57 3334 82 3373 as
93 3309 228 3368 lacrimae
244 3311 416 3386 papaveris,
438 3312 573 3384 acaciae,
596 3307 772 3384 singulorum
793 3327 821 3386 p.
839 3309 895 3388 )·(.
913 3322 983 3368 xvi.
1011 3325 1085 3386 quae

93 3410 130 3450 cx
155 3394 221 3450 vino
244 3402 273 3451 et
294 3400 439 3467 teruntur,
464 3395 536 3452 etin
552 3395 615 3471 ipso
633 3410 685 3450 usu
704 3391 885 3471 deliquantur
910 3392 963 3470 (cl.
984 3390 1084 3452 itta:

92 3474 241 3533 Pastillus
256 3474 378 3551 Darii).

133 3577 227 3614 censu‘¹
898 3560 935 3619 12
