2414 3924
433 191 502 237 nro.
519 191 565 237 nu.
590 189 665 238 ono.
682 191 743 238 x11.
1028 178 1087 241 135

92 349 122 407 id
137 347 259 426 spongia
276 345 396 405 subinde
411 345 648 421 refrigerandum.
681 343 871 405 Erasistratus
886 345 987 405 horum
1005 364 1087 405 crura

93 449 209 511 quoqne
231 439 260 490 et
283 430 394 488 femora
414 429 590 508 brachiaque
613 429 744 507 pluribus
766 429 840 489 locis
862 429 1019 507 deligabat.
1056 429 1088 490 id

93 513 304 594 Asclepiades,
328 513 401 574 adeo
423 531 480 573 non
501 513 657 591 prodesse,
680 515 765 573 etiam
780 515 921 573 inimicum
937 532 1004 574 esse
1020 531 1086 593 pro-

93 600 189 678 posuit
211 595 452 676 (edocebatur.
472 595 643 675 Chromll,
666 598 732 677 13).
770 598 827 658 Sed
848 598 876 658 id
896 614 986 677 saepe
1010 616 1086 658 com·

66 683 177 743 smode
193 682 374 761 respondere
390 682 586 761 experimenta
602 690 752 741 testantur.
789 681 892 760 Neque
914 691 1009 742 tamen
1024 682 1087 761 plu·

91 768 170 828 ribus
195 766 270 826 locis
291 766 413 842 deligari
433 784 557 825 necesse
580 774 637 826 est:
662 765 713 826 sed
729 766 800 825 satis
815 776 860 827 est
874 766 947 826 inira
961 768 1086 844 inguina,

91 861 121 912 et
135 868 226 930 super
241 849 330 927 talos,
346 867 530 927 summosque
541 849 693 925 humeros,
710 851 795 909 etiam
810 850 938 911 brachia.
959 849 1046 925 Tum,
1062 851 1088 909 si

91 935 183 995 febris
201 943 301 1012 urget,
317 932 409 994 danda
425 942 470 993 est
481 933 613 1012 sorbitio,
630 943 659 994 et
673 935 753 1013 potui
765 952 856 1014 aqua,
872 936 901 993 in
914 952 969 1012 qua
981 933 1088 1013 aliquid

94 1038 132 1078 ex
151 1020 204 1095 iis,
228 1036 301 1098 quaa
322 1018 415 1078 alvum
439 1018 632 1095 adstringunt,
657 1019 809 1078 decoctum
831 1020 883 1079 sit:
912 1027 940 1078 at
961 1020 985 1077 si
1004 1018 1088 1077 abest

39 1107 84 1165 '10
94 1101 200 1179 febris,
222 1103 269 1162 vel
290 1101 368 1162 elota
389 1102 477 1179 alica,
499 1102 548 1161 vel
571 1103 652 1181 panis
670 1120 706 1161 ex
722 1120 795 1180 aqua
809 1103 932 1180 frigida,
955 1112 985 1162 et
999 1101 1087 1162 molle

92 1204 209 1265 quoque
234 1204 318 1246 ovum
339 1187 400 1246 dari
419 1195 531 1263 potest;
555 1189 634 1265 potui
656 1185 703 1245 vel
724 1185 798 1246 idem
822 1188 898 1265 quod
915 1205 1002 1265 supra
1018 1187 1087 1246 sori-

93 1281 172 1351 ptum
187 1279 246 1349 est,
262 1268 311 1328 uel
325 1271 420 1330 vinum
436 1271 539 1345 dulce,
560 1271 608 1330 vel
621 1288 693 1348 aqua
710 1270 823 1347 frigIda.
857 1272 916 1331 Sed
931 1273 974 1331 sic
990 1270 1087 1330 biben-

91 1357 157 1416 dum
180 1354 250 1431 erit,
274 1363 304 1412 ut
326 1354 450 1414 sciamus
471 1354 537 1414 huic
559 1354 660 1414 morbo
680 1355 755 1413 sitim
777 1356 930 1435 prodesse.
969 1357 1088 1415 Praeter

92 1440 167 1499 haec
193 1439 359 1498 necessaria
387 1447 451 1498 sunt
476 1439 575 1515 quies,
609 1439 766 1515 securitas,
797 1439 950 1499 silentium·
995 1436 1088 1518 Caput

57 1544 82 1586 15
93 1523 175 1600 hujus
190 1540 305 1602 quoque
317 1521 447 1581 cubantis
459 1521 579 1582 sublime
592 1541 659 1583 esse
671 1523 774 1593 debet;
791 1533 931 1602 recteque
943 1523 1087 1583 tondetur.

91 1607 197 1667 Facies
211 1623 301 1684 saepe
317 1624 391 1686 aqua
401 1606 504 1683 frigida
515 1606 640 1667 fovenda
652 1615 706 1666 est.
731 1605 768 1666 hu
780 1608 893 1666 inimica
905 1616 970 1666 sunt
982 1608 1087 1682 viuum,

92 1690 241 1768 balneum,
260 1708 365 1767 venus,
384 1691 412 1749 in
429 1690 494 1750 cibo
511 1691 614 1766 oleum,
632 1692 709 1750 acria
725 1692 836 1767 omnia,
854 1693 921 1750 item
937 1690 1028 1749 calida
1044 1689 1087 1749 io-

91 1784 208 1851 menta,
241 1774 381 1835 conclave
408 1774 530 1834 calidum
557 1785 586 1834 et
613 1775 774 1852 inclusum,
805 1774 892 1834 multa
917 1774 1088 1833 vestimenta

94 1859 212 1935 corpori
232 1860 352 1936 injecta,
381 1860 466 1917 etiam
489 1859 659 1920 frictiones3
702 1859 750 1917 ubi
777 1859 852 1918 bene
881 1859 998 1935 sanguis
1021 1874 1087 1915 con·

56 1942 212 2020 acquievit.
229 1940 297 2002 Tum
317 1960 389 2002 vero
410 1941 603 2019 incipiendum
624 1951 668 2002 est
684 1962 701 2003 a
716 1942 858 2018 brachiis,
883 1941 1087 2018 cruribusque;

93 2045 108 2085 a
129 2027 248 2087 thorace
269 2026 476 2087 abstinendum.
512 2026 544 2086 ln
565 2026 622 2086 hoc
646 2045 714 2086 casu
729 2044 783 2105 per
803 2027 925 2087 hiemem
940 2026 1015 2085 locis
1030 2043 1087 2084 ma·
1133 2098 1136 2103 .

92 2112 206 2179 ritimis;
224 2128 278 2188 par
289 2120 427 2171 aestatem
437 2110 737 2190 mediterraneisopus
746 2119 790 2170 est
799 2112 855 2191 (oi.
866 2128 930 2188 cap.
941 2111 990 2185 10,
1005 2107 1087 2186 hoe.)

399 2237 582 2326 curun
616 2263 784 2343 xrrpvl.

442 2377 478 2424 De
495 2377 616 2428 stomachi
633 2378 736 2428 morbis.

57 2534 83 2573 ²⁵
157 2525 300 2586 Faucibus
318 2527 417 2586 subest
439 2529 617 2595 stomachus:
641 2531 741 2608 inquo
758 2529 839 2607 plura
857 2528 946 2605 longa
961 2528 1030 2586 vitia
1047 2528 1087 2586 in·

96 2608 194 2667 cidere
217 2619 400 2669 consuerunt.
438 2610 509 2671 Nam
530 2613 615 2672 modo
636 2615 737 2690 ingens
756 2613 854 2687 calor,
878 2610 1087 2671 modoinhatio
1162 2635 1165 2639 ·

96 2694 184 2768 hunc,
207 2695 291 2754 modo
307 2693 503 2772 Inflammatio,
521 2697 606 2755 modo
623 2697 801 2756 exulceratio
823 2696 927 2764 afficit;
949 2693 1089 2754 interdum

96 2777 210 2853 pituita,
227 2779 365 2838 interdum
376 2779 446 2839 hilis
459 2781 561 2849 oritur;
578 2780 897 2858 frequentissimumque
910 2781 973 2854 ejus
985 2778 1088 2836 malum

97 2868 156 2933 est,
179 2877 236 2937 quo
256 2863 424 2933 resolvitur;
449 2882 543 2941 neque
567 2864 623 2923 ulla
647 2883 679 2923 re
701 2867 792 2941 magis
812 2873 860 2924 aut
881 2862 1019 2936 afficitur,
1041 2869 1088 2919 aut

60 2957 86 2996 30
97 2960 203 3021 corpus
220 2944 315 3006 afficit.
344 2946 467 3008 Diversa
485 2957 594 3021 autem,
611 2957 641 3006 ut
655 2951 722 3008 vitia
739 2951 817 3024 ejus,
834 2947 876 3024 sic
895 2946 980 3004 etiam
995 2962 1088 3003 rome·

95 3027 139 3086 dia
155 3038 228 3088 sunt.
250 3029 305 3090 Ubi
322 3041 487 3107 exaestuat,
507 3041 591 3091 aceto
608 3049 670 3090 cum
685 3051 752 3092 rosa
769 3033 951 3090 extrinsecus
968 3026 1088 3086 subinde

95 3113 236 3173 fovendus
259 3124 318 3183 est;
337 3117 584 3193 imponendusque
606 3116 700 3192 pulvis
724 3133 785 3174 cum
808 3114 892 3187 oleo,
916 3121 945 3172 et
960 3129 995 3170 ea
1012 3119 1088 3168 cata·

95 3197 251 3274 plasmata,
269 3217 343 3278 quae
359 3199 440 3258 simul
457 3209 484 3258 et
499 3200 671 3276 reprimunt,
689 3208 718 3258 et
733 3198 889 3257 emolliunt.
920 3195 1017 3270 Potui,
1035 3193 1089 3251 nisi

96 3281 162 3357 quid
178 3282 289 3359 obstat,
307 3282 404 3359 gelida
420 3301 492 3361 aqua
505 3283 689 3360 praestanda.
722 3283 752 3342 Si
768 3282 876 3341 indatio
891 3288 952 3354 est,
968 3284 1090 3357 prosunt

60 3363 226 3425 anadmotae
246 3366 458 3433 cucurbitulae;
489 3385 582 3445 neque
608 3367 735 3426 incidere
759 3375 852 3425 cutem
877 3381 1001 3423 necesse
1028 3369 1087 3418 est:

98 3460 216 3525 prosunt
237 3452 316 3510 sicca
338 3459 367 3508 et
390 3450 482 3510 calida
504 3450 646 3526 fomenta,
671 3451 800 3512 sednon
825 3446 1086 3508 vehementissima.
