2414 3924
143 224 205 287 tto
433 235 466 282 Α.
483 233 513 280 e.
526 232 625 280 onnsr
646 230 841 279 unnrenrnn

485 385 667 448 CAPUT
699 387 789 447 VII.

186 507 223 557 De
238 505 341 555 maxilla
357 503 450 565 lraeta,
468 511 491 552 et
508 503 658 567 quibusdam
672 503 705 552 ed
721 504 806 552 omniu
820 517 880 552 ossa
894 503 1088 568 pertinentibus.

206 642 253 701 Ab
268 641 313 700 hie
336 640 370 700 ad
393 639 536 700 maxillam
555 649 706 716 venturus,
728 638 877 698 indicanda
899 639 1039 718 quaedam
1061 649 1134 719 puto

57 760 61 768 ·
143 726 330 788 communiter
343 723 379 783 ad
396 724 490 783 omnia
505 741 572 782 ossa
588 724 774 800 pertinentia,
787 741 823 781 ne
838 727 956 801 saepius
972 722 1076 783 eadem
1092 723 1134 785 di·

143 809 234 870 eenda
250 810 315 868 sint.
350 806 439 865 Omne
456 808 541 883 igitur
556 824 589 865 ns
604 805 690 864 modo
706 814 830 881 reotum,
850 816 880 865 ut
894 805 1001 883 lignum
1023 808 1051 865 iu
1070 806 1133 866 lon·
1154 832 1165 869 s

143 893 301 971 gitudinem
322 890 450 958 linditur;
472 890 558 950 modo
581 889 719 966 frangitur
748 897 958 957 transversum
991 890 1135 951 interdum

143 975 304 1055 obliquum
321 982 406 1052 atque
423 974 451 1033 id
467 975 559 1053 ipsum
579 989 787 1050 nonnumquam
802 981 899 1032 retusa
922 971 1010 1032 habet
1024 975 1134 1051 capita,

142 1075 351 1135 nonnumquam
368 1065 465 1125 aeuta;
491 1055 567 1134 quod
583 1074 674 1132 genus
692 1058 847 1134 pessimum
866 1065 925 1125 est;
948 1056 1012 1133 quia
1036 1074 1135 1135 neque

143 1142 230 1202 laoile
247 1141 473 1215 committuntur,
492 1157 565 1217 quae
583 1139 653 1198 nulli
668 1149 767 1199 retuso
782 1141 951 1215 innituntur,
971 1148 1001 1197 et
1015 1156 1135 1218 earnem

34 1268 37 1275 ,
142 1225 310 1299 vulnerant,
336 1224 476 1283 interdum
500 1241 617 1281 nervum
640 1240 770 1300 quoque,
795 1223 1022 1282 autmuseulum.
1056 1221 1170 1295 Quium

144 1308 229 1368 etiam
245 1306 399 1386 aliquando
415 1307 497 1386 plura
512 1307 671 1382 lragrnenta
687 1306 766 1366 liunt.
798 1305 856 1365 Sed
878 1308 906 1364 in
929 1306 992 1365 aliis
1016 1307 1134 1383 quidem

143 1391 258 1451 ossibus
274 1408 311 1449 ex
326 1398 387 1449 tote
408 1408 497 1468 saepe
512 1391 701 1466 fragmentum
716 1408 732 1449 a
754 1389 915 1466 lragrnentn
930 1389 1057 1462 recedit:
1074 1409 1133 1450 ma-

142 1473 230 1535 xillae
246 1492 317 1533 vero
334 1491 448 1551 semper
463 1473 558 1551 aliqua
574 1483 668 1553 parte,
684 1475 768 1532 etiam
791 1482 895 1532 vexata
916 1489 984 1532 ossa
1005 1475 1081 1531 inter
1098 1492 1134 1533 se

143 1557 311 1619 cohaerent.
341 1556 430 1634 Igitur
449 1560 581 1640 inprimis
600 1556 696 1633 digitis
713 1556 825 1617 duobus
840 1557 979 1634 utrimque
997 1574 1134 1636 premen-

142 1641 235 1717 tibus,
252 1650 280 1700 et
295 1641 331 1700 ab
346 1657 398 1699 ore
413 1648 442 1699 et
457 1640 493 1701 ab
509 1650 589 1716 oute,
607 1642 699 1699 omnia
717 1657 785 1700 ossa
799 1642 828 1698 in
844 1658 923 1699 suam
936 1639 1034 1700 sedem
1053 1657 1133 1701 eom·
1146 1657 1170 1696 re

143 1723 279 1804 pellenda
295 1733 367 1783 sunt.
397 1723 525 1801 Deinde,
541 1725 565 1782 si
580 1724 695 1783 maxilla
711 1732 876 1783 transversa
893 1723 984 1783 lraeta
1003 1731 1060 1792 est:
1077 1724 1134 1785 sul)

142 1824 200 1887 quo
217 1825 285 1867 oasu
301 1809 364 1867 lere
378 1807 448 1867 dens
466 1826 555 1886 super
567 1808 726 1885 proximum
748 1806 862 1866 dentem
879 1807 1007 1875 exuadit;
1024 1805 1074 1866 ubi
1096 1826 1134 1868 ea

142 1895 265 1952 insuam
281 1890 380 1950 sedem
396 1891 540 1952 eollneata
556 1898 616 1966 est,
633 1890 689 1950 due
705 1892 827 1968 proximi
843 1890 960 1967 dentes,
976 1899 1042 1964 aut,
1061 1892 1086 1950 si
1102 1890 1134 1951 lri

142 1975 249 2050 labant,
264 1974 419 2034 ulteriores
437 1977 509 2035 inter
527 1994 560 2033 se
577 1984 639 2034 seta
655 1973 800 2050 deligandi
818 1983 891 2032 sunt.
908 1973 939 2034 ld
960 1975 987 2032 irr
1002 1974 1061 2033 alio
1078 1993 1133 2051 ge·

142 2077 212 2119 nere
229 2058 373 2133 fracturae
391 2077 601 2135 supervacuum
617 2066 676 2116 est:
694 2066 791 2116 uetera
808 2057 908 2116 eadem
924 2056 1167 2118 laciendnsnntm

142 2143 198 2222 (oi.
214 2141 300 2221 Hipp.
317 2141 365 2201 De
379 2142 469 2202 artic.
484 2142 505 2216 §
522 2141 588 2218 32).
614 2141 686 2200 Nam
701 2140 850 2200 linteolum
866 2140 990 2218 duplex,
1011 2142 1133 2202 madens

141 2227 209 2285 vino
224 2235 253 2284 et
269 2226 352 2302 oleo,
376 2224 646 2304 superinjiciendum
665 2243 726 2283 oum
749 2223 849 2282 eadem
868 2225 959 2283 simila
976 2234 1004 2283 et
1028 2226 1134 2289 eadem

141 2311 213 2368 toris
228 2309 347 2384 iuligine
363 2318 407 2368 est
423 2308 496 2385 (vid.
515 2325 578 2385 eap.
596 2308 648 2386 5);
679 2307 783 2367 deinde
799 2316 847 2366 aut
863 2309 968 2383 lasela,
986 2316 1033 2366 aut
1058 2309 1133 2368 mol-

141 2391 178 2451 lis
193 2390 319 2466 habena,
340 2391 432 2450 media
452 2393 481 2450 in
498 2391 704 2468 longitudinem
718 2391 822 2466 innisa,
845 2401 874 2450 ut
895 2393 1036 2468 utrimque
1051 2410 1133 2452 merr-

141 2482 200 2532 tum
217 2474 442 2551 complantatur,
466 2483 495 2533 et
517 2477 584 2534 inde
605 2476 700 2553 capita
718 2475 782 2548 ejus
801 2492 891 2552 snper
907 2484 991 2551 caput
1006 2473 1167 2541 adductam

141 2555 181 2615 ibi
199 2555 371 2632 deligenter.
397 2557 470 2617 lllud
486 2576 602 2636 quoque
619 2559 655 2618 ad
670 2559 763 2616 omnia
778 2575 845 2617 ossa
861 2559 1006 2636 pertinens
1024 2558 1133 2620 dietum

142 2641 210 2707 erit;
237 2640 341 2699 lamem
366 2644 485 2718 primum
507 2661 573 2701 esse
593 2643 802 2701 neeessariam:
830 2641 964 2700 deindea
981 2640 1027 2700 die
1042 2646 1132 2704 tertio

141 2722 282 2783 humidum
309 2724 417 2784 eibum:
451 2725 563 2784 sublata
587 2725 825 2800 inllammatione,
847 2723 934 2803 paulo
957 2725 1131 2802 pleniorem,

141 2825 280 2886 eumque,
296 2810 343 2886 qui
360 2826 475 2867 earnem
488 2809 560 2868 alat:
579 2809 672 2867 vinum
686 2826 737 2886 per
754 2825 838 2867 ornne
850 2817 962 2886 tempus
976 2827 1043 2867 esse
1060 2809 1132 2869 alie-

140 2905 224 2963 nnm'3
258 2891 360 2951 deinde
376 2894 462 2951 tertio
478 2892 524 2950 die
539 2892 648 2950 resolvi
663 2891 784 2957 debere:
801 2891 895 2950 foveri
908 2910 961 2969 per
977 2893 1132 2969 spongiam
1142 2915 1165 2956 so

142 2993 251 3053 vapore
270 2994 361 3053 aquae
379 2976 503 3042 ualidae;
526 2975 699 3053 eademque,
720 2992 793 3053 quae
816 2976 909 3052 primo
931 2975 1061 3050 luerunt,
1084 2996 1132 3037 su·

140 3059 272 3136 perdari:
296 3059 369 3118 idem
395 3059 441 3118 die
465 3061 564 3136 quinto
583 3060 660 3132 lieri,
685 3069 713 3117 et
735 3058 830 3117 donee
847 3059 1028 3117 inllammatio
1052 3059 1133 3119 linia·

140 3151 200 3208 tur;
218 3159 291 3218 quae
301 3142 349 3202 vel
364 3160 440 3202 nono
456 3142 512 3218 die,
528 3142 575 3201 vel
591 3144 712 3221 septimo
728 3143 790 3201 iere
803 3141 925 3201 solvitur
947 3140 1009 3220 (lt.
1027 3141 1133 3222 §33);

140 3243 175 3284 ea
195 3224 315 3302 sublata,
331 3244 429 3285 rursus
446 3244 512 3286 ossa
531 3245 596 3285 esse
613 3227 775 3298 tractanda,
794 3235 837 3300 ut,
852 3226 876 3283 si
893 3226 969 3303 qnod
985 3226 1131 3301 lragmen·

140 3319 196 3368 tum
208 3309 275 3367 loco
289 3326 340 3367 sun
359 3319 493 3385 nonest,
511 3320 679 3388 reponatur:
703 3327 798 3386 neque
813 3308 840 3367 id
861 3327 928 3367 esse
950 3309 1167 3388 solvendorum

140 3393 193 3449 nisi
205 3391 276 3450 duae
293 3401 390 3469 partes
406 3394 469 3467 ejus
485 3395 634 3472 temporis,
650 3395 723 3452 intra
743 3392 819 3469 quod
835 3410 967 3469 quaeque
980 3409 1046 3450 ossa
1061 3410 1131 3452 eon·

140 3472 253 3533 lervent
279 3476 450 3534 transierint.
486 3474 562 3534 Fere
595 3493 666 3535 vero
697 3477 773 3534 inter
803 3475 1073 3552 quartumdecimum
1102 3487 1133 3536 et
