2414 3924
471 191 694 255 ..77-

60 341 197 401 veniens.
241 344 272 398 et
299 334 464 416 appellatur
495 355 512 396 e
541 337 588 398 dia
616 344 668 398 ton
696 339 811 418 cariou,
840 339 952 402 faciens
980 341 1016 402 ad
1045 342 1088 404 di·

60 427 214 508 gerendos
244 433 378 487 tumores
407 433 438 487 ct
464 426 704 506 praefocationes
728 426 887 488 antiadum.
928 432 958 490 et
981 434 1089 511 recipit

61 534 177 578 nucum
210 514 353 576 viridium
386 516 507 576 corticis
541 533 647 576 sucum
679 533 734 595 per
761 515 916 577 linteolum
944 520 1088 580 mundum

60 605 221 686 liquatum.
253 621 344 682 quem
358 601 439 663 molli
456 605 526 683 igne
541 621 653 682 coques
669 621 764 682 usque
779 603 816 665 ad
835 607 954 667 tertiam
972 617 1087 687 partem

61 703 90 756 et
111 692 206 754 tolles
225 691 263 752 ab
286 693 355 770 igne
376 699 407 751 et
428 691 561 753 dimittes
580 699 615 754 ut
631 691 794 771 infrigidet.
832 691 940 754 dehinc
958 696 990 755 in
1009 710 1114 757 mor-5

61 785 173 844 tarium
204 797 405 842 marmoreum
433 780 577 841 refundes
601 787 631 841 et
659 779 836 842 admiscebis
864 782 960 843 mellis
983 783 1087 846 leviter

63 869 236 951 despumati
259 868 386 930 similem
409 871 619 951 quantitatem,
643 876 673 930 et
696 868 786 930 addes
809 872 891 930 croci
914 879 945 932 et
967 890 1086 934 murrae

64 968 92 1021 et
118 957 344 1039 hypoquistidis
373 961 439 1018 suoi
466 957 546 1036 quod
575 959 741 1040 suffecerit,
774 960 815 1019 ita
843 967 877 1019 ut
908 977 1028 1021 murrae
1057 971 1087 1023 et

63 1050 144 1108 croci
164 1046 300 1127 singulas
323 1054 424 1127 partes
441 1049 542 1108 mittas
562 1053 593 1107 et
611 1045 828 1126 hypoquistidis
847 1050 913 1108 suci
934 1048 1087 1111 dimidiam
1184 1093 1186 1096 -

61 1144 195 1216 partem,
219 1143 251 1197 et
276 1137 378 1196 uteris.
1101 1153 1126 1192 ro

151 1225 305 1285 confectio
337 1227 448 1286 crocati
485 1225 598 1286 faciens
631 1224 666 1285 ad
699 1225 830 1286 faucium
862 1226 991 1287 fervidos
1023 1231 1085 1288 sive

62 1312 252 1376 rubicundos
280 1321 422 1375 tumores.
464 1315 573 1393 accipit
600 1321 701 1374 autem
728 1331 814 1374 rosae
844 1313 927 1375 lloris
950 1323 981 1377 et
1004 1320 1085 1378 croci

62 1402 215 1484 scripulos
243 1401 344 1484 binos,
372 1401 495 1464 nucleos
522 1403 585 1482 pini
613 1408 742 1483 septem,
772 1420 845 1463 uvae
875 1421 978 1483 passae
1012 1424 1083 1466 enu-

61 1491 176 1554 cleatae
209 1509 337 1561 numero
370 1509 483 1552 novem.
530 1497 610 1551 teres
639 1509 708 1552 cum
736 1490 822 1552 melle
851 1491 1026 1572 despumato
1054 1504 1085 1554 et

61 1580 183 1642 modico
204 1597 308 1662 passo,
334 1588 365 1642 ct
387 1579 503 1641 inlincs.
1099 1595 1124 1634 1⁵

62 1824 127 1892 905)
144 1818 264 1876 πάντων
283 1817 401 1892 ἄμεινον
421 1823 486 1892 (905
504 1827 530 1876 et
548 1817 759 1892 χρησιμώτατον
778 1820 856 1889 XIV,
875 1822 949 1889 360).
1028 1821 1084 1876 illi-

62 1897 192 1950 mentum
210 1892 371 1962 (illimtiiip
385 1897 448 1948 onte
462 1909 532 1948 corr.
547 1893 598 1962 (ni)
611 1910 662 1963 pp,
680 1892 825 1949 inlinimtu
839 1908 861 1948 e.
900 1962 905 1971 ,
935 1897 949 1944 1
970 1891 1084 1947 ediaton

63 2017 160 2073 corion
179 2019 253 2087 φφ),
272 2016 477 2089 edietoinetron
496 2033 516 2071 c.
599 2016 766 2086 digerendos
785 2033 826 2085 cp,
845 1975 994 2089 dmfendos
1013 2018 1043 2085 (a'.
1063 2033 1083 2070 e.

62 2088 238 2159 dirigendos)
251 2106 277 2160 p.
352 2088 528 2143 2antiedum
542 2104 583 2172 9³.
592 2091 676 2142 antea
693 2087 792 2142 datum
809 2104 831 2156 c,
850 2082 1084 2156 attentendum.

62 2180 134 2248 rmn)
150 2194 183 2246 p.
271 2179 301 2232 et
318 2175 420 2246 resipit
436 2193 467 2246 px
485 2178 512 2242 R
531 2177 580 2231 aut
599 2193 621 2246 o,
640 2179 710 2246 Μ.
803 2175 987 2231 31inteolum
1005 2194 1084 2230 mun-

64 2249 136 2304 dum.
187 2248 269 2316 molli
295 2248 363 2318 igne
387 2252 434 2303 eto.
460 2265 491 2319 p,
519 2248 537 2302 l.
565 2265 602 2301 m.
630 2250 753 2316 iquatir
782 2253 835 2316 que
863 2246 932 2302 moli
963 2246 1029 2317 igne
1062 2264 1083 2314 c,

63 2321 389 2439 linolnmisseolatmdu
408 2372 439 2439 (ι’.
458 2389 478 2427 e.
499 2371 517 2425 l.
537 2388 573 2425 m.
594 2371 728 2441 colatum)
747 2390 784 2428 m.
803 2371 822 2425 i.
833 2377 876 2440 ρο.
950 2376 966 2424 ὅ
986 2371 1015 2424 et
1032 2387 1083 2440 pp:

64 2448 162 2514 postea
181 2461 203 2499 c.
304 2446 335 2499 et
353 2442 477 2497 dimittes
496 2442 580 2512 (-tis
599 2443 640 2511 9⁰)
660 2458 686 2496 o:
705 2458 756 2497 om.
770 2459 801 2512 p.
902 2441 1049 2511 infrigidet
1066 2459 1084 2510 9

66 2515 194 2582 (miridet
212 2517 251 2584 c):
269 2514 404 2585 frigescat
417 2530 449 2583 p.
536 2519 552 2568 6
571 2512 707 2568 admisces
724 2529 775 2582 pp,
794 2513 939 2582 adungues
959 2529 980 2566 c.
1068 2519 1083 2566 7

65 2585 219 2656 dispumati
242 2600 275 2655 cp
297 2589 373 2652 (item
394 2586 493 2654 infra).
603 2583 724 2638 similem
747 2586 837 2654 (ptem
859 2601 914 2653 pro
937 2599 1034 2652 parem
1058 2585 1082 2651 c)

67 2673 90 2725 q.
105 2675 152 2728 pc:
178 2657 271 2711 eamd
286 2673 318 2726 p.
426 2658 456 2711 st
478 2673 528 2725 pp:
552 2657 616 2724 post
635 2672 649 2710 c
667 2656 713 2722 (cf.
731 2672 755 2709 o.
776 2659 813 2722 5).
921 2670 1032 2709 murrae
1053 2672 1083 2723 p:

67 2727 145 2783 mirre
160 2744 198 2798 p,
218 2727 291 2782 mirsi
309 2744 332 2782 c.
405 2732 421 2781 8
439 2725 620 2799 ypoquietidt
638 2743 671 2796 9,
690 2726 775 2780 -des
795 2742 822 2793 c,
847 2725 931 2779 —dos
946 2742 969 2794 p
987 2727 1085 2794 (sopra

67 2797 381 2924 mansu*
459 2797 585 2922 utet·
632 2796 778 2922 noted
798 2798 889 2921 d>
1052 2812 1083 2865 t·

67 2885 255 3010 {effluat
275 2941 335 3010 (ete)
354 2885 398 2994 ἀρ’
478 2945 510 2993 n
530 2885 646 2994 uoltu:
666 2939 701 3004 cf.
720 2911 825 2993 ontio
844 2885 1003 3018 epyleqeaz,
1022 2884 1085 3004 {1⁹11

68 3015 122 3066 945.
218 3017 251 3064 1⁶2
270 3008 384 3080 Accipit
406 3013 501 3066 antem
519 3027 549 3080 p:
573 3011 713 3077 dautem
733 3026 759 3077 c,
778 3011 850 3078 ΗΡ.
939 3009 1015 3062 floris
1034 3024 1082 3076 pp:

70 3118 141 3156 ,ωε
151 3117 185 3225 ep,
195 3100 308 3225 (liperprm
329 3098 453 3224 Parim
503 3101 543 3183 et
561 3098 635 3154 erooi
652 3115 685 3222 yl'
706 3116 722 3164 a
741 3102 777 3153 ec*
786 3114 822 3226 p,
847 3087 912 3153 elle
931 3114 945 3151 e
963 3098 1003 3219 (ert
1022 3112 1083 3219 operire

70 3173 155 3306 ’mo
173 3173 310 3311 ema).')'
362 3240 423 3311 pini
441 3172 666 3311 cpsfsspingslssll}
684 3186 718 3309 {⁸
737 3172 773 3239 ⁶)'
801 3170 909 3308 offui}
927 3183 1043 3308 {livio
1062 3209 1085 3304 ε’,

74 3309 116 3365 Vll
130 3329 163 3382 p.
243 3328 317 3368 uvae
334 3328 416 3382 pesse
436 3313 582 3386 enucleate
600 3313 668 3382 ρῳ),
687 3328 757 3367 uvas
775 3327 874 3381 passas
893 3311 922 3365 et
939 3308 1085 3363 nucleates

74 3385 173 3450 1³(nve
202 3399 286 3453 pesse
313 3384 477 3439 nucleorum
502 3384 596 3452 Pete).
706 3388 740 3436 14
767 3399 882 3437 numero
905 3397 950 3451 po:
978 3397 1029 3435 om.
1053 3397 1084 3448 p.

79 3454 356 3525 intemperante
371 3454 479 3525 (Pete).
555 3461 587 3509 15
602 3453 697 3509 inlinis
711 3458 775 3509 ante
789 3469 859 3509 corr.
872 3470 898 3523 9,
913 3453 999 3507 illinis
1012 3457 1084 3521 9⁰02),
