2414 3924
409 218 538 264 nm.1v.
559 217 634 264 cnr.
650 219 724 266 x111.
741 221 811 268 xrv.
1050 213 1109 274 139

117 371 231 430 linaceo
254 380 355 430 coctus
377 373 428 438 sit;
452 372 539 449 idque
561 389 617 430 non
638 373 691 430 nisi
713 373 798 432 tertio
821 391 937 451 quoque
951 375 998 434 die
1015 375 1108 452 detur,

117 457 142 514 si
164 462 259 514 temen
281 473 334 533 per
356 457 433 514 vires
455 454 569 522 licebit;
591 457 672 531 potui
693 473 765 514 vero
788 474 862 534 aqna
879 457 987 533 mulsa,
1010 460 1109 537 inqua

116 538 291 616 hyssopum,
319 548 365 598 ant
385 548 447 598 rute
471 538 593 598 decocta
614 539 660 598 sit.
705 538 787 612 Quae
806 539 908 617 quibus
930 543 1109 620 temporibus

115 621 207 681 danda
228 622 301 697 sint,
326 641 364 681 ex
385 623 496 682 ratione
518 622 633 682 levatae
651 620 744 682 febris
764 624 929 701 apparebit;
953 627 1012 702 sic,
1036 628 1109 694 utin

91 706 287 772 5remissione
304 724 387 784 quam
403 707 523 765 maxima
540 707 656 767 dentur:
678 725 742 767 cnm
759 723 795 765 eo
812 717 923 783 tamen,
941 718 970 769 ut
985 710 1108 770 sciamus

113 807 171 848 non
195 808 261 849 esse
289 792 352 865 ejus
378 791 495 866 generis
523 793 595 849 tussi
621 792 715 851 aridas
742 791 843 852 fauces
873 792 1107 854 committendas:

113 891 206 951 saepe
229 874 320 949 enim,
343 873 392 932 ubi
407 874 475 933 nihil
492 882 537 932 est
552 874 628 951 quod
645 883 833 951 exscreetur,
859 878 1054 953 continuatur,
1080 887 1109 937 ει

112 956 282 1034 strangulat.
318 956 361 1015 Ob
379 975 463 1034 qnam
479 974 594 1017 causam
609 958 668 1017 dixi
685 959 770 1018 etiam
787 962 872 1036 pejus
886 961 914 1020 id
929 979 1022 1037 genus
1040 979 1107 1020 esse

112 1042 215 1115 tussis,
242 1040 318 1118 qnod
340 1041 425 1115 nihil,
449 1059 533 1120 quam
555 1043 630 1120 qnod
652 1043 780 1121 pituitam
802 1053 943 1103 moveret.
983 1045 1041 1104 Sed
1061 1045 1108 1105 bic

79 1127 208 1186 rovinum
231 1125 369 1200 sorbere,
400 1133 430 1184 ut
455 1143 542 1203 snpra
570 1128 787 1204 praecepimus,
817 1127 934 1187 morbus
961 1130 1024 1206 ipse
1050 1146 1107 1189 non

113 1209 235 1287 patitur:
262 1211 289 1267 in
313 1211 406 1269 vicem
429 1210 491 1285 ejus
514 1227 628 1269 cremor
651 1211 781 1288 ptisanae
803 1212 958 1272 sumendus
983 1220 1036 1271 est.
1069 1211 1108 1273 Ut

112 1293 156 1351 his
179 1302 271 1352 autem
294 1294 321 1351 in
341 1295 405 1371 ipso
422 1293 513 1352 morbi
528 1293 645 1353 fervore
661 1294 843 1356 sustinendus
860 1313 951 1373 aeger
967 1305 1027 1372 est,
1051 1297 1106 1374 sic,
1194 1342 1196 1345 ψ

112 1377 159 1435 ubi
182 1377 295 1452 paulum
312 1377 335 1434 is
353 1396 386 1436 se
402 1378 528 1452 remisit,
551 1377 684 1439 alimenta
700 1379 849 1457 pleniora,
873 1381 973 1439 etvini
990 1398 1106 1459 qnoque

112 1458 219 1538 aliquid
242 1461 302 1519 dari
326 1470 437 1537 potest:
466 1461 531 1521 dum
550 1462 619 1521 nihil
646 1463 746 1539 detur,
774 1464 850 1541 quod
877 1473 924 1523 aut
950 1464 1107 1540 refrigeret

78 1562 237 1622 iscorpns,
255 1552 303 1603 nut
319 1545 418 1604 lances
435 1554 562 1623 asperet.
586 1547 617 1605 Si
628 1549 655 1605 in
667 1547 828 1607 refectione
841 1565 957 1626 quoqne
969 1550 1106 1607 manserit

111 1628 216 1703 tussis,
238 1628 426 1688 intermittere
448 1627 595 1706 oportebit
609 1648 664 1689 nno
682 1631 743 1697 die;
765 1641 943 1708 posteroque
962 1650 1023 1690 cnm
1039 1631 1104 1690 cibo

111 1713 168 1770 viui
191 1712 278 1789 paulo
303 1712 368 1789 plns
391 1730 549 1772 assumere.
587 1712 683 1792 Atque
707 1715 862 1792 incipiente
887 1731 1002 1791 qnoque
1023 1715 1104 1790 tussi,

112 1805 170 1854 tum
185 1813 242 1854 non
258 1798 311 1855 erit
327 1797 466 1870 alienum,
487 1806 618 1874 utsupra
635 1815 750 1874 quoque
766 1799 890 1875 positum
907 1807 950 1855 est
967 1796 1021 1874 (cf.
1039 1814 1103 1874 cap.

116 1878 188 1955 10),
215 1881 274 1938 vini
295 1880 415 1954 cyathos
436 1879 572 1939 sorbere:
603 1880 655 1939 sed
680 1882 707 1938 in
727 1881 783 1940 hoc
803 1899 913 1958 genere
935 1879 1105 1939 valetudinis

75 1983 103 2023 ao
115 1962 215 2038 dulce,
237 1963 285 2022 vel
300 1973 379 2022 certe
395 1964 461 2022 lene
478 1964 655 2023 commodius
672 1973 726 2022 εει.
763 1965 793 2023 si
808 1965 910 2023 malum
925 1964 1104 2040 inveteravit,

115 2046 252 2105 athletico
269 2049 345 2106 victu
364 2065 470 2125 corpus
490 2047 654 2107 firmandum
670 2057 723 2106 εει.

389 2285 580 2346 onruu
619 2283 828 2363 xrvpvrq.

295 2402 331 2450 De
347 2403 471 2450 viscerum
485 2404 592 2465 morbis,
612 2413 636 2453 et
650 2405 732 2469 primo
749 2404 780 2453 de
799 2405 926 2470 pulmone.

175 2549 200 2608 Α
224 2554 394 2629 compagine
420 2557 552 2632 corporis
572 2555 607 2615 ad
631 2558 746 2616 viscera
768 2555 971 2615 transeundum
990 2566 1048 2623 est;
1078 2563 1106 2614 et

76 2636 143 2692 cain
166 2637 263 2711 primis
288 2636 322 2695 ad
344 2637 507 2715 pulmonem
530 2639 715 2707 veniendum
746 2659 783 2698 ex
810 2657 867 2719 quo
894 2641 1050 2699 vehemens
1078 2647 1107 2697 et

114 2726 214 2776 acutus
235 2719 351 2780 morbus
374 2721 480 2796 oritur,
504 2740 588 2798 quem
609 2714 915 2802 περιπνευμονικόν
931 2723 1033 2783 Graeci
1054 2740 1105 2781 uo-

115 2810 188 2860 cant.
228 2799 299 2877 Ejns
319 2805 393 2863 haec
415 2805 541 2863 conditio
565 2816 623 2864 est:
647 2807 743 2884 pulmo
767 2815 843 2865 totns
868 2807 1006 2866 allicitur:
1032 2806 1106 2864 hunc

114 2887 177 2960 ejus
196 2903 290 2944 casum
304 2888 489 2965 subsequitur
505 2891 607 2964 tussis,
629 2889 715 2948 bilem
732 2891 779 2948 vel
795 2908 848 2966 pus
863 2890 998 2961 trahens,
1022 2906 1105 2965 prae-

114 2969 276 3028 cordiorum
298 2974 443 3048 totiusque
465 2974 595 3048 pectoris
622 2975 765 3048 gravitas,
797 2973 914 3049 spiritus
942 2970 1105 3044 difficultas,

76 3072 232 3129 aomaguae
254 3053 371 3128 febres,
397 3055 529 3113 contiuua
550 3056 665 3131 vigilia,
688 3057 745 3114 cibi
766 3055 925 3130 fastidium,
948 3055 1040 3113 tabes.
1074 3052 1107 3110 ld

111 3156 202 3215 genus
218 3138 309 3197 morbi
325 3139 388 3216 plns
406 3138 544 3215 periculi,
567 3156 650 3215 quarn
665 3137 774 3198 doloris
791 3137 886 3196 habet.
926 3136 1066 3215 Oportet,
1083 3137 1106 3192 si

111 3224 180 3280 satis
206 3222 320 3281 validae
345 3223 423 3281 vires
452 3231 531 3296 sunt,
564 3223 731 3297 sangninem
757 3223 886 3279 mittere:
919 3222 943 3278 si
968 3222 1106 3293 minores,

112 3305 307 3364 cucurbitulas
325 3308 387 3364 sine
403 3306 482 3365 ierro
499 3304 678 3384 praecordiis
695 3306 869 3365 admovere:
907 3313 978 3380 tum,
997 3305 1019 3361 si
1037 3303 1106 3360 satis

111 3389 206 3464 valet,
230 3390 374 3465 gestando
398 3409 516 3467 aegrum
538 3390 687 3466 digerere:
712 3391 735 3447 si
761 3405 877 3467 parum,
900 3389 972 3447 intra
994 3387 1107 3446 domurn

76 3486 102 3528 cs
115 3482 210 3531 tamen
234 3474 400 3535 dimovere;
429 3477 575 3553 potionem
602 3482 695 3532 autem
719 3472 840 3552 hyssopi
861 3471 947 3548 dare,
970 3490 1032 3532 cum
1049 3487 1106 3549 qno
