2414 3924
127 211 188 273 112
329 220 356 277 '.
416 222 450 270 a,
469 220 500 272 o.
518 221 618 270 onnsr
632 219 828 270 munimnau

125 378 217 455 ditas,
235 377 377 456 simulque
392 385 421 436 et
436 376 499 452 sol,
519 385 547 437 et
562 377 667 453 frigam
684 393 719 437 os
733 375 940 454 obtegendum,
956 377 1058 438 fauces
1073 397 1124 440 vc-

125 463 244 537 landae,
260 460 398 521 tussicula
418 462 477 520 suis
488 460 621 520 remediis
636 460 775 521 finienda:
797 469 841 536 et,
860 461 992 539 quamdiu
1007 463 1124 541 quidem

124 546 266 607 febricula
281 546 427 620 incursat,
444 544 512 603 huic
525 544 664 604 interdum
679 543 867 621 abstinentia,
886 543 1027 604 interdum
1040 549 1125 622 etiam
1160 588 1162 592 .

124 631 307 708 tempestivis
335 628 407 688 cibis
431 627 616 697 medendum;
637 646 731 707 eoque
745 637 878 708 tempore
893 628 1018 690 bibenda
1039 648 1142 710 aqna„

123 714 181 776 hac
197 731 325 794 quoque,
340 713 417 791 quod
435 714 463 771 in
480 713 583 792 capitis
599 711 765 788 doloribus,
788 714 859 771 etin
875 715 966 773 acutis
981 714 1147 793 febribus,c

125 808 154 859 et
169 816 223 877 per
239 816 289 857 eas
303 797 380 857 faeta
394 796 478 855 nimia
495 799 557 872 siti,
575 815 625 873 ac,
647 798 709 856 sive
727 795 900 875 praecordia
915 806 1037 875 tument,
1059 802 1123 859 sive

125 881 230 942 biliosa
252 883 332 941 urina
355 889 413 958 est,
444 883 506 940 sive
529 881 647 957 sanguis
668 880 763 954 fluxit,
787 897 839 958 pro
863 899 975 942 veneno
1002 892 1061 951 est;
1095 886 1123 942 in

125 965 232 1045 phthisi
254 974 364 1041 tamen,
383 967 457 1025 sicut
476 967 505 1024 in
525 965 655 1024 omnibus
676 965 774 1042 longis
797 964 1019 1044 difficilibusque
1035 967 1122 1027 febri-

126 1050 213 1124 culis,
235 1058 317 1109 recte
342 1047 403 1108 dari
419 1058 517 1127 potest
540 1046 635 1128 (Apu.
654 1050 688 1126 V,
706 1047 773 1126 64).
811 1048 894 1123 Quod
917 1050 942 1109 si
965 1050 1055 1110 febris
1077 1060 1125 1111 aut

126 1132 252 1194 nondum
266 1135 407 1208 incursat,
428 1141 478 1192 ‘aut
494 1133 555 1208 jam
574 1134 698 1210 remisit,
722 1131 930 1192 decurrendum
948 1143 993 1193 est
1012 1135 1048 1195 ad
1062 1152 1122 1194 mo·
1134 1153 1158 1194 uo

125 1217 205 1278 dicas
228 1217 470 1293 exercitationes,
498 1217 678 1295 maximeque
701 1216 923 1287 ambulationem
947 1220 1014 1276 item
1041 1219 1124 1278 lenes
1160 1280 1162 1284 Α

125 1302 285 1361 frictiones.
315 1299 451 1359 Balneum
473 1300 596 1361 alienum
617 1309 672 1360 est.
721 1299 810 1359 Cibus
834 1319 900 1360 esse
921 1301 1009 1361 debet
1030 1305 1123 1381 primo

126 1403 204 1461 acer,
220 1393 250 1444 ut
267 1383 373 1460 allium,
389 1402 514 1463 porrum,
533 1384 618 1463 idque
631 1386 724 1462 ipsum
740 1402 777 1444 ex
793 1393 887 1459 aceto,
904 1385 950 1445 vel
965 1404 1002 1444 ex
1020 1388 1124 1447 eodem

125 1468 256 1544 intubus,
278 1468 414 1544 ocimum,
437 1469 566 1528 lactuca:
589 1468 692 1528 deinde
710 1469 800 1544 lenis,
823 1478 852 1528 ut
874 1469 995 1529 sorbitio
1013 1490 1051 1531 ex
1071 1473 1122 1550 pti·

125 1571 210 1631 sana,
227 1551 275 1611 vel
292 1570 329 1611 ex
344 1552 436 1628 alica,
453 1552 500 1611 vel
517 1568 554 1611 ex
574 1553 686 1629 amplo,
704 1553 780 1612 laete
796 1552 920 1627 adjecto.
959 1554 1038 1614 ldem
1057 1572 1122 1630 ory-
1134 1576 1158 1616 rs

126 1655 159 1697 aa
177 1655 308 1715 quoque,
325 1645 369 1711 et,
386 1637 410 1695 si
425 1636 493 1696 nihil
508 1636 584 1697 aliud
600 1646 660 1712 est,
683 1637 728 1696 far
742 1646 879 1714 praestat.
914 1637 984 1697 l'um
1000 1640 1123 1698 invicem

124 1721 211 1782 modo
226 1721 271 1781 his
289 1720 377 1796 cibis,
393 1719 480 1780 modo
494 1721 552 1780 illis
568 1720 702 1781 utendum
718 1729 776 1789 est;
799 1721 1020 1800 adjiciendaque
1036 1741 1122 1801 quae-

126 1806 191 1878 dam
206 1824 244 1865 ex
258 1804 353 1865 media
367 1805 500 1880 materia,
519 1804 736 1884 praecipueque
751 1804 945 1883 cerebellum,
969 1807 1017 1866 vel
1036 1808 1122 1886 pisci·

59 1943 62 1951 .
126 1890 224 1965 culus,
247 1888 341 1949 ethis
363 1889 475 1948 similia.
506 1887 610 1949 Farina
633 1890 718 1948 etiam
741 1908 804 1949 cum
828 1906 899 1950 sevo
920 1890 1010 1950 ovillo
1030 1893 1121 1970 capri·

124 1992 200 2035 nove
221 1976 324 2049 mixta,
356 1972 459 2032 deinde
482 1974 596 2033 incocta
619 1991 671 2051 pro
693 1973 902 2033 medicamento
927 1984 981 2033 est.
1016 1976 1121 2035 Vinum
1132 1991 1158 2032 co

125 2058 231 2118 assumi
247 2057 335 2116 debet
353 2056 435 2132 leve,
455 2067 600 2116 austerum
615 2058 669 2136 (cf.
686 2056 736 2134 111,
751 2057 808 2124 21;
823 2057 875 2132 IV,
894 2057 959 2137 18).
974 2058 1120 2118 Hactenus

124 2159 297 2217 nonmagna
312 2140 388 2198 mole
406 2150 563 2219 pugnatur:
588 2143 613 2200 si
627 2141 827 2200 vehementior
847 2160 923 2202 noxa
939 2152 998 2219 est,
1022 2161 1057 2202 ac
1071 2160 1120 2201 ne-

125 2243 181 2304 que
205 2224 362 2298 febricula,
386 2242 479 2301 neque
498 2225 585 2285 tussis
602 2225 741 2302 quiescit,
764 2227 933 2304 tenuarique
948 2244 1055 2305 eorpus
1071 2245 1121 2305 ap·

126 2316 218 2387 paret,
232 2307 421 2367 validioribus
436 2307 551 2366 auxiliis
569 2325 644 2386 opus
660 2318 712 2367 est
735 2307 966 2369 Exulcerandum
982 2320 1027 2370 est
1041 2310 1121 2370 ferro

126 2390 273 2466 candenti,
294 2409 349 2450 uno
364 2391 430 2450 loeo
447 2390 499 2450 sub
514 2400 627 2469 mento,
651 2392 767 2453 altero
758 2412 786 2452 m
801 2402 934 2471 gutture,
957 2394 1069 2454 duobus
1085 2393 1120 2453 ad
1131 2408 1157 2447 ²⁵

38 2477 40 2481 ’
125 2491 272 2534 mammam
291 2484 454 2553 utramque;
476 2476 544 2533 item
560 2475 636 2535 sub'
628 2477 691 2536 rmis
708 2476 823 2536 ossibus
842 2479 1033 2556 scapularum,
1050 2497 1121 2577 quas

126 2548 322 2657 ὠμοπλάτας
338 2559 442 2619 Graeci
460 2568 583 2635 vocant,
608 2561 665 2637 sic,
688 2579 724 2619 ne
746 2579 902 2621 sanescere
925 2563 1023 2622 ulcera
1045 2565 1120 2621 siua-

125 2661 204 2716 mus,
220 2643 273 2700 nisi
292 2644 362 2700 tussi
376 2643 468 2703 finita.
487 2645 533 2702 eui
548 2660 646 2721 perse
663 2661 778 2723 quoque
794 2645 962 2705 medendum
979 2664 1045 2705 esse
1062 2664 1120 2705 ma·

125 2726 260 2786 nifestum
282 2735 336 2785 est.
375 2726 454 2786 'func
474 2737 518 2786 ter
539 2738 677 2805 quaterve
698 2729 744 2789 die
766 2728 953 2790 vehementer
974 2739 1120 2790 extremae

124 2819 223 2890 partes
247 2810 463 2888 perfricandae,
488 2811 592 2872 thorax
613 2812 670 2872 levi
693 2831 775 2872 manu
795 2815 1029 2891 pertractandus,
1053 2822 1156 2893 posteo

127 2894 220 2955 cibum
234 2895 444 2956 intermittenda
460 2895 547 2972 hora,
576 2905 605 2955 et
621 2897 804 2974 perfricanda
821 2916 904 2957 crura
925 2897 1118 2975 brachiaque:

126 2980 303 3058 interpositis
325 2979 405 3039 denis
428 2979 546 3056 diebus,
571 2981 760 3040 demittendus
784 2991 829 3041 est
851 2999 941 3060 aeger
964 2983 991 3039 in
1007 2981 1120 3054 solium,

125 3066 153 3123 in
171 3081 227 3142 quo
244 3064 280 3124 sit
296 3082 369 3141 aqua
385 3064 476 3125 calida
493 3073 522 3124 et
537 3065 646 3124 oleum:
663 3066 769 3124 ceteris
781 3065 883 3126 diebus
898 3065 1021 3125 bibenda
1032 3082 1119 3142 aqua:

125 3159 182 3208 tum
207 3157 235 3207 et
249 3150 360 3224 viuum,
383 3151 407 3209 si
424 3150 511 3208 tussis
528 3167 586 3208 nou
604 3158 662 3225 est,
684 3151 763 3226 potui
787 3149 920 3227 frigidum
937 3149 1077 3213 dandum:
1096 3149 1120 3205 si

126 3241 186 3307 est,
211 3233 366 3309 egelidum.
396 3233 473 3293 Utile
497 3242 540 3292 est
556 3235 640 3292 etiam
662 3231 744 3291 cibos
764 3236 791 3292 in
809 3234 1025 3293 remissionibus
1048 3249 1117 3310 quo·
1130 3250 1155 3291 ac

125 3315 193 3376 tidie
207 3316 283 3375 dari:
299 3317 450 3377 frictiones
460 3319 697 3394 gestationesque
710 3318 838 3376 similiter
856 3318 1001 3386 adhiberi:
1020 3317 1120 3376 eadem

126 3401 202 3459 acria
221 3410 322 3477 quarto
341 3409 387 3460 aut
410 3402 511 3478 quinto·
528 3401 575 3458 die
596 3419 728 3460 sumere:
753 3402 894 3461 interdum
917 3402 1034 3462 herbam
1055 3419 1119 3460 san·

126 3482 269 3556 guinalem
292 3502 329 3541 ex
350 3493 452 3559 aceto,
479 3484 527 3543 vel
555 3485 749 3562 ptantaginem
768 3503 846 3545 esse.
882 3486 1120 3546 Medicamentum
