2414 3924
440 261 509 307 ere.
522 261 593 308 vm.
612 260 687 309 cnr.
704 262 738 309 x.
1018 249 1075 310 351

95 431 215 476 suouon
232 422 309 491 sunt,
333 410 458 492 paxillus
480 415 574 475 tenuis
588 433 670 492 quarn
691 416 846 476 laevissimi
868 416 985 494 generis
1006 415 1080 476 iuter

95 518 128 559 ea
148 499 255 558 demitti
270 498 357 557 debet
369 500 421 573 sic,
438 507 467 557 ut
483 499 578 577 capite
596 499 710 577 paulum
729 518 816 578 supra
839 500 918 559 ulcus
941 499 1078 569 emineat:

92 585 175 661 isque
193 581 320 659 quotidie
335 581 449 659 plenior
466 581 624 658 adigendus
642 593 696 659 est,
712 582 806 643 donec
822 583 912 663 parid
924 583 1080 644 membrum

93 666 177 727 alteri
194 666 251 724 irat.
283 664 353 724 Tum
369 665 492 743 paxillus
506 666 712 737 removendum
729 667 831 727 vulnus
844 666 999 727 sanandum
1019 677 1079 738 est;

69 749 214 810 scicatrix
230 747 342 808 inducta
360 748 484 807 fovenda
498 748 601 825 frigida
614 767 687 827 aqua
704 760 763 827 est,
778 753 806 810 in
822 769 877 829 qua
894 760 1011 826 myrtus,
1029 751 1079 810 be-

94 833 181 908 dera,
197 831 309 890 aliaeve
325 831 433 891 similes
450 831 595 893 verbenae
612 833 755 893 decoctae
772 835 839 912 sint,
857 833 1079 912 illinendumque

93 917 329 976 medicamentum
358 924 419 990 est,
441 916 517 994 quod
540 918 645 976 siccet:
670 925 699 976 et
719 921 811 994 magis
835 920 920 978 etiam
934 918 980 978 hic
1001 919 1079 997 quie·

94 999 245 1074 scendum,
267 998 360 1057 donec
373 998 399 1057 id
418 999 574 1058 membrum
595 1001 788 1060 confirmetur.
819 1003 850 1062 Si
870 1001 984 1080 quando
1006 1020 1079 1062 vero

94 1102 160 1144 ossa
176 1101 232 1143 non
250 1081 569 1162 conferbuerant„quia
584 1101 674 1161 saepe
687 1083 798 1159 soluta,
815 1103 904 1162 saepe
915 1094 989 1144 mota
1007 1095 1079 1162 sunt,

59 1192 83 1233 10
93 1170 121 1228 in
136 1175 238 1245 aperto
256 1164 360 1226 deinde
374 1168 483 1226 curatio
501 1174 558 1226 est:
585 1176 705 1244 possunt
729 1169 803 1227 enim
828 1170 917 1228 coire.
948 1170 978 1228 Si
1000 1178 1080 1229 vetu-

94 1260 153 1311 stas
170 1250 339 1327 occupavit,
361 1249 518 1309 membrum
542 1250 751 1327 extendendum
774 1261 831 1319 est;
864 1270 931 1313 ossa
951 1253 1025 1312 inter
1046 1270 1079 1312 se

94 1352 178 1394 manu
193 1333 354 1408 dividenda,
371 1342 401 1392 ut
417 1332 615 1394 concurrendo
639 1344 863 1413 exasperentur,
889 1345 918 1395 et
944 1337 980 1406 si,
1012 1337 1080 1415 quid

96 1418 203 1497 pingue
219 1425 280 1492 est,
296 1415 444 1492 eradatur,
461 1426 607 1495 totumque
622 1417 651 1477 id
666 1420 748 1497 quasi
761 1436 866 1480 recens
891 1421 954 1480 liat:
976 1438 1079 1497 magna

94 1511 188 1560 tamen
207 1517 275 1559 cura
290 1498 403 1576 habita,
420 1519 456 1560 oe
470 1503 552 1560 nervi
568 1502 726 1561 musculive
745 1502 901 1564 laedantur.
930 1503 1000 1563 Tum
1012 1505 1079 1563 vino
1100 1540 1103 1547 -

60 1583 247 1644 refovendum
262 1592 319 1660 cst,
335 1585 363 1641 in
378 1600 435 1662 quo
449 1584 626 1644 malicorium
639 1585 791 1645 decoctum
802 1587 850 1656 sit;
866 1587 1078 1665 imponendum·

95 1687 150 1746 que
167 1667 302 1745 idipsum
319 1669 366 1726 ovi
383 1667 450 1727 ulbo
465 1669 595 1728 mixtum:
616 1669 701 1728 tertio
725 1669 771 1728 die
791 1671 1010 1745 resolvendum,
1034 1670 1078 1730 io·

93 1751 273 1828 vendumque
288 1768 363 1828 aqua
377 1753 404 1809 in
422 1769 476 1829 qua
485 1750 642 1828 verbenae,
656 1750 691 1811 de
705 1753 807 1832 quibus
820 1772 906 1833 supra
918 1753 976 1813 dixi
988 1752 1023 1833 (l.
1032 1752 1078 1832 6),
1145 1773 1147 1776 ·

94 1835 235 1894 decoctae
252 1835 322 1894 sint:
340 1835 438 1912 quinto
452 1834 498 1894 die
508 1833 583 1894 idem
595 1835 944 1915 iaciendum,lcrulaeque
959 1839 1077 1897 circum·

94 1918 217 1979 dandae:
235 1927 347 1993 cetera,
365 1927 393 1976 et
409 1928 484 1995 ante,
506 1929 534 1977 et
552 1926 632 1997 post,
651 1918 752 1979 eadem
766 1920 914 1995 iacienda,
935 1939 1008 1998 quae
1032 1939 1077 1979 su·

58 2019 82 2056 uo
96 2021 147 2081 pra
163 2003 277 2080 scripsi.
307 2002 408 2061 Solent
424 2012 518 2062 tamen
533 2003 671 2062 interdum
686 2010 848 2062 transversa
870 2006 944 2062 inter
960 2022 992 2062 se
1011 2020 1078 2063 ossa

95 2087 284 2146 conferrere:
310 2103 403 2163 eoque
427 2095 455 2145 et
477 2086 593 2145 brevius
610 2085 780 2162 membrum,
807 2096 835 2146 et
852 2086 1018 2146 indecorum
1033 2087 1078 2156 iit;

93 2179 135 2245 et,
160 2171 183 2228 si
203 2171 298 2248 capita
320 2171 450 2229 acutiora
471 2179 549 2247 sunt,
571 2171 703 2230 assiduae
719 2172 888 2248 punctiones
910 2172 1077 2230 sentiuntur.

93 2252 136 2311 Ob
153 2271 236 2332 quam
255 2272 369 2313 causam
384 2254 476 2331 frangi
492 2273 589 2314 rursus
605 2271 672 2313 ossa
694 2262 722 2312 ct
743 2252 827 2330 dirigi
843 2253 958 2313 debent.
975 2253 1079 2313 Idboc

92 2337 176 2396 modo
201 2338 239 2397 lu.
277 2334 376 2397 Calida
397 2355 470 2416 aqua
495 2339 580 2398 molta
608 2335 763 2397 membrum
787 2337 814 2396 id
833 2337 961 2413 locetur,
990 2347 1079 2397 etex

56 2440 82 2478 ca
94 2430 192 2481 cerato
208 2420 317 2498 liquido
334 2422 515 2499 perfricatur,
531 2421 755 2497 intenditurque:
771 2423 846 2481 inter
861 2420 935 2481 baec
951 2421 1078 2481 medicus

93 2512 273 2583 pertractans
293 2522 376 2579 ossa,
393 2513 423 2564 ut
439 2504 531 2564 adhuc
546 2514 647 2564 tenero
661 2505 752 2581 callo,
767 2504 896 2565 manibus
913 2523 947 2565 ea
963 2505 1078 2582 diducit,

92 2587 299 2664 compellitque
314 2587 341 2646 id
359 2587 436 2665 quod
452 2589 557 2647 eminet
568 2591 596 2647 in
608 2608 686 2648 suam
702 2589 817 2650 sedem:
833 2597 872 2664 ει,
882 2590 905 2648 si
919 2607 1017 2667 parum
1030 2607 1078 2648 va·

91 2669 152 2744 luit,
169 2668 205 2727 ab
222 2686 256 2728 ea
271 2680 362 2747 parte,
377 2673 405 2729 io
421 2689 504 2748 quam
519 2688 552 2729 os
568 2690 600 2731 se
624 2672 755 2746 inclinat,
776 2673 931 2733 involutam
953 2673 1078 2733 lauare·

91 2751 186 2828 golam
204 2751 318 2826 objicit;
341 2764 427 2830 atque
447 2755 485 2813 itu
503 2753 671 2831 deligando,
688 2773 859 2815 assuescere
880 2758 981 2815 iterum
999 2765 1078 2814 vetu-

57 2844 153 2894 costae
172 2835 235 2893 sedi
251 2836 338 2911 cogit.
368 2835 584 2914 Nonnumquam
601 2847 694 2897 autem
710 2846 790 2897 recte
807 2839 921 2916 quidem
939 2856 1006 2898 ossa
1020 2839 1077 2897 coi·

92 2928 189 2993 erunt,
209 2919 420 2995 superincrevit
437 2936 507 2996 vero
523 2921 624 2978 nimius
640 2920 747 2986 callum
768 2921 893 2999 ideoque
905 2921 989 2979 locus
1004 2922 1077 2979 isin·

91 3003 198 3062 tumuit.
233 3000 318 3074 Quod
339 3001 386 3060 ubi
408 3003 521 3077 incidit,
545 3002 591 3061 diu
612 3003 775 3079 leniterque
791 3004 818 3063 id
840 3002 997 3062 membrum
1012 3021 1077 3080 per-

90 3086 248 3146 fricandum
266 3094 312 3144 cst
326 3104 363 3144 ex
378 3084 445 3144 oleo
461 3095 490 3145 et
505 3086 565 3144 sale
579 3095 608 3145 et
625 3086 716 3153 nitro;
737 3087 881 3163 multaque
898 3103 970 3163 aqua
987 3086 1078 3147 calida

91 3171 167 3229 salsa
184 3169 351 3237 lovendum;
368 3177 398 3228 et
412 3168 614 3247 imponendum
631 3169 782 3246 malagma,
798 3170 873 3247 quod
885 3169 1014 3247 digeram
1029 3170 1078 3229 ad·

57 3270 81 3309 ts
91 3255 275 3331 strictiusque
304 3252 491 3329 alligandum;
515 3252 716 3333 oleribusque,
740 3262 769 3312 et
798 3262 948 3333 praetcrea
972 3254 1080 3312 vomitu
1107 3309 1109 3313 ,

91 3337 239 3397 utendum:
271 3355 324 3415 per
347 3354 420 3416 quae
444 3355 505 3398 cum
527 3354 614 3396 carne
637 3337 728 3396 callus
759 3354 874 3416 quoque
897 3345 1080 3395 extenuatur.

92 3417 271 3499 Confertque
288 3420 395 3498 aliquid
411 3423 501 3500 sinapi
519 3438 581 3480 com
599 3420 654 3480 lico
672 3420 699 3478 in
721 3421 839 3480 alterum
858 3418 1000 3499 membran¹

92 3504 230 3583 positum,
253 3503 346 3563 donoc
365 3503 393 3562 id
410 3505 523 3582 paulum
546 3503 663 3580 erodat,
688 3520 784 3581 eoque
801 3513 905 3564 evocet
921 3510 1000 3564 nate·
