2414 3924
468 216 689 279 -91-

63 362 172 441 capitis
191 359 329 422 defluunt
346 369 377 421 ct
400 363 426 421 si
447 362 478 420 in
500 360 641 440 pulmone
667 362 758 422 fuerit
777 360 920 425 ulccrutio
940 363 1083 426 malarum

62 449 157 511 rubor
190 451 223 511 in
254 448 339 510 vultu
372 449 553 530 ostenditur,
586 457 617 510 et
644 449 806 529 digitorum
834 454 930 531 capita
959 452 1083 516 robusta

62 539 238 600 cfficiuntur
266 555 336 600 cum
363 537 561 599 obuncatione
588 541 747 620 unguium,
776 557 865 617 quam
889 538 994 601 Graeci
1016 559 1082 622 gry-

61 629 150 707 posin
175 635 291 688 vocant.
705 669 707 679 ·

152 717 186 776 iu
219 715 425 777 curationibus
458 734 530 776 vero
561 724 680 797 oportet
706 718 738 776 in
764 718 914 797 principio
941 715 1109 779 adhiberet

63 823 138 884 quae
158 803 276 866 valeant
294 803 414 865 sordida
432 805 534 865 ulcera
552 804 720 885 depurgare
741 814 772 867 et
794 807 927 886 ipsorum
947 806 1082 867 locorum

61 895 243 973 patientium
272 897 421 954 tumorem
449 894 593 972 mitigare.
634 893 691 954 boc
719 902 767 956 est
792 894 913 956 faenum
942 912 1082 974 graecum

59 1000 177 1061 coques
204 981 311 1043 codem
341 981 428 1042 modo
457 1000 517 1060 quo
545 984 684 1061 superius
708 983 743 1044 ad
772 983 946 1044 tussiculam
969 983 1082 1044 aridam

58 1073 308 1151 conscripsimus,
323 1079 436 1132 etcum
451 1071 567 1132 modico
582 1071 672 1132 melle-
684 1070 859 1151 despumato
874 1071 958 1133 dabis
972 1073 1082 1133 ieiunis
1115 1118 1118 1126 .
1203 1151 1205 1155 Ι

57 1169 90 1220 ct
104 1159 143 1220 ad
158 1177 325 1238 vesperam.
357 1158 409 1220 sed
424 1161 450 1221 si
463 1158 531 1239 plus
545 1158 675 1221 eundem
688 1179 795 1221 sucum
809 1162 927 1240 operari
943 1161 1082 1241 volueris,
1096 1171 1122 1210 1⁰

58 1250 90 1308 in
124 1247 259 1309 secunda
291 1266 367 1327 aqua
396 1248 490 1308 'addes
522 1249 581 1309 irin
613 1247 757 1328 illyricam
789 1256 822 1310 ct
852 1252 937 1329 ysopi
967 1262 1080 1329 cymam

59 1337 232 1398 sufficiente
252 1336 354 1418 modo,
378 1344 408 1398 et
430 1336 560 1398 admixto
584 1337 700 1398 modico
720 1337 807 1398 melle
827 1337 965 1399 similiter
988 1337 1080 1399 dabis.

56 1426 153 1506 aliqui
167 1442 240 1486 vero
258 1443 314 1505 pro
328 1424 414 1486 melle
434 1428 547 1487 caricas
565 1428 692 1506 pingues
711 1426 801 1505 supra
820 1426 908 1487 dictis
922 1426 1081 1506 speciebus

57 1515 230 1593 adiungunt
252 1521 283 1575 et
305 1515 337 1574 in
360 1532 420 1575 uno
444 1522 586 1593 coquunt.

149 1602 208 1663 alia
231 1604 313 1682 potio
336 1602 463 1664 diorobu
485 1603 630 1682 appellata
656 1603 685 1663 id
709 1612 756 1664 est
778 1602 815 1665 de
838 1621 919 1665 erro.
957 1612 988 1664 et
1010 1616 1120 1664 con-1⁵

57 1693 162 1753 licitur
181 1692 233 1752 sic.
271 1709 374 1752 orrum
394 1691 519 1752 rubrum
542 1692 639 1772 pridie
659 1709 734 1771 aqua
756 1691 911 1771 infundes,
933 1690 990 1752 alla
1008 1710 1079 1752 vero

57 1779 106 1841 die
135 1786 216 1841 testa
244 1781 336 1858 ignita
365 1781 539 1841 terrefacies
567 1780 729 1841 moderate·
746 1787 781 1840 ut
811 1798 871 1841 non
903 1780 1017 1860 undeet,
1051 1788 1080 1840 et

57 1869 233 1948 diligenter
251 1867 377 1929 siccabis
405 1877 435 1930 et
462 1868 556 1930 moles
585 1868 719 1930 manuali·
745 1868 837 1949 mola,
874 1885 942 1928 nam
975 1867 1080 1929 Graeci

56 1955 250 2036 cbiromylon
287 1965 406 2037 vocant,
447 1966 478 2018 et
516 1960 615 2039 ipsum
658 1956 800 2038 pollinem
835 1957 921 2016 tenui
958 1953 1080 2016 cribello

57 2048 197 2125 traicics,
226 2052 315 2105 etex
344 2048 409 2124 ipso
437 2046 560 2126 pulvere
584 2046 667 2107 dabis
691 2044 870 2106 coclearium
894 2059 987 2104 unum
1011 2062 1079 2105 cum
1094 2059 1120 2097 20

56 2135 156 2196 mulsa
188 2133 281 2194 calida
309 2136 418 2195 iciunis
445 2142 476 2196 et
503 2135 539 2194 ad
567 2152 729 2216 vesperam.
771 2131 928 2212 aliquando
952 2151 1023 2194 vero
1048 2135 1079 2193 iu

57 2223 157 2285 tribus
191 2221 327 2302 partibus
359 2224 478 2302 pollinis
511 2223 660 2284 adduntur
691 2225 775 2303 ysopi
804 2231 834 2283 et
865 2224 919 2282 iris
949 2220 1079 2301 illyricae

56 2321 160 2391 partes
188 2310 335 2392 singulae,
360 2320 389 2372 et
412 2311 549 2373 similiter
572 2320 605 2372 ut
629 2329 718 2392 supra
742 2311 837 2371 datur.

86 2540 88 2546 ,
131 2489 145 2536 1
167 2481 308 2535 melorum
326 2497 344 2549 p
363 2483 527 2551 (utsupra).
601 2488 617 2536 3
633 2482 819 2537 obuncatioue
833 2488 892 2551 90p,
911 2481 1079 2537 obunctione

56 2559 121 2608 autc
139 2569 214 2608 corr.
234 2569 265 2623 p,
289 2551 440 2606 mitccione
465 2569 487 2607 c.
596 2551 733 2624 griposim
752 2554 823 2619 (—si
836 2555 870 2622 p)
888 2569 938 2621 pp,
964 2554 1080 2620 possunt

57 2627 118 2695 (sic)
137 2641 162 2679 c.
239 2628 255 2676 6
274 2622 387 2678 valeant
405 2640 446 2693 cp,
465 2625 561 2679 velent
578 2640 604 2693 p.
695 2631 710 2678 ‘l
730 2625 783 2678 hoc
803 2625 846 2679 est
864 2625 924 2693 (sic)
940 2639 983 2703 pc,
1001 2623 1019 2676 i.
1039 2622 1080 2690 (id

57 2698 110 2763 cst)
125 2712 158 2765 p.
268 2693 382 2749 foenum
400 2712 417 2765 p
436 2693 494 2764 (fen
507 2713 544 2765 p,
565 2695 632 2750 feuu
651 2698 685 2764 c).
791 2701 823 2749 11
842 2693 904 2748 irisi
926 2693 1035 2748 hriccm
1053 2711 1079 2764 p,

57 2765 197 2821 rnsrll‘ucet
207 2782 239 2835 p,
256 2764 448 2819 msrllrunccm
457 2782 477 2848 ,c
490 2768 532 2835 (id
544 2771 583 2821 cst
597 2765 863 2848 irisilliricampcp).
934 2765 975 2833 i(y
984 2766 1081 2834 plsopi

58 2853 265 2962 limittit
283 2923 309 2975 9,
325 2836 633 2976 tnttutnt
643 2852 678 2976 l?
701 2836 1019 2964 ”limittit
1038 2851 1081 2960 et

58 2979 213 3047 berbump
232 2979 330 3046 (supro
343 2984 374 3047 9⁰
392 2995 479 3048 genus
496 2978 665 3048 leguminis),
684 2978 703 3032 i.
721 2977 790 3032 h’bu
804 2995 835 3047 p.
909 2983 942 3032 16
960 2976 1080 3059 herbum

58 3067 81 3120 p,
98 3051 154 3105 hei
172 3065 216 3118 ep.
323 3048 451 3103 rubrum:
476 3052 511 3118 cf.
535 3050 598 3104 Gal.
623 3049 729 3116 XIII,
752 3053 808 3104 846
832 3042 943 3119 ὀρόβων
966 3066 1080 3114 cropus.

58 3120 185 3176 infundis
203 3136 238 3190 pc
255 3119 352 3188 (—des
369 3121 408 3188 p).
519 3126 551 3175 17
569 3119 715 3176 tumefecis
732 3136 792 3191 pcp.
902 3124 935 3171 18
957 3117 1031 3170 Nam
1049 3133 1080 3186 p:

59 3193 135 3260 quod
154 3193 203 3262 (qr)
225 3207 247 3257 c,
266 3207 351 3258 quum
365 3208 395 3261 p.
470 3197 503 3245 19
522 3191 599 3262 chy(i
613 3190 777 3260 cp)romilon
794 3207 854 3260 pop.
925 3187 1004 3242 tenui
1027 3187 1079 3241 cri·

58 3261 168 3319 bellete
184 3260 312 3331 (cribello
326 3263 349 3331 c)
364 3260 480 3317 trahicis
495 3261 602 3332 (troicis
616 3265 640 3331 c)
653 3279 698 3332 pc:
717 3260 858 3317 subtiliter
872 3258 962 3313 oribus
977 3258 1038 3328 (sic)
1048 3275 1080 3328 p.

59 3339 91 3389 20
106 3335 205 3391 cocl’r.
219 3333 242 3386 Ι.
262 3348 288 3397 e,
309 3332 417 3387 cocl’er.
437 3334 457 3386 Ι.
476 3352 504 3403 p.
595 3339 629 3388 22
648 3332 761 3388 additur
775 3375 781 3386 .
797 3375 803 3387 .
819 3373 824 3386 .
840 3332 934 3400 partes
953 3329 1080 3401 singulos

60 3406 133 3471 t—le
153 3407 180 3472 c)
199 3420 233 3474 pc
251 3403 424 3472 (adduntur.
439 3447 446 3460 .
463 3422 511 3474 .p.
530 3403 641 3474 singule
654 3405 696 3473 p).
777 3401 867 3472 ysopi.
887 3403 916 3456 et
934 3400 1035 3475 illiricp
1053 3417 1080 3472 p,

60 3481 97 3548 1131
115 3485 130 3532 ῑ
148 3477 252 3531 rllnuce
271 3491 286 3528 c
304 3474 395 3544 (ysopi
418 3477 448 3529 et
464 3475 561 3543 yrisill'
576 3477 619 3544 p).
715 3479 749 3528 23
769 3475 851 3528 detur
868 3488 913 3542 pc:
932 3473 1071 3541 dantury?
