2414 3924
149 213 208 276 102
435 225 468 272 ι.
486 224 517 272 c.
533 223 631 274 cuum
646 224 840 275 amaremur

146 357 259 440 facilius
279 380 369 439 fallat.
399 379 470 440 Nam
492 381 516 439 si
537 380 612 440 bene
631 393 664 439 se
684 381 868 458 purgaverit,
890 397 928 438 ex
942 396 1044 456 magna
1058 387 1143 456 parte

93 516 96 522 .
146 463 276 524 morbum
291 462 407 523 levabit.
432 463 514 540 Ergo
530 465 614 524 etiam
630 483 653 524 sr
647 464 758 522 'semel
772 463 865 523 datum
881 472 1025 523 veratrum
1044 480 1144 541 parum

147 539 321 646 profecerit,
347 547 517 626 interposito
545 557 677 627 tempore
704 549 805 608 iterum
827 546 887 607 dari
912 547 1008 606 debet.
1039 545 1143 645 Neque

146 633 283 710 ignorare
288 639 421 730 oportet,
437 631 577 691 leviorem
589 649 656 691 esse
667 631 795 691 morbum
810 649 873 690 cum
885 633 955 708 risu,
968 648 1050 709 quam
1064 632 1142 689 serio

146 716 352 776 insanientium.
382 713 455 774 Illud
470 732 585 793 quoque
597 724 767 794 perpetuum
779 725 823 775 est
836 718 863 774 in
874 716 1004 775 omnibus
1016 714 1140 782 morbis:
1156 735 1168 773 s

146 800 194 860 ubi
214 798 253 860 ab
272 799 411 858 inferiore
434 808 516 876 parte
540 799 704 878 purgandus
727 799 830 878 aliquis
851 809 911 876 est,
934 808 1063 859 ventrem
1079 800 1143 873 ejus

147 892 213 943 ante
228 882 395 963 solvendum
413 900 493 951 esse;
513 882 562 942 ubi
577 901 593 943 a
606 884 773 962 superiore,
791 884 1033 961 comprimendum
1045 880 1141 961 (Aple

147 966 304 1046 vl1‚70)
342 968 373 1026 Si
395 983 467 1026 vero
494 967 643 1026 consilium
664 968 852 1026 insanientem
879 967 966 1043 fallit,
995 968 1143 1028 tormentis

148 1050 314 1130 quibusdam
335 1050 441 1130 optime
464 1059 586 1110 curatur.
617 1051 673 1112 Ubi
696 1068 847 1130 perperam
862 1013 966 1130 aliquid
988 1051 1072 1127 dixit,
1098 1059 1145 1110 aut

147 1136 232 1211 fecit,
252 1135 351 1210 fame,
365 1134 504 1211 vinculis,
527 1135 621 1212 plagis
640 1134 818 1195 coercendus
842 1144 895 1194 est.
927 1134 1083 1213 Cogendus
1100 1143 1144 1195 est
1157 1151 1179 1190 m

148 1227 178 1278 et
193 1217 354 1293 attendere,
371 1227 400 1277 et
414 1217 546 1280 ediscere
561 1219 675 1298 aliquid,
695 1229 723 1278 et
740 1220 919 1279 meminisse:
935 1222 978 1278 sic
991 1221 1065 1278 enim
1083 1220 1143 1292 det,

149 1311 179 1361 ut
199 1302 332 1380 paulatim
353 1311 428 1361 metu
452 1312 574 1378 cogatur
597 1302 798 1379 considerare,
827 1303 893 1382 quid
915 1303 1012 1363 faciat.
1042 1303 1143 1362 Subito

149 1387 234 1446 etiam
252 1387 365 1462 terreri,
381 1394 411 1445 et
426 1387 635 1464 expavescere,
651 1388 680 1445 in
694 1386 752 1445 hoc
767 1387 868 1448 morbo
887 1387 1019 1466 prodest;
1036 1397 1065 1446 et
1080 1388 1143 1447 fere

149 1469 283 1549 quidquid
305 1471 424 1528 animum
446 1469 633 1530 vehementer
656 1469 812 1548 perturbat.
846 1471 946 1531 Potest
966 1473 1039 1530 enim
1056 1489 1143 1549 quae-

148 1553 212 1613 dam
227 1554 288 1613 lieri
305 1555 433 1629 mutatio,
449 1572 533 1632 quum
550 1554 584 1614 ab
600 1571 637 1614 eo
654 1563 727 1615 statu
744 1572 835 1631 mens,
851 1557 878 1614 in
895 1574 951 1633 quo
970 1555 1078 1630 fuerat,
1095 1555 1143 1614 ab·
1155 1569 1179 1608 ιι

149 1638 231 1698 ducta
248 1647 300 1697 est.
329 1636 453 1697 Interest
468 1639 566 1717 etiam,
592 1640 617 1698 is
638 1640 702 1717 ipse
724 1640 786 1698 sine
807 1657 894 1700 causa
909 1639 1028 1700 subinde
1044 1639 1143 1714 rideat,

148 1741 184 1784 an
201 1731 328 1782 moestus
342 1721 538 1800 demissusque
553 1724 603 1783 sit:
627 1741 691 1783 nam
708 1722 826 1784 demens
840 1723 968 1784 hilaritas
983 1723 1143 1783 terroribus

148 1808 200 1882 iis,
224 1807 259 1866 de
280 1806 383 1885 quibus
405 1825 491 1886 supra
512 1807 586 1883 dini,
610 1807 711 1867 melius
730 1817 859 1868 curatur:
883 1810 906 1867 si
927 1810 1010 1867 nimia
1031 1807 1144 1867 tristitia

149 1900 208 1966 est,
227 1891 345 1969 prodest
363 1891 452 1965 lenis,
475 1891 528 1950 sed
545 1891 631 1952 multa
650 1891 694 1951 bis
709 1892 754 1951 die
772 1893 880 1962 frictio;
907 1894 972 1952 item
988 1911 1041 1971 per
1058 1899 1144 1969 caput

148 1992 220 2054 aqua
236 1975 339 2052 frigida
357 1975 464 2051 infusa,
479 1974 690 2054 demissumque
709 1994 816 2054 corpus
831 1978 858 2034 in
874 1995 974 2055 aquam
994 1986 1021 2036 et
1038 1976 1142 2035 oleum.
1153 1990 1179 2029 no

147 2058 200 2119 llla
220 2060 376 2118 communia
394 2068 472 2118 sunt:
489 2061 663 2118 insanientes
675 2059 861 2120 vehementer
874 2064 1006 2121 exerceri
1019 2060 1144 2126 debere:

147 2144 234 2203 multa
248 2143 383 2203 frictione
398 2145 451 2210 uti;
470 2161 565 2221 neque
580 2145 714 2220 pinguem
733 2163 864 2220 carnem,
879 2163 972 2223 neque
990 2147 1084 2204 vinum
1100 2162 1145 2203 as·

148 2246 276 2293 sumere;
296 2227 367 2286 cibis
383 2228 421 2285 uti
438 2236 505 2304 post
523 2230 733 2304 purgationem,
750 2248 787 2288 ex
802 2228 894 2288 media
908 2232 1042 2305 materia,
1059 2246 1144 2307 quam

147 2312 316 2376 levissimis;
341 2328 399 2370 non
424 2320 562 2389 oportere
583 2329 649 2370 esse
671 2313 719 2370 rel
743 2313 839 2389 solos,
857 2313 905 2372 vel
920 2315 994 2372 inter
1015 2315 1144 2391 ignotos,

102 2429 105 2435 ·
147 2394 195 2452 vel
212 2395 284 2452 inter
301 2412 368 2470 eos,
395 2411 468 2473 quos
487 2403 534 2454 aut
555 2404 752 2472 contemnant,
778 2407 824 2456 aut
846 2398 1009 2474 negligant;
1034 2406 1179 2456 mutarem

148 2477 256 2537 debere
271 2480 417 2554 regiones,
435 2487 471 2555 et,
489 2480 513 2537 si
530 2496 609 2538 mens
626 2479 708 2555 redit,
725 2498 816 2540 annua
829 2483 1064 2558 peregrinatione
1078 2500 1145 2540 esse

143 2561 308 2637 jactandos.

210 2645 305 2722 Raro,
328 2645 379 2704 sed
402 2647 555 2724 aliquando
578 2656 686 2724 tamen,
712 2667 749 2708 ex
769 2658 845 2709 metu
860 2649 991 2709 delirium
1006 2649 1144 2707 nascitur.

149 2729 231 2805 Quod
248 2748 339 2806 genus
354 2730 550 2790 insanientium
567 2734 669 2809 specie
690 2733 791 2811 simili,
823 2732 964 2812 similique
984 2734 1077 2791 victus
1094 2751 1145 2809 ge-

146 2832 217 2873 nere
233 2813 385 2873 curandum
399 2824 457 2875 est:
476 2824 676 2894 praeterquam
690 2817 789 2895 quod
780 2836 808 2875 m
825 2817 903 2876 hoc
895 2817 1022 2900 insaniae
1035 2835 1181 2893 generem

147 2897 212 2958 eolo
230 2907 312 2957 recte
326 2899 420 2957 vinum
438 2898 529 2959 datur

490 3137 664 3200 carun
696 3141 806 3199 xix.
870 3119 874 3128 '

496 3257 499 3263 '
552 3254 588 3303 De
602 3255 733 3304 cardiacis.

210 3406 260 3465 llis
285 3405 392 3465 morbis
417 3408 575 3486 praecipue
604 3407 775 3465 contrarium
802 3414 846 3463 est
877 3406 904 3465 id
928 3425 1037 3482 genus,
1068 3406 1145 3485 quod

145 3481 328 3568 καρδιακόν
359 3487 515 3549 aGraecis
545 3491 720 3559 nominatum
750 3490 879 3567 quamvis
900 3508 990 3567 saepe
1018 3491 1053 3550 ad
1079 3510 1182 3556 eumsa
