<?xml version="1.0" encoding="UTF-8"?>
<!DOCTYPE html PUBLIC "-//W3C//DTD XHTML 1.0 Transitional//EN"
    "http://www.w3.org/TR/xhtml1/DTD/xhtml1-transitional.dtd">
<html xmlns="http://www.w3.org/1999/xhtml" xml:lang="en" lang="en">
 <head>
  <title>
</title>
<meta http-equiv="Content-Type" content="text/html;charset=utf-8" />
  <meta name='ocr-system' content='tesseract 3.04.00' />
  <meta name='ocr-capabilities' content='ocr_page ocr_carea ocr_par ocr_line ocrx_word'/>
</head>
<body>
  <div class='ocr_page' id='page_1' title='image "./cassiifelicisde00rosegoog_0653.png"; bbox 0 0 2414 3924; ppageno 0'>
   <div class='ocr_carea' id='block_1_1' title="bbox 74 221 780 305">
    <p class='ocr_par' dir='ltr' id='par_1_1' title="bbox 74 221 780 305">
     <span class='ocr_line' id='line_1_1' title="bbox 74 221 780 305; baseline -0.011 -22"><span class='ocrx_word' id='word_1_1' title='bbox 74 221 142 284; x_wconf 74' lang='lat'>³30</span> <span class='ocrx_word' id='word_1_2' title='bbox 376 231 408 278; x_wconf 85' lang='lat' dir='ltr'>s.</span> <span class='ocrx_word' id='word_1_3' title='bbox 425 229 456 278; x_wconf 90' lang='lat' dir='ltr'>o.</span> <span class='ocrx_word' id='word_1_4' title='bbox 474 229 573 278; x_wconf 83' lang='lat' dir='ltr'>csss1</span> <span class='ocrx_word' id='word_1_5' title='bbox 586 226 780 305; x_wconf 70' lang='lat' dir='ltr'>monimum</span> 
     </span>
    </p>
   </div>
   <div class='ocr_carea' id='block_1_2' title="bbox 79 381 1074 464">
    <p class='ocr_par' dir='ltr' id='par_1_2' title="bbox 79 381 1074 464">
     <span class='ocr_line' id='line_1_2' title="bbox 79 381 1074 464; baseline -0.009 -14"><span class='ocrx_word' id='word_1_6' title='bbox 79 407 119 450; x_wconf 83' lang='lat' dir='ltr'>ex</span> <span class='ocrx_word' id='word_1_7' title='bbox 130 386 229 462; x_wconf 88' lang='lat' dir='ltr'>iebre,</span> <span class='ocrx_word' id='word_1_8' title='bbox 245 402 320 464; x_wconf 83' lang='lat' dir='ltr'>qnae</span> <span class='ocrx_word' id='word_1_9' title='bbox 335 385 383 445; x_wconf 91' lang='lat' dir='ltr'>ubi</span> <span class='ocrx_word' id='word_1_10' title='bbox 398 384 554 445; x_wconf 76' lang='lat' dir='ltr'><strong>mediocria</strong></span> <span class='ocrx_word' id='word_1_11' title='bbox 570 392 648 461; x_wconf 89' lang='lat' dir='ltr'>sunt,</span> <span class='ocrx_word' id='word_1_12' title='bbox 670 383 720 443; x_wconf 86' lang='lat' dir='ltr'>illa</span> <span class='ocrx_word' id='word_1_13' title='bbox 736 383 793 443; x_wconf 87' lang='lat' dir='ltr'>alte</span> <span class='ocrx_word' id='word_1_14' title='bbox 808 381 997 442; x_wconf 67' lang='lat' dir='ltr'>descendisse</span> <span class='ocrx_word' id='word_1_15' title='bbox 1012 397 1074 447; x_wconf 92' lang='lat' dir='ltr'>non</span> 
     </span>
    </p>
   </div>
   <div class='ocr_carea' id='block_1_3' title="bbox 75 465 1105 2220">
    <p class='ocr_par' dir='ltr' id='par_1_3' title="bbox 75 465 1105 2220">
     <span class='ocr_line' id='line_1_3' title="bbox 81 465 1074 553; baseline -0.006 -21"><span class='ocrx_word' id='word_1_16' title='bbox 81 479 187 553; x_wconf 84' lang='lat' dir='ltr'>potest.</span> <span class='ocrx_word' id='word_1_17' title='bbox 217 469 397 530; x_wconf 72' lang='lat' dir='ltr'>Manifestior</span> <span class='ocrx_word' id='word_1_18' title='bbox 409 478 504 528; x_wconf 91' lang='lat' dir='ltr'>tamen</span> <span class='ocrx_word' id='word_1_19' title='bbox 518 467 619 528; x_wconf 84' lang='lat' dir='ltr'>adacto</span> <span class='ocrx_word' id='word_1_20' title='bbox 639 467 756 528; x_wconf 83' lang='lat' dir='ltr'>terebra</span> <span class='ocrx_word' id='word_1_21' title='bbox 780 465 826 527; x_wconf 84' lang='lat' dir='ltr'>dt:</span> <span class='ocrx_word' id='word_1_22' title='bbox 839 483 903 528; x_wconf 81' lang='lat' dir='ltr'>nam</span> <span class='ocrx_word' id='word_1_23' title='bbox 924 465 989 527; x_wconf 80' lang='lat' dir='ltr'>finis</span> <span class='ocrx_word' id='word_1_24' title='bbox 1009 465 1074 526; x_wconf 85' lang='lat' dir='ltr'>vitii</span> 
     </span>
     <span class='ocr_line' id='line_1_4' title="bbox 80 548 1072 630; baseline -0.007 -14"><span class='ocrx_word' id='word_1_25' title='bbox 80 565 140 630; x_wconf 91' lang='lat' dir='ltr'>est,</span> <span class='ocrx_word' id='word_1_26' title='bbox 162 552 209 612; x_wconf 90' lang='lat' dir='ltr'>ubi</span> <span class='ocrx_word' id='word_1_27' title='bbox 232 553 330 613; x_wconf 89' lang='lat' dir='ltr'>scobis</span> <span class='ocrx_word' id='word_1_28' title='bbox 352 556 434 630; x_wconf 91' lang='lat' dir='ltr'>nigra</span> <span class='ocrx_word' id='word_1_29' title='bbox 456 571 523 613; x_wconf 89' lang='lat' dir='ltr'>esse</span> <span class='ocrx_word' id='word_1_30' title='bbox 543 552 636 611; x_wconf 90' lang='lat' dir='ltr'>desiit.</span> <span class='ocrx_word' id='word_1_31' title='bbox 665 550 774 628; x_wconf 84' lang='lat' dir='ltr'>Igitur,</span> <span class='ocrx_word' id='word_1_32' title='bbox 792 551 816 609; x_wconf 90' lang='lat' dir='ltr'>si</span> <span class='ocrx_word' id='word_1_33' title='bbox 833 551 929 611; x_wconf 84' lang='lat' dir='ltr'>caries</span> <span class='ocrx_word' id='word_1_34' title='bbox 945 548 1004 609; x_wconf 89' lang='lat' dir='ltr'>alte</span> <span class='ocrx_word' id='word_1_35' title='bbox 1020 549 1072 609; x_wconf 93' lang='lat' dir='ltr'>de·</span> 
     </span>
     <span class='ocr_line' id='line_1_5' title="bbox 75 634 1073 715; baseline -0.006 -17"><span class='ocrx_word' id='word_1_36' title='bbox 75 637 204 714; x_wconf 89' lang='lat' dir='ltr'>scendit,</span> <span class='ocrx_word' id='word_1_37' title='bbox 221 655 274 715; x_wconf 92' lang='lat' dir='ltr'>per</span> <span class='ocrx_word' id='word_1_38' title='bbox 288 637 433 696; x_wconf 78' lang='lat' dir='ltr'>terebram</span> <span class='ocrx_word' id='word_1_39' title='bbox 447 637 578 712; x_wconf 85' lang='lat' dir='ltr'>urgenda</span> <span class='ocrx_word' id='word_1_40' title='bbox 595 635 706 695; x_wconf 89' lang='lat' dir='ltr'>crebris</span> <span class='ocrx_word' id='word_1_41' title='bbox 721 634 908 695; x_wconf 85' lang='lat' dir='ltr'>foraminibus</span> <span class='ocrx_word' id='word_1_42' title='bbox 924 642 978 709; x_wconf 89' lang='lat' dir='ltr'>est,</span> <span class='ocrx_word' id='word_1_43' title='bbox 994 651 1073 712; x_wconf 82' lang='lat' dir='ltr'>quac</span> 
     </span>
     <span class='ocr_line' id='line_1_6' title="bbox 75 717 1098 798; baseline -0.005 -16"><span class='ocrx_word' id='word_1_44' title='bbox 75 720 228 782; x_wconf 83' lang='lat' dir='ltr'>altitudine</span> <span class='ocrx_word' id='word_1_45' title='bbox 253 723 350 780; x_wconf 85' lang='lat' dir='ltr'>vitium</span> <span class='ocrx_word' id='word_1_46' title='bbox 375 728 514 798; x_wconf 87' lang='lat' dir='ltr'>aequent:</span> <span class='ocrx_word' id='word_1_47' title='bbox 540 730 596 779; x_wconf 91' lang='lat' dir='ltr'>tum</span> <span class='ocrx_word' id='word_1_48' title='bbox 616 720 644 778; x_wconf 93' lang='lat' dir='ltr'>in</span> <span class='ocrx_word' id='word_1_49' title='bbox 669 737 704 778; x_wconf 90' lang='lat' dir='ltr'>ea</span> <span class='ocrx_word' id='word_1_50' title='bbox 727 719 864 778; x_wconf 83' lang='lat' dir='ltr'>foramina</span> <span class='ocrx_word' id='word_1_51' title='bbox 893 717 1098 777; x_wconf 71' lang='lat' dir='ltr'>demittendnt</span> 
     </span>
     <span class='ocr_line' id='line_1_7' title="bbox 82 801 1072 879; baseline -0.006 -14"><span class='ocrx_word' id='word_1_52' title='bbox 82 804 232 865; x_wconf 85' lang='lat' dir='ltr'>candentia</span> <span class='ocrx_word' id='word_1_53' title='bbox 259 804 433 864; x_wconf 84' lang='lat' dir='ltr'>ferramenta</span> <span class='ocrx_word' id='word_1_54' title='bbox 463 812 543 879; x_wconf 91' lang='lat' dir='ltr'>sunt,</span> <span class='ocrx_word' id='word_1_55' title='bbox 573 803 666 863; x_wconf 92' lang='lat' dir='ltr'>donec</span> <span class='ocrx_word' id='word_1_56' title='bbox 692 803 801 862; x_wconf 89' lang='lat' dir='ltr'>siccum</span> <span class='ocrx_word' id='word_1_57' title='bbox 824 819 859 861; x_wconf 91' lang='lat' dir='ltr'>os</span> <span class='ocrx_word' id='word_1_58' title='bbox 879 820 917 860; x_wconf 86' lang='lat' dir='ltr'>ex</span> <span class='ocrx_word' id='word_1_59' title='bbox 933 810 995 860; x_wconf 94' lang='lat' dir='ltr'>toto</span> <span class='ocrx_word' id='word_1_60' title='bbox 1010 801 1072 860; x_wconf 85' lang='lat' dir='ltr'>fiat.</span> 
     </span>
     <span class='ocr_line' id='line_1_8' title="bbox 80 883 1073 966; baseline -0.006 -17"><span class='ocrx_word' id='word_1_61' title='bbox 80 888 169 949; x_wconf 87' lang='lat' dir='ltr'>Simul</span> <span class='ocrx_word' id='word_1_62' title='bbox 186 890 260 946; x_wconf 89' lang='lat' dir='ltr'>enim</span> <span class='ocrx_word' id='word_1_63' title='bbox 284 888 439 966; x_wconf 87' lang='lat' dir='ltr'>posthaec</span> <span class='ocrx_word' id='word_1_64' title='bbox 456 896 485 946; x_wconf 91' lang='lat' dir='ltr'>et</span> <span class='ocrx_word' id='word_1_65' title='bbox 500 888 664 947; x_wconf 82' lang='lat' dir='ltr'>resolvetur</span> <span class='ocrx_word' id='word_1_66' title='bbox 678 886 714 946; x_wconf 85' lang='lat' dir='ltr'>ab</span> <span class='ocrx_word' id='word_1_67' title='bbox 730 886 869 945; x_wconf 81' lang='lat' dir='ltr'>inferiore</span> <span class='ocrx_word' id='word_1_68' title='bbox 885 903 962 962; x_wconf 87' lang='lat' dir='ltr'>osse,</span> <span class='ocrx_word' id='word_1_69' title='bbox 978 883 1073 962; x_wconf 87' lang='lat' dir='ltr'>quod-</span> 
     </span>
     <span class='ocr_line' id='line_1_9' title="bbox 82 967 1074 1050; baseline -0.003 -18"><span class='ocrx_word' id='word_1_70' title='bbox 82 989 204 1050; x_wconf 87' lang='lat' dir='ltr'>cumque</span> <span class='ocrx_word' id='word_1_71' title='bbox 219 972 346 1030; x_wconf 82' lang='lat' dir='ltr'>vitiatum</span> <span class='ocrx_word' id='word_1_72' title='bbox 362 981 422 1040; x_wconf 92' lang='lat' dir='ltr'>est;</span> <span class='ocrx_word' id='word_1_73' title='bbox 439 980 468 1031; x_wconf 92' lang='lat' dir='ltr'>et</span> <span class='ocrx_word' id='word_1_74' title='bbox 485 973 510 1029; x_wconf 90' lang='lat' dir='ltr'>is</span> <span class='ocrx_word' id='word_1_75' title='bbox 526 973 604 1030; x_wconf 90' lang='lat' dir='ltr'>sinus</span> <span class='ocrx_word' id='word_1_76' title='bbox 621 988 707 1030; x_wconf 89' lang='lat' dir='ltr'>earne</span> <span class='ocrx_word' id='word_1_77' title='bbox 725 969 900 1048; x_wconf 84' lang='lat' dir='ltr'>replebitur;</span> <span class='ocrx_word' id='word_1_78' title='bbox 923 978 951 1028; x_wconf 93' lang='lat' dir='ltr'>et</span> <span class='ocrx_word' id='word_1_79' title='bbox 968 967 1074 1029; x_wconf 92' lang='lat' dir='ltr'>humor</span> 
     </span>
     <span class='ocr_line' id='line_1_10' title="bbox 80 1053 1071 1131; baseline -0.004 -15"><span class='ocrx_word' id='word_1_80' title='bbox 80 1065 129 1116; x_wconf 88' lang='lat' dir='ltr'>aut</span> <span class='ocrx_word' id='word_1_81' title='bbox 144 1054 239 1113; x_wconf 89' lang='lat' dir='ltr'>nullus</span> <span class='ocrx_word' id='word_1_82' title='bbox 255 1064 357 1131; x_wconf 84' lang='lat' dir='ltr'>postea</span> <span class='ocrx_word' id='word_1_83' title='bbox 373 1055 500 1131; x_wconf 89' lang='lat' dir='ltr'>feretur,</span> <span class='ocrx_word' id='word_1_84' title='bbox 521 1064 568 1115; x_wconf 91' lang='lat' dir='ltr'>aut</span> <span class='ocrx_word' id='word_1_85' title='bbox 593 1054 757 1114; x_wconf 87' lang='lat' dir='ltr'>mediocris.</span> <span class='ocrx_word' id='word_1_86' title='bbox 794 1054 843 1112; x_wconf 88' lang='lat' dir='ltr'>Sin</span> <span class='ocrx_word' id='word_1_87' title='bbox 865 1063 960 1113; x_wconf 91' lang='lat' dir='ltr'>autem</span> <span class='ocrx_word' id='word_1_88' title='bbox 982 1053 1071 1129; x_wconf 84' lang='lat' dir='ltr'>nigri·</span> 
     </span>
     <span class='ocr_line' id='line_1_11' title="bbox 81 1137 1105 1216; baseline -0.009 -16"><span class='ocrx_word' id='word_1_89' title='bbox 81 1142 155 1213; x_wconf 92' lang='lat' dir='ltr'>ties,</span> <span class='ocrx_word' id='word_1_90' title='bbox 186 1137 221 1197; x_wconf 88' lang='lat' dir='ltr'>ad</span> <span class='ocrx_word' id='word_1_91' title='bbox 241 1138 359 1198; x_wconf 89' lang='lat' dir='ltr'>alteram</span> <span class='ocrx_word' id='word_1_92' title='bbox 378 1156 495 1216; x_wconf 87' lang='lat' dir='ltr'>quoque</span> <span class='ocrx_word' id='word_1_93' title='bbox 517 1148 628 1215; x_wconf 90' lang='lat' dir='ltr'>partem</span> <span class='ocrx_word' id='word_1_94' title='bbox 643 1140 719 1196; x_wconf 89' lang='lat' dir='ltr'>ossis</span> <span class='ocrx_word' id='word_1_95' title='bbox 728 1139 860 1212; x_wconf 86' lang='lat' dir='ltr'>transiit,</span> <span class='ocrx_word' id='word_1_96' title='bbox 884 1145 1003 1215; x_wconf 89' lang='lat' dir='ltr'>oportet</span> <span class='ocrx_word' id='word_1_97' title='bbox 1019 1150 1105 1196; x_wconf 83' lang='lat' dir='ltr'>err-ro</span> 
     </span>
     <span class='ocr_line' id='line_1_12' title="bbox 82 1221 1071 1299; baseline -0.003 -18"><span class='ocrx_word' id='word_1_98' title='bbox 82 1221 148 1282; x_wconf 91' lang='lat' dir='ltr'>cidi.</span> <span class='ocrx_word' id='word_1_99' title='bbox 180 1223 273 1297; x_wconf 75' lang='lat' dir='ltr'>Atque</span> <span class='ocrx_word' id='word_1_100' title='bbox 289 1222 364 1281; x_wconf 91' lang='lat' dir='ltr'>idem</span> <span class='ocrx_word' id='word_1_101' title='bbox 385 1238 500 1299; x_wconf 88' lang='lat' dir='ltr'>quoque</span> <span class='ocrx_word' id='word_1_102' title='bbox 518 1223 546 1280; x_wconf 91' lang='lat' dir='ltr'>in</span> <span class='ocrx_word' id='word_1_103' title='bbox 562 1224 655 1298; x_wconf 90' lang='lat' dir='ltr'>carie,</span> <span class='ocrx_word' id='word_1_104' title='bbox 673 1221 709 1281; x_wconf 90' lang='lat' dir='ltr'>ad</span> <span class='ocrx_word' id='word_1_105' title='bbox 725 1221 845 1282; x_wconf 84' lang='lat' dir='ltr'>alteram</span> <span class='ocrx_word' id='word_1_106' title='bbox 860 1230 971 1299; x_wconf 90' lang='lat' dir='ltr'>partem</span> <span class='ocrx_word' id='word_1_107' title='bbox 991 1221 1071 1279; x_wconf 90' lang='lat' dir='ltr'>ossis</span> 
     </span>
     <span class='ocr_line' id='line_1_13' title="bbox 81 1305 1069 1385; baseline -0.001 -21"><span class='ocrx_word' id='word_1_108' title='bbox 81 1311 250 1385; x_wconf 77' lang='lat' dir='ltr'>penetrante</span> <span class='ocrx_word' id='word_1_109' title='bbox 271 1306 333 1365; x_wconf 85' lang='lat' dir='ltr'>fieri</span> <span class='ocrx_word' id='word_1_110' title='bbox 349 1315 456 1383; x_wconf 91' lang='lat' dir='ltr'>potest.</span> <span class='ocrx_word' id='word_1_111' title='bbox 474 1306 541 1382; x_wconf 86' lang='lat' dir='ltr'>Sed,</span> <span class='ocrx_word' id='word_1_112' title='bbox 557 1305 634 1383; x_wconf 88' lang='lat' dir='ltr'>quod</span> <span class='ocrx_word' id='word_1_113' title='bbox 652 1315 741 1365; x_wconf 88' lang='lat' dir='ltr'>totum</span> <span class='ocrx_word' id='word_1_114' title='bbox 755 1306 883 1366; x_wconf 87' lang='lat' dir='ltr'>vitiatum</span> <span class='ocrx_word' id='word_1_115' title='bbox 899 1313 989 1365; x_wconf 93' lang='lat' dir='ltr'>totum</span> <span class='ocrx_word' id='word_1_116' title='bbox 1005 1305 1069 1363; x_wconf 83' lang='lat' dir='ltr'>eui·</span> 
     </span>
     <span class='ocr_line' id='line_1_14' title="bbox 80 1387 1069 1467; baseline -0.002 -19"><span class='ocrx_word' id='word_1_117' title='bbox 80 1387 211 1448; x_wconf 90' lang='lat' dir='ltr'>mendum</span> <span class='ocrx_word' id='word_1_118' title='bbox 226 1396 285 1448; x_wconf 89' lang='lat' dir='ltr'>est:</span> <span class='ocrx_word' id='word_1_119' title='bbox 302 1391 326 1448; x_wconf 91' lang='lat' dir='ltr'>si</span> <span class='ocrx_word' id='word_1_120' title='bbox 341 1389 461 1448; x_wconf 87' lang='lat' dir='ltr'>inferior</span> <span class='ocrx_word' id='word_1_121' title='bbox 478 1407 545 1467; x_wconf 88' lang='lat' dir='ltr'>pars</span> <span class='ocrx_word' id='word_1_122' title='bbox 561 1391 675 1466; x_wconf 87' lang='lat' dir='ltr'>integra</span> <span class='ocrx_word' id='word_1_123' title='bbox 690 1399 744 1467; x_wconf 89' lang='lat' dir='ltr'>est,</span> <span class='ocrx_word' id='word_1_124' title='bbox 761 1398 890 1465; x_wconf 86' lang='lat' dir='ltr'>eatenus,</span> <span class='ocrx_word' id='word_1_125' title='bbox 908 1388 986 1466; x_wconf 90' lang='lat' dir='ltr'>quod</span> <span class='ocrx_word' id='word_1_126' title='bbox 1003 1405 1069 1448; x_wconf 92' lang='lat' dir='ltr'>cor·</span> 
     </span>
     <span class='ocr_line' id='line_1_15' title="bbox 80 1472 1069 1551; baseline -0.002 -19"><span class='ocrx_word' id='word_1_127' title='bbox 80 1481 191 1550; x_wconf 92' lang='lat' dir='ltr'>ruptum</span> <span class='ocrx_word' id='word_1_128' title='bbox 208 1481 267 1548; x_wconf 91' lang='grc' dir='ltr'><strong>εει,</strong></span> <span class='ocrx_word' id='word_1_129' title='bbox 285 1473 379 1533; x_wconf 88' lang='lat' dir='ltr'>excidi</span> <span class='ocrx_word' id='word_1_130' title='bbox 400 1472 496 1533; x_wconf 90' lang='lat' dir='ltr'>debet.</span> <span class='ocrx_word' id='word_1_131' title='bbox 529 1472 599 1532; x_wconf 88' lang='lat' dir='ltr'>Item</span> <span class='ocrx_word' id='word_1_132' title='bbox 622 1475 684 1533; x_wconf 84' lang='lat' dir='ltr'>sive</span> <span class='ocrx_word' id='word_1_133' title='bbox 706 1475 825 1551; x_wconf 89' lang='lat' dir='ltr'>capitis,</span> <span class='ocrx_word' id='word_1_134' title='bbox 847 1474 911 1532; x_wconf 88' lang='lat' dir='ltr'>sive</span> <span class='ocrx_word' id='word_1_135' title='bbox 937 1475 1069 1551; x_wconf 78' lang='lat' dir='ltr'>pectoris</span> 
     </span>
     <span class='ocr_line' id='line_1_16' title="bbox 79 1555 1102 1633; baseline -0.006 -17"><span class='ocrx_word' id='word_1_136' title='bbox 79 1573 126 1631; x_wconf 92' lang='lat' dir='ltr'>os,</span> <span class='ocrx_word' id='word_1_137' title='bbox 143 1557 206 1615; x_wconf 88' lang='lat' dir='ltr'>sive</span> <span class='ocrx_word' id='word_1_138' title='bbox 223 1566 304 1616; x_wconf 84' lang='lat' dir='ltr'>costa</span> <span class='ocrx_word' id='word_1_139' title='bbox 319 1558 433 1619; x_wconf 86' lang='lat' dir='ltr'>cariosa</span> <span class='ocrx_word' id='word_1_140' title='bbox 449 1566 504 1632; x_wconf 97' lang='grc' dir='ltr'><strong>εει,</strong></span> <span class='ocrx_word' id='word_1_141' title='bbox 520 1556 625 1616; x_wconf 91' lang='lat' dir='ltr'>inutilis</span> <span class='ocrx_word' id='word_1_142' title='bbox 641 1559 714 1617; x_wconf 90' lang='lat' dir='ltr'>ustio</span> <span class='ocrx_word' id='word_1_143' title='bbox 731 1567 786 1633; x_wconf 90' lang='lat' dir='ltr'>est,</span> <span class='ocrx_word' id='word_1_144' title='bbox 804 1567 832 1616; x_wconf 89' lang='lat' dir='ltr'>et</span> <span class='ocrx_word' id='word_1_145' title='bbox 847 1555 1000 1617; x_wconf 85' lang='lat' dir='ltr'>excidendi</span> <span class='ocrx_word' id='word_1_146' title='bbox 1016 1575 1067 1615; x_wconf 92' lang='lat' dir='ltr'>ne·</span> <span class='ocrx_word' id='word_1_147' title='bbox 1080 1571 1102 1611; x_wconf 79' lang='lat' dir='ltr'>rs</span> 
     </span>
     <span class='ocr_line' id='line_1_17' title="bbox 81 1639 1067 1720; baseline 0 -20"><span class='ocrx_word' id='word_1_148' title='bbox 81 1641 204 1700; x_wconf 81' lang='lat' dir='ltr'>cessitas</span> <span class='ocrx_word' id='word_1_149' title='bbox 232 1649 284 1700; x_wconf 90' lang='grc' dir='ltr'><strong>εει.</strong></span> <span class='ocrx_word' id='word_1_150' title='bbox 318 1641 421 1720; x_wconf 89' lang='lat' dir='ltr'>Neque</span> <span class='ocrx_word' id='word_1_151' title='bbox 447 1640 578 1700; x_wconf 92' lang='lat' dir='ltr'>audiendi</span> <span class='ocrx_word' id='word_1_152' title='bbox 594 1650 659 1700; x_wconf 90' lang='lat' dir='ltr'>sunt</span> <span class='ocrx_word' id='word_1_153' title='bbox 674 1643 737 1720; x_wconf 88' lang='lat' dir='ltr'>qui,</span> <span class='ocrx_word' id='word_1_154' title='bbox 766 1657 834 1701; x_wconf 88' lang='lat' dir='ltr'>osse</span> <span class='ocrx_word' id='word_1_155' title='bbox 849 1641 972 1716; x_wconf 83' lang='lat' dir='ltr'>nudato,</span> <span class='ocrx_word' id='word_1_156' title='bbox 989 1639 1067 1700; x_wconf 91' lang='lat' dir='ltr'>diem</span> 
     </span>
     <span class='ocr_line' id='line_1_18' title="bbox 80 1725 1067 1802; baseline 0 -18"><span class='ocrx_word' id='word_1_157' title='bbox 80 1725 194 1784; x_wconf 91' lang='lat' dir='ltr'>tertium</span> <span class='ocrx_word' id='word_1_158' title='bbox 208 1734 389 1802; x_wconf 85' lang='lat' dir='ltr'>exspectant,</span> <span class='ocrx_word' id='word_1_159' title='bbox 416 1734 445 1784; x_wconf 92' lang='lat' dir='ltr'>ut</span> <span class='ocrx_word' id='word_1_160' title='bbox 467 1734 534 1784; x_wconf 89' lang='lat' dir='ltr'>tunc</span> <span class='ocrx_word' id='word_1_161' title='bbox 552 1725 700 1785; x_wconf 84' lang='lat' dir='ltr'>excidant:</span> <span class='ocrx_word' id='word_1_162' title='bbox 726 1735 791 1785; x_wconf 87' lang='lat' dir='ltr'>ante</span> <span class='ocrx_word' id='word_1_163' title='bbox 814 1725 1067 1785; x_wconf 80' lang='lat' dir='ltr'>inflammationem</span> 
     </span>
     <span class='ocr_line' id='line_1_19' title="bbox 81 1807 1065 1888; baseline 0.002 -22"><span class='ocrx_word' id='word_1_164' title='bbox 81 1808 155 1866; x_wconf 92' lang='lat' dir='ltr'>enim</span> <span class='ocrx_word' id='word_1_165' title='bbox 170 1808 255 1866; x_wconf 89' lang='lat' dir='ltr'>tutius</span> <span class='ocrx_word' id='word_1_166' title='bbox 278 1810 371 1868; x_wconf 86' lang='lat' dir='ltr'>omnio</span> <span class='ocrx_word' id='word_1_167' title='bbox 394 1818 558 1869; x_wconf 90' lang='lat' dir='ltr'>tractantur.</span> <span class='ocrx_word' id='word_1_168' title='bbox 586 1807 698 1886; x_wconf 84' lang='lat' dir='ltr'>Itaque,</span> <span class='ocrx_word' id='word_1_169' title='bbox 721 1820 855 1888; x_wconf 85' lang='lat' dir='ltr'>quantum</span> <span class='ocrx_word' id='word_1_170' title='bbox 876 1809 939 1869; x_wconf 84' lang='lat' dir='ltr'>deri</span> <span class='ocrx_word' id='word_1_171' title='bbox 956 1817 1065 1887; x_wconf 88' lang='lat' dir='ltr'>potest,</span> 
     </span>
     <span class='ocr_line' id='line_1_20' title="bbox 79 1890 1066 1970; baseline 0.003 -20"><span class='ocrx_word' id='word_1_172' title='bbox 79 1890 186 1950; x_wconf 89' lang='lat' dir='ltr'>eodem</span> <span class='ocrx_word' id='word_1_173' title='bbox 203 1903 347 1953; x_wconf 92' lang='lat' dir='ltr'>momento</span> <span class='ocrx_word' id='word_1_174' title='bbox 370 1903 398 1952; x_wconf 90' lang='lat' dir='ltr'>et</span> <span class='ocrx_word' id='word_1_175' title='bbox 421 1895 494 1953; x_wconf 92' lang='lat' dir='ltr'>outis</span> <span class='ocrx_word' id='word_1_176' title='bbox 508 1892 658 1953; x_wconf 85' lang='lat' dir='ltr'>incidenda</span> <span class='ocrx_word' id='word_1_177' title='bbox 683 1902 743 1970; x_wconf 92' lang='grc' dir='ltr'><strong>εει,</strong></span> <span class='ocrx_word' id='word_1_178' title='bbox 767 1902 795 1952; x_wconf 93' lang='grc' dir='ltr'>ει</span> <span class='ocrx_word' id='word_1_179' title='bbox 811 1911 844 1952; x_wconf 90' lang='grc' dir='ltr'>οε</span> <span class='ocrx_word' id='word_1_180' title='bbox 861 1892 1066 1970; x_wconf 89' lang='lat' dir='ltr'>detegendum,</span> 
     </span>
     <span class='ocr_line' id='line_1_21' title="bbox 81 1976 1100 2055; baseline 0 -23"><span class='ocrx_word' id='word_1_181' title='bbox 81 1983 111 2032; x_wconf 88' lang='grc' dir='ltr'>ει</span> <span class='ocrx_word' id='word_1_182' title='bbox 126 1977 201 2033; x_wconf 92' lang='lat' dir='ltr'>omni</span> <span class='ocrx_word' id='word_1_183' title='bbox 225 1976 294 2035; x_wconf 86' lang='lat' dir='ltr'>vitio</span> <span class='ocrx_word' id='word_1_184' title='bbox 315 1977 492 2037; x_wconf 86' lang='lat' dir='ltr'>liberandum</span> <span class='ocrx_word' id='word_1_185' title='bbox 513 1986 566 2036; x_wconf 88' lang='lat' dir='ltr'>est.</span> <span class='ocrx_word' id='word_1_186' title='bbox 605 1976 763 2055; x_wconf 81' lang='lat' dir='ltr'>Longeque</span> <span class='ocrx_word' id='word_1_187' title='bbox 791 1976 1067 2054; x_wconf 88' lang='lat' dir='ltr'>perniciosissimum</span> <span class='ocrx_word' id='word_1_188' title='bbox 1076 1992 1100 2033; x_wconf 80' lang='lat' dir='ltr'>ao</span> 
     </span>
     <span class='ocr_line' id='line_1_22' title="bbox 81 2057 1065 2140; baseline 0.005 -24"><span class='ocrx_word' id='word_1_189' title='bbox 81 2066 141 2132; x_wconf 91' lang='grc' dir='ltr'><strong>εει,</strong></span> <span class='ocrx_word' id='word_1_190' title='bbox 158 2057 234 2135; x_wconf 89' lang='lat' dir='ltr'>quod</span> <span class='ocrx_word' id='word_1_191' title='bbox 251 2061 278 2119; x_wconf 86' lang='lat' dir='ltr'>in</span> <span class='ocrx_word' id='word_1_192' title='bbox 293 2078 361 2121; x_wconf 88' lang='grc' dir='ltr'><strong>οεεε</strong></span> <span class='ocrx_word' id='word_1_193' title='bbox 377 2063 506 2140; x_wconf 82' lang='lat' dir='ltr'>pectoris</span> <span class='ocrx_word' id='word_1_194' title='bbox 525 2070 582 2120; x_wconf 90' lang='lat' dir='ltr'>est:</span> <span class='ocrx_word' id='word_1_195' title='bbox 610 2063 677 2139; x_wconf 90' lang='lat' dir='ltr'>quia</span> <span class='ocrx_word' id='word_1_196' title='bbox 691 2062 751 2137; x_wconf 84' lang='lat' dir='ltr'>vix,</span> <span class='ocrx_word' id='word_1_197' title='bbox 775 2060 886 2120; x_wconf 85' lang='lat' dir='ltr'>etiamsi</span> <span class='ocrx_word' id='word_1_198' title='bbox 901 2069 983 2120; x_wconf 91' lang='lat' dir='ltr'>recte</span> <span class='ocrx_word' id='word_1_199' title='bbox 1000 2078 1065 2121; x_wconf 89' lang='lat' dir='ltr'>ces·</span> 
     </span>
     <span class='ocr_line' id='line_1_23' title="bbox 78 2142 651 2220; baseline 0.009 -22"><span class='ocrx_word' id='word_1_200' title='bbox 78 2142 116 2199; x_wconf 90' lang='lat' dir='ltr'>sit</span> <span class='ocrx_word' id='word_1_201' title='bbox 133 2143 253 2220; x_wconf 84' lang='lat' dir='ltr'>curatio,</span> <span class='ocrx_word' id='word_1_202' title='bbox 271 2164 367 2206; x_wconf 86' lang='lat' dir='ltr'>veram</span> <span class='ocrx_word' id='word_1_203' title='bbox 384 2147 533 2205; x_wconf 87' lang='lat' dir='ltr'>sanitatem</span> <span class='ocrx_word' id='word_1_204' title='bbox 549 2144 651 2204; x_wconf 86' lang='lat' dir='ltr'>reddit.</span> 
     </span>
    </p>
   </div>
   <div class='ocr_carea' id='block_1_4' title="bbox 420 2382 721 2442">
    <p class='ocr_par' dir='ltr' id='par_1_4' title="bbox 420 2382 721 2442">
     <span class='ocr_line' id='line_1_24' title="bbox 420 2382 721 2442; baseline 0 -2"><span class='ocrx_word' id='word_1_205' title='bbox 420 2382 604 2442; x_wconf 80' lang='lat' dir='ltr'>CAPUT</span> <span class='ocrx_word' id='word_1_206' title='bbox 642 2383 721 2441; x_wconf 93' lang='lat' dir='ltr'><strong>III.</strong></span> 
     </span>
    </p>
   </div>
   <div class='ocr_carea' id='block_1_5' title="bbox 406 2497 740 2556">
    <p class='ocr_par' dir='ltr' id='par_1_5' title="bbox 406 2497 740 2556">
     <span class='ocr_line' id='line_1_25' title="bbox 406 2497 740 2556; baseline 0.009 -10"><span class='ocrx_word' id='word_1_207' title='bbox 406 2497 536 2556; x_wconf 85' lang='lat' dir='ltr'>Quomodo</span> <span class='ocrx_word' id='word_1_208' title='bbox 557 2498 740 2550; x_wconf 84' lang='lat' dir='ltr'>os&#39;excidstur.</span> 
     </span>
    </p>
   </div>
   <div class='ocr_carea' id='block_1_6' title="bbox 74 2645 1098 3564">
    <p class='ocr_par' dir='ltr' id='par_1_6' title="bbox 74 2645 1098 3564">
     <span class='ocr_line' id='line_1_26' title="bbox 144 2645 1098 2729; baseline 0.002 -24"><span class='ocrx_word' id='word_1_209' title='bbox 144 2645 294 2706; x_wconf 84' lang='lat' dir='ltr'>Exciditur</span> <span class='ocrx_word' id='word_1_210' title='bbox 309 2665 380 2708; x_wconf 90' lang='lat' dir='ltr'>vero</span> <span class='ocrx_word' id='word_1_211' title='bbox 398 2666 432 2707; x_wconf 89' lang='lat' dir='ltr'>os</span> <span class='ocrx_word' id='word_1_212' title='bbox 449 2648 559 2710; x_wconf 87' lang='lat' dir='ltr'>duobus</span> <span class='ocrx_word' id='word_1_213' title='bbox 572 2650 681 2714; x_wconf 89' lang='lat' dir='ltr'>modis;</span> <span class='ocrx_word' id='word_1_214' title='bbox 708 2652 732 2709; x_wconf 90' lang='lat' dir='ltr'>si</span> <span class='ocrx_word' id='word_1_215' title='bbox 752 2650 899 2729; x_wconf 84' lang='lat' dir='ltr'>parvulum</span> <span class='ocrx_word' id='word_1_216' title='bbox 915 2658 969 2724; x_wconf 90' lang='grc' dir='ltr'><strong>εει,</strong></span> <span class='ocrx_word' id='word_1_217' title='bbox 984 2650 1098 2728; x_wconf 73' lang='lat' dir='ltr'>quodie</span> 
     </span>
     <span class='ocr_line' id='line_1_27' title="bbox 76 2729 1064 2812; baseline 0.006 -24"><span class='ocrx_word' id='word_1_218' title='bbox 76 2729 188 2789; x_wconf 85' lang='lat' dir='ltr'>laesum</span> <span class='ocrx_word' id='word_1_219' title='bbox 216 2739 275 2806; x_wconf 92' lang='grc' dir='ltr'><strong>εει,</strong></span> <span class='ocrx_word' id='word_1_220' title='bbox 301 2731 445 2812; x_wconf 88' lang='lat' dir='ltr'>modiolo,</span> <span class='ocrx_word' id='word_1_221' title='bbox 473 2753 555 2812; x_wconf 87' lang='lat' dir='ltr'>quom</span> <span class='ocrx_word' id='word_1_222' title='bbox 577 2730 742 2811; x_wconf 75' lang='grc' dir='ltr'><strong>χοινικίδα</strong></span> <span class='ocrx_word' id='word_1_223' title='bbox 765 2733 868 2794; x_wconf 86' lang='lat' dir='ltr'>Graeci</span> <span class='ocrx_word' id='word_1_224' title='bbox 890 2743 1011 2794; x_wconf 86' lang='lat' dir='ltr'>vocant:</span> <span class='ocrx_word' id='word_1_225' title='bbox 1039 2736 1064 2794; x_wconf 91' lang='lat' dir='ltr'>si</span> 
     </span>
     <span class='ocr_line' id='line_1_28' title="bbox 78 2815 1062 2895; baseline 0.003 -22"><span class='ocrx_word' id='word_1_226' title='bbox 78 2815 252 2892; x_wconf 84' lang='lat' dir='ltr'>spatiosius,</span> <span class='ocrx_word' id='word_1_227' title='bbox 280 2815 413 2875; x_wconf 89' lang='lat' dir='ltr'>terebris.</span> <span class='ocrx_word' id='word_1_228' title='bbox 453 2819 608 2895; x_wconf 88' lang='lat' dir='ltr'>Utriusque</span> <span class='ocrx_word' id='word_1_229' title='bbox 631 2818 772 2876; x_wconf 82' lang='lat' dir='ltr'>rationem</span> <span class='ocrx_word' id='word_1_230' title='bbox 797 2833 967 2894; x_wconf 87' lang='lat' dir='ltr'>proponam.</span> <span class='ocrx_word' id='word_1_231' title='bbox 999 2816 1062 2877; x_wconf 80' lang='lat' dir='ltr'>dio-</span> 
     </span>
     <span class='ocr_line' id='line_1_29' title="bbox 76 2898 1062 2975; baseline 0.003 -17"><span class='ocrx_word' id='word_1_232' title='bbox 76 2898 173 2958; x_wconf 88' lang='lat' dir='ltr'>diolus</span> <span class='ocrx_word' id='word_1_233' title='bbox 200 2899 402 2960; x_wconf 82' lang='lat' dir='ltr'>ferramentum</span> <span class='ocrx_word' id='word_1_234' title='bbox 426 2919 598 2975; x_wconf 89' lang='lat' dir='ltr'>concavum,</span> <span class='ocrx_word' id='word_1_235' title='bbox 627 2909 706 2959; x_wconf 88' lang='lat' dir='ltr'>teres</span> <span class='ocrx_word' id='word_1_236' title='bbox 731 2908 792 2975; x_wconf 88' lang='grc' dir='ltr'><strong>εει,</strong></span> <span class='ocrx_word' id='word_1_237' title='bbox 824 2901 886 2958; x_wconf 89' lang='lat' dir='ltr'>imis</span> <span class='ocrx_word' id='word_1_238' title='bbox 916 2901 975 2959; x_wconf 89' lang='lat' dir='ltr'>oris</span> <span class='ocrx_word' id='word_1_239' title='bbox 999 2919 1062 2961; x_wconf 88' lang='lat' dir='ltr'>ser-</span> 
     </span>
     <span class='ocr_line' id='line_1_30' title="bbox 75 2984 1062 3063; baseline 0.004 -23"><span class='ocrx_word' id='word_1_240' title='bbox 75 2992 183 3051; x_wconf 90' lang='lat' dir='ltr'>ratum;</span> <span class='ocrx_word' id='word_1_241' title='bbox 216 3002 270 3061; x_wconf 92' lang='lat' dir='ltr'>per</span> <span class='ocrx_word' id='word_1_242' title='bbox 293 2984 370 3061; x_wconf 89' lang='lat' dir='ltr'>quod</span> <span class='ocrx_word' id='word_1_243' title='bbox 398 2986 521 3044; x_wconf 90' lang='lat' dir='ltr'>medium</span> <span class='ocrx_word' id='word_1_244' title='bbox 543 2985 657 3058; x_wconf 85' lang='lat' dir='ltr'>clavus,</span> <span class='ocrx_word' id='word_1_245' title='bbox 694 2986 757 3061; x_wconf 92' lang='lat' dir='ltr'>ipse</span> <span class='ocrx_word' id='word_1_246' title='bbox 780 3000 895 3063; x_wconf 86' lang='lat' dir='ltr'>quoque</span> <span class='ocrx_word' id='word_1_247' title='bbox 922 2985 1062 3044; x_wconf 89' lang='lat' dir='ltr'>interiore</span> 
     </span>
     <span class='ocr_line' id='line_1_31' title="bbox 77 3064 1096 3144; baseline 0.002 -22"><span class='ocrx_word' id='word_1_248' title='bbox 77 3064 149 3124; x_wconf 92' lang='lat' dir='ltr'>orbe</span> <span class='ocrx_word' id='word_1_249' title='bbox 170 3067 297 3142; x_wconf 89' lang='lat' dir='ltr'>cinctus,</span> <span class='ocrx_word' id='word_1_250' title='bbox 322 3068 484 3127; x_wconf 84' lang='lat' dir='ltr'>demittitur.</span> <span class='ocrx_word' id='word_1_251' title='bbox 530 3067 719 3128; x_wconf 85' lang='lat' dir='ltr'>Terebrarum</span> <span class='ocrx_word' id='word_1_252' title='bbox 748 3076 840 3126; x_wconf 88' lang='lat' dir='ltr'>nutem</span> <span class='ocrx_word' id='word_1_253' title='bbox 870 3067 925 3126; x_wconf 95' lang='lat' dir='ltr'>duo</span> <span class='ocrx_word' id='word_1_254' title='bbox 949 3084 1096 3144; x_wconf 80' lang='lat' dir='ltr'>generaco</span> 
     </span>
     <span class='ocr_line' id='line_1_32' title="bbox 74 3149 1060 3230; baseline 0.006 -26"><span class='ocrx_word' id='word_1_255' title='bbox 74 3157 156 3206; x_wconf 88' lang='lat' dir='ltr'>sunt:</span> <span class='ocrx_word' id='word_1_256' title='bbox 196 3149 315 3208; x_wconf 89' lang='lat' dir='ltr'>alterum</span> <span class='ocrx_word' id='word_1_257' title='bbox 345 3152 438 3210; x_wconf 87' lang='lat' dir='ltr'>simile</span> <span class='ocrx_word' id='word_1_258' title='bbox 459 3154 501 3228; x_wconf 91' lang='lat' dir='ltr'>ei,</span> <span class='ocrx_word' id='word_1_259' title='bbox 534 3170 590 3230; x_wconf 90' lang='lat' dir='ltr'>quo</span> <span class='ocrx_word' id='word_1_260' title='bbox 618 3151 691 3211; x_wconf 82' lang='lat' dir='ltr'>febri</span> <span class='ocrx_word' id='word_1_261' title='bbox 712 3161 840 3211; x_wconf 92' lang='lat' dir='ltr'>utuntur:</span> <span class='ocrx_word' id='word_1_262' title='bbox 869 3150 989 3210; x_wconf 88' lang='lat' dir='ltr'>alterum</span> <span class='ocrx_word' id='word_1_263' title='bbox 1013 3169 1060 3210; x_wconf 85' lang='lat' dir='ltr'>oa·</span> 
     </span>
     <span class='ocr_line' id='line_1_33' title="bbox 77 3230 1060 3312; baseline 0.007 -24"><span class='ocrx_word' id='word_1_264' title='bbox 77 3230 158 3307; x_wconf 88' lang='lat' dir='ltr'>pituli</span> <span class='ocrx_word' id='word_1_265' title='bbox 192 3232 350 3310; x_wconf 84' lang='lat' dir='ltr'>longioris,</span> <span class='ocrx_word' id='word_1_266' title='bbox 391 3235 467 3312; x_wconf 88' lang='lat' dir='ltr'>quod</span> <span class='ocrx_word' id='word_1_267' title='bbox 496 3236 532 3295; x_wconf 87' lang='lat' dir='ltr'>ab</span> <span class='ocrx_word' id='word_1_268' title='bbox 567 3245 651 3295; x_wconf 90' lang='lat' dir='ltr'>acuto</span> <span class='ocrx_word' id='word_1_269' title='bbox 683 3252 820 3294; x_wconf 91' lang='lat' dir='ltr'>mucrone</span> <span class='ocrx_word' id='word_1_270' title='bbox 857 3236 970 3312; x_wconf 89' lang='lat' dir='ltr'>incipit,</span> <span class='ocrx_word' id='word_1_271' title='bbox 1011 3234 1060 3295; x_wconf 90' lang='lat' dir='ltr'>de·</span> 
     </span>
     <span class='ocr_line' id='line_1_34' title="bbox 76 3314 1059 3398; baseline 0.007 -27"><span class='ocrx_word' id='word_1_272' title='bbox 76 3314 141 3374; x_wconf 89' lang='lat' dir='ltr'>inde</span> <span class='ocrx_word' id='word_1_273' title='bbox 159 3314 253 3374; x_wconf 89' lang='lat' dir='ltr'>subito</span> <span class='ocrx_word' id='word_1_274' title='bbox 278 3317 361 3376; x_wconf 86' lang='lat' dir='ltr'>latius</span> <span class='ocrx_word' id='word_1_275' title='bbox 379 3319 426 3384; x_wconf 84' lang='lat' dir='ltr'>irt;</span> <span class='ocrx_word' id='word_1_276' title='bbox 450 3328 534 3398; x_wconf 87' lang='lat' dir='ltr'>atque</span> <span class='ocrx_word' id='word_1_277' title='bbox 559 3321 660 3379; x_wconf 89' lang='lat' dir='ltr'>itemm</span> <span class='ocrx_word' id='word_1_278' title='bbox 682 3318 718 3378; x_wconf 86' lang='lat' dir='ltr'>ab</span> <span class='ocrx_word' id='word_1_279' title='bbox 735 3319 792 3378; x_wconf 82' lang='lat' dir='ltr'>alio</span> <span class='ocrx_word' id='word_1_280' title='bbox 812 3319 953 3397; x_wconf 90' lang='lat' dir='ltr'>principio</span> <span class='ocrx_word' id='word_1_281' title='bbox 972 3318 1059 3395; x_wconf 87' lang='lat' dir='ltr'>paulo</span> 
     </span>
     <span class='ocr_line' id='line_1_35' title="bbox 76 3401 1058 3481; baseline 0.007 -26"><span class='ocrx_word' id='word_1_282' title='bbox 76 3401 166 3456; x_wconf 91' lang='lat' dir='ltr'>minus</span> <span class='ocrx_word' id='word_1_283' title='bbox 194 3417 276 3476; x_wconf 85' lang='lat' dir='ltr'>quam</span> <span class='ocrx_word' id='word_1_284' title='bbox 298 3402 458 3478; x_wconf 86' lang='lat' dir='ltr'>aequaliter</span> <span class='ocrx_word' id='word_1_285' title='bbox 477 3421 587 3462; x_wconf 89' lang='lat' dir='ltr'>sursum</span> <span class='ocrx_word' id='word_1_286' title='bbox 614 3402 756 3481; x_wconf 89' lang='lat' dir='ltr'>procedit.</span> <span class='ocrx_word' id='word_1_287' title='bbox 792 3402 822 3460; x_wconf 90' lang='lat' dir='ltr'>Si</span> <span class='ocrx_word' id='word_1_288' title='bbox 845 3403 942 3460; x_wconf 91' lang='lat' dir='ltr'>vitium</span> <span class='ocrx_word' id='word_1_289' title='bbox 963 3403 991 3460; x_wconf 90' lang='lat' dir='ltr'>in</span> <span class='ocrx_word' id='word_1_290' title='bbox 1010 3420 1058 3462; x_wconf 92' lang='lat' dir='ltr'>an·</span> 
     </span>
     <span class='ocr_line' id='line_1_36' title="bbox 74 3484 1094 3564; baseline 0.007 -26"><span class='ocrx_word' id='word_1_291' title='bbox 74 3490 160 3553; x_wconf 80' lang='lat' dir='ltr'>gusto</span> <span class='ocrx_word' id='word_1_292' title='bbox 177 3491 236 3559; x_wconf 90' lang='lat' dir='ltr'>est,</span> <span class='ocrx_word' id='word_1_293' title='bbox 263 3484 339 3562; x_wconf 88' lang='lat' dir='ltr'>quod</span> <span class='ocrx_word' id='word_1_294' title='bbox 356 3486 602 3564; x_wconf 85' lang='lat' dir='ltr'>comprehendere</span> <span class='ocrx_word' id='word_1_295' title='bbox 629 3485 771 3546; x_wconf 84' lang='lat' dir='ltr'>modiolus</span> <span class='ocrx_word' id='word_1_296' title='bbox 788 3487 896 3564; x_wconf 91' lang='lat' dir='ltr'>possit,</span> <span class='ocrx_word' id='word_1_297' title='bbox 922 3485 973 3544; x_wconf 86' lang='lat' dir='ltr'>illc</span> <span class='ocrx_word' id='word_1_298' title='bbox 1001 3503 1054 3564; x_wconf 94' lang='lat' dir='ltr'>po·</span> <span class='ocrx_word' id='word_1_299' title='bbox 1068 3509 1094 3552; x_wconf 69' lang='lat' dir='ltr'>ap</span> 
     </span>
    </p>
   </div>
   <div class='ocr_carea' id='block_1_7' title="bbox 0 0 1212 3924">
    <p class='ocr_par' dir='ltr' id='par_1_7' title="bbox 0 0 1212 3924">
     <span class='ocr_line' id='line_1_37' title="bbox 0 0 1212 3924; baseline 0 2"><span class='ocrx_word' id='word_1_300' title='bbox 0 0 1212 3924; x_wconf 95' lang='lat' dir='ltr'> </span> 
     </span>
    </p>
   </div>
  </div>
 </body>
</html>
