2414 3924
133 215 195 279 298
425 224 458 271 a.
474 221 504 270 c.
522 222 621 271 cunsr
635 220 829 271 uuorcmsu

106 445 112 459 ‚
133 382 216 444 Prius
232 381 268 440 de
285 377 480 440 communibus
491 378 593 438 dicam.
622 376 736 455 Loquar
747 385 842 437 antem
853 393 929 436 nune
945 374 982 437 de
993 376 1039 457 iis,
1054 396 1135 458 quae

134 464 306 544 scalpellum
321 462 500 523 desiderant:
527 479 591 521 nam
607 478 680 539 quae
696 461 744 520 vel
759 461 854 520 sanari
869 461 1062 539 nonpossint,
1081 464 1133 524 vel

133 551 218 611 aliter
232 548 331 608 nutriri
348 545 484 623 debeant,
500 544 650 606 dicendum
662 546 732 620 erit,
750 543 832 604 simul
848 544 884 605 ad
899 546 1018 622 speeies
1031 546 1133 625 singu·

133 634 177 695 las
191 648 312 693 venero.
342 630 480 691 Inciditur
496 639 590 690 autem
606 628 746 688 interdum
760 629 877 707 inguen,
891 628 1032 688 interdum
1048 647 1133 690 scro-

133 727 200 778 tum.
224 715 265 775 ¹ln
280 724 401 792 utraque
421 714 568 774 curatione
583 712 744 772 homoante
757 712 879 770 triduum
894 711 996 772 bibere
1011 731 1157 793 aquomst

134 800 227 881 pridie
242 799 388 861 abstinere
404 799 489 858 etiam
505 817 521 856 a
540 797 606 857 cibo
622 794 724 873 debet,
741 796 806 876 ipso
817 804 912 856 autem
926 796 973 856 die
988 797 1133 859 collocari

134 885 268 963 supinus;
283 881 403 958 deinde,
419 883 443 941 si
463 882 570 958 inguen
584 879 765 941 incidendum
786 889 848 956 est,
871 880 957 960 idque
975 882 1037 957 jam
1053 881 1133 960 pube

136 969 317 1044 contegitur,
340 974 405 1026 aute
426 965 583 1026 radendum
604 973 663 1033 est;
680 973 709 1024 et
728 972 799 1040 tum,
822 972 940 1024 extento
964 974 1081 1044 scroto,
1102 974 1135 1026 ιιι

136 1054 209 1113 cutis
227 1047 352 1127 inguinis
366 1050 476 1110 intenta
492 1051 544 1125 sit,
567 1049 594 1109 id
610 1048 790 1108 incidendum
805 1046 857 1107 sub
875 1050 932 1108 imo
948 1057 1060 1127 ventre,
1075 1067 1134 1129 qua

136 1154 200 1196 cum
224 1134 376 1196 abdomine
403 1134 517 1193 tunicae
547 1133 701 1192 inferiores
723 1133 943 1192 committuntur.
987 1132 1166 1212 Aperienro

136 1219 201 1279 dum
219 1226 312 1290 autem
328 1217 464 1277 audacter
480 1225 540 1293 est,
565 1217 659 1277 donec
679 1232 786 1276 summa
807 1216 918 1292 tunica,
941 1233 1016 1294 qnae
1039 1217 1134 1296 ipsius

136 1303 226 1362 scroti
248 1310 310 1378 est,
337 1301 491 1378 incidatur,
517 1301 758 1379 perueniaturque
782 1299 820 1359 ad
839 1317 919 1376 eam,
948 1317 1022 1378 qnae
1038 1299 1135 1361 media

137 1395 192 1446 est.
222 1385 312 1462 Plaga
328 1385 419 1461 iactu,
441 1384 572 1444 ioramen
587 1384 721 1444 deorsum
736 1402 839 1443 versus
854 1377 963 1444 subest.
991 1383 1024 1443 ln
1040 1383 1069 1445 id
1083 1382 1134 1444 de·

139 1469 294 1529 mittendus
312 1479 356 1528 est
378 1469 511 1528 sinistrae
530 1485 629 1529 manus
644 1468 750 1545 digitus
766 1467 869 1545 index,
895 1476 926 1527 ot
949 1467 1075 1529 diductis
1092 1469 1135 1528 in·

138 1552 366 1614 terrenientibus
388 1552 606 1629 membranulis,
638 1554 728 1612 sinum
751 1550 839 1612 laxet.
870 1551 1002 1613 Minister
1022 1560 1162 1628 autemus

138 1637 253 1698 sinistra
269 1654 353 1697 manu
370 1636 582 1715 comprehenso
607 1644 722 1711 scroto,
751 1653 864 1695 sursum
884 1654 988 1695 versos
1000 1635 1028 1696 id
1046 1635 1136 1696 debet

65 1767 69 1776 .
138 1721 311 1796 extendere,
329 1730 358 1780 et
374 1738 457 1798 quam
473 1720 594 1779 manime
607 1719 643 1780 ab
656 1718 819 1796 inguinibus
834 1718 994 1788 abducere:
1014 1723 1136 1798 primum

125 1808 205 1867 enm
216 1806 281 1885 ipso
298 1803 448 1879 testiculo,
464 1803 528 1864 dum
543 1803 673 1864 medicus
688 1820 790 1863 omnes
810 1802 1035 1880 membranulas,
1059 1821 1136 1882 quae

139 1907 228 1968 super
245 1887 368 1949 mediam
383 1889 507 1947 tunicam
528 1897 607 1964 sunt,
635 1888 659 1947 si
680 1886 772 1964 digito
792 1886 929 1948 diducere
949 1904 1007 1946 nou
1024 1893 1135 1965 potest,

139 1973 283 2052 scalpello
300 1970 463 2032 abscindat:
486 1971 590 2031 deiude
606 1973 668 2031 sine
684 1988 737 2047 eo,
760 1979 789 2030 ιιι
803 1969 830 2027 is
846 1971 982 2049 delapsus
996 1970 1053 2050 ipsi
1073 1968 1170 2049 pia-co

139 2076 195 2135 gae
216 2059 370 2133 jungatur,
394 2055 541 2135 digitoque
565 2055 631 2115 inde
651 2063 813 2133 promatur,
838 2064 867 2114 et
888 2072 976 2134 super
1002 2062 1137 2114 ventrem

139 2160 203 2203 cnm
220 2140 330 2201 duabus
344 2141 403 2199 suis
418 2142 521 2199 tunicis
537 2140 710 2199 collocetur.
730 2138 816 2216 lnde,
835 2139 859 2198 si
874 2157 930 2219 qua
942 2138 1048 2200 vitiosa
1059 2148 1136 2215 sunt,

139 2224 370 2287 circumcidenda
387 2232 459 2282 sunt.
493 2222 524 2281 ln
547 2224 649 2301 quibus
673 2241 757 2301 quum
776 2223 883 2282 multae
909 2241 1002 2282 venae
1024 2221 1137 2283 discur-

122 2318 217 2385 rant,
246 2308 392 2368 tenuiores
416 2306 530 2384 quidem
552 2306 680 2384 praecidi
702 2307 833 2385 protinus
848 2314 984 2385 possunt:
1007 2306 1138 2383 majores

139 2409 210 2451 vero
228 2401 293 2451 ante
309 2391 444 2466 longiore
459 2390 518 2449 lino
539 2390 711 2467 deligandae
726 2399 805 2467 suut,
822 2408 859 2449 ne
882 2390 1048 2469 periculose
1071 2408 1170 2453 san-ao

140 2476 254 2552 guinem
275 2472 402 2533 tundant.
434 2474 484 2533 Sin
505 2474 597 2534 media
624 2475 718 2533 tunica
739 2484 843 2535 vexata
864 2476 935 2552 erit,
959 2485 1008 2535 aut
1030 2473 1084 2534 sub
1100 2492 1138 2534 ea

139 2558 243 2618 malurn
264 2559 436 2634 increverit,
460 2559 621 2619 excidenda
643 2559 697 2618 erit
720 2560 781 2635 sic,
803 2567 834 2618 ut
855 2558 913 2618 alte
929 2557 963 2617 ad
983 2559 1078 2638 ipsum
1094 2560 1136 2617 in·

139 2659 217 2719 guen
233 2640 425 2719 praecidatur.
454 2642 531 2703 lnira
546 2651 639 2702 tamen
661 2659 718 2702 nou
735 2650 795 2702 tota
814 2641 953 2703 demenda
975 2651 1036 2701 est:
1071 2659 1138 2702 narn

139 2726 215 2806 quod
232 2725 267 2786 ad
283 2724 374 2784 basim
389 2726 515 2787 testiculi
528 2727 715 2786 veliementer
727 2744 790 2785 cum
801 2727 856 2786 ima
867 2726 961 2786 tunica
974 2742 1137 2785 connexum

140 2819 199 2888 esi,
218 2810 313 2870 excidi
335 2810 398 2869 sine
422 2829 530 2871 summo
555 2808 687 2889 periculo
706 2828 762 2868 nou
780 2818 892 2888 potest:
916 2811 1011 2888 itaque
1031 2809 1072 2869 ibi
1087 2827 1169 2872 reas

140 2895 323 2974 linquendum
340 2904 393 2953 est,
422 2894 500 2955 Idem
515 2897 543 2954 in
560 2895 614 2954 ima
631 2911 747 2972 quoque
762 2895 866 2968 tunica,
882 2895 906 2952 si
924 2893 1005 2953 laesa
1019 2901 1074 2969 est,
1094 2891 1136 2952 ia·

141 2980 272 3040 ciendum
289 2988 344 3039 est.
375 2979 434 3038 Sed
455 2996 512 3038 non
529 2997 545 3038 a
562 2996 669 3038 summa
684 2977 809 3055 inguinis
826 2977 930 3056 plaga,
946 2993 1046 3035 verum
1062 2975 1138 3035 inira

140 3063 254 3140 paulum
280 3081 315 3122 ea
338 3063 550 3138 abscindenda,
571 3081 607 3122 ne
628 3061 707 3123 laesa
729 3060 888 3121 abdominis
907 3058 1073 3120 membrana
1094 3061 1137 3119 iu-

140 3147 348 3206 ilammationes
363 3156 488 3207 moveat.
516 3145 618 3225 Neque
633 3154 727 3207 tamen
742 3144 854 3204 nimium
867 3162 904 3204 ex
919 3162 952 3206 ea
966 3161 1076 3204 sursum
1091 3161 1137 3203 re·

141 3229 324 3308 linquendum
345 3240 407 3306 est,
430 3250 466 3290 ne
487 3240 591 3309 postea
613 3231 758 3306 sinuetur,
785 3239 814 3288 et
829 3228 928 3288 sedem
951 3229 1044 3287 eidem
1060 3227 1170 3287 malost

142 3323 280 3393 praestet.
310 3313 453 3390 Purgatus
467 3316 506 3374 ita
521 3314 670 3374 testiculus
686 3332 739 3393 per
754 3315 845 3392 ipsam
868 3312 982 3390 plagam
1001 3329 1071 3370 cum
1088 3329 1138 3370 ve·

141 3399 184 3456 nis
201 3406 231 3457 et
254 3399 369 3457 arteriis
390 3407 420 3456 ei
441 3416 532 3458 nervo
549 3416 601 3458 suo
618 3398 722 3457 leniter
737 3395 930 3456 demittendus
947 3404 1007 3464 est;
1038 3394 1138 3454 viden·

141 3481 265 3558 dumque
287 3499 324 3540 ne
345 3482 462 3558 sanguis
481 3484 510 3545 io
533 3490 658 3542 scrotum
678 3478 852 3560 descendat,
877 3497 952 3539 neue
976 3486 1137 3539 concretus
