2414 3924
119 219 161 284 58
415 231 448 279 s.
466 230 496 279 o.
513 230 612 279 conss
627 229 820 278 muniemus

120 407 158 448 ex
171 389 283 448 ratione
300 388 364 462 ejus
379 386 575 460 accessionis,
590 402 664 463 quae
679 383 913 463 exspectabitur,
935 391 984 445 aut
997 385 1026 443 in
1040 393 1117 445 metu

119 488 176 533 non
193 472 263 547 erit,
280 470 423 529 aestimari
439 467 596 548 oportebit.

460 706 643 767 OAPU-'P
673 706 775 766 XIII.

534 824 571 874 De
594 824 698 875 vomitu.

181 976 220 1037 At
234 979 372 1052 vomitus,
397 985 426 1036 ut
445 979 473 1036 in
488 975 615 1036 secunda
638 992 752 1053 qnoque
768 974 931 1035 valetudiue
955 992 1045 1053 saepe
1066 993 1142 1034 nes

65 1084 79 1104 f
119 1061 264 1121 cessarius
279 1060 390 1122 biliosis
406 1069 466 1137 est,
484 1063 527 1121 sic
541 1061 625 1119 etiam
640 1061 668 1118 in
682 1061 717 1118 iis
731 1058 854 1134 morbis,
878 1075 952 1137 quos
968 1058 1034 1118 bilis
1050 1076 1118 1118 con·

120 1147 226 1205 citavit.
258 1144 340 1221 Ergo
362 1143 508 1220 omnibus,
530 1145 577 1222 qui
597 1152 663 1204 ante
684 1143 784 1202 febres
803 1141 927 1202 horrore
949 1152 978 1203 et
992 1150 1118 1202 tremore

119 1236 275 1297 vexantur;
293 1227 435 1305 omnibns,
453 1230 502 1307 qui
514 1227 631 1288 cholera
647 1226 794 1296 laborant;
811 1226 941 1286 omnibns
954 1227 1039 1288 etiam
1054 1246 1118 1288 cum

120 1310 241 1392 quadam
260 1311 402 1372 hilaritate
423 1311 643 1381 insanientibus;
672 1320 701 1370 et
723 1311 859 1371 comitiali
878 1329 994 1391 quoque
1014 1313 1117 1373 morbo

120 1396 270 1473 oppressis
286 1397 468 1455 necessarius
482 1405 539 1464 est;
562 1396 613 1455 sed
628 1397 652 1454 si
668 1404 768 1456 acutus
783 1394 900 1455 morbus
918 1404 974 1471 est,
991 1397 1016 1455 si
1027 1395 1117 1456 febris
1129 1413 1153 1451 rc

120 1486 175 1555 est,
191 1479 388 1556 asperioribus
401 1479 613 1539 medicamentis
626 1497 699 1557 opus
709 1497 767 1539 non
779 1488 837 1549 est;
855 1480 965 1539 sicutin
976 1479 1117 1555 dejectio·

119 1560 202 1621 nibus
213 1579 329 1640 qnoque
342 1582 427 1641 supra
442 1563 623 1623 dictumest:
640 1565 766 1642 satisque
781 1572 826 1623 est
843 1582 878 1624 ea
893 1565 1015 1624 vomitos
1031 1582 1117 1623 causa

120 1648 206 1723 sumi,
229 1665 302 1724 qnae
323 1651 400 1706 sanis
422 1664 537 1727 quoque
568 1647 702 1707 sumenda
726 1666 793 1707 esse
816 1649 966 1727 proposui.
1004 1646 1043 1707 m
1069 1646 1117 1705 ubi

120 1729 199 1807 longi
220 1729 408 1809 valentesque
423 1731 515 1791 morbi
532 1734 593 1791 sine
608 1731 692 1791 febre
707 1740 782 1807 sunt,
799 1740 829 1790 ut
844 1731 1012 1808 comitialis,
1030 1740 1060 1790 ut
1075 1732 1116 1790 in-

120 1816 214 1891 sania,
229 1823 345 1875 veratro
361 1833 476 1894 qnoque
491 1815 559 1876 albo
573 1815 706 1876 utendum
722 1823 776 1874 est·
791 1814 824 1874 ld
838 1833 934 1894 neque
945 1815 1054 1890 bieme,
1067 1832 1116 1873 ne·
1128 1833 1151 1872 rs

120 1917 175 1976 que
194 1908 302 1959 aestate
317 1909 398 1960 recte
413 1900 510 1969 datum
529 1903 636 1978 optime
658 1917 744 1966 vere:
768 1898 959 1959 tolerabiliter
974 1908 1117 1959 aubrmno.

120 1982 254 2059 Quisquis
270 1983 385 2043 daturus
400 1987 469 2060 erit,
491 1983 519 2044 id
535 2003 625 2061 agere
640 1992 705 2043 ante
721 1981 821 2059 debet,
845 1993 873 2042 ut
888 1985 1036 2061 accepturi
1052 2000 1117 2044 cor·

120 2083 173 2143 pus
189 2065 328 2126 humidius
345 2070 381 2128 sit
396 2068 451 2148 (cf.
467 2065 547 2146 Aple.
560 2068 611 2143 lV,
631 2067 695 2145 13).
717 2065 791 2126 lllud
803 2069 879 2128 scire
892 2076 1017 2147 oportet,
1034 2086 1118 2128 omne

120 2149 260 2223 ejusmodi
275 2150 520 2228 medicamentum,
537 2151 613 2230 quod
625 2152 702 2230 potni
715 2150 806 2227 datur,
823 2169 880 2210 non
893 2170 1009 2231 semper
1021 2154 1117 2229 aegris

120 2232 276 2310 prodesse,
294 2253 409 2312 semper
427 2238 504 2295 sanis
519 2254 628 2296 nocere
643 2235 697 2316 (cf.
714 2231 793 2312 Aple.
809 2233 847 2310 ll,
865 2235 998 2314 36r37).
1127 2250 1153 2288 2⁰

455 2554 637 2617 CAPUT
666 2557 775 2618 XIV.

526 2674 563 2724 De
579 2675 701 2725 frictione.

180 2820 225 2880 lle
245 2822 378 2883 frictione
400 2842 471 2885 vero
489 2825 561 2885 adeo
576 2825 663 2887 multa
682 2825 894 2904 Asclepiades,
916 2834 1058 2903 tamquam
1076 2828 1116 2884 in-

117 2914 221 2965 ventor
237 2906 308 2982 ejus,
326 2910 420 2983 posuit
434 2910 462 2967 in
479 2927 514 2969 eo
530 2908 684 2986 volumine,
701 2910 778 2990 qnod
791 2908 999 2971 Communium
1009 2907 1107 2970 Ammi-

118 2988 231 3048 la‘orum
246 2991 403 3070 inscripsit,
422 3000 466 3067 ut,
485 3010 568 3070 quum
583 2995 665 3053 trium
683 3002 789 3054 tautum
804 2995 916 3055 faceret
930 2996 1146 3069 mentioncmps

117 3072 201 3147 bujus
217 3083 245 3133 et
262 3093 352 3152 aquae
370 3085 399 3134 et
413 3077 598 3153 gestationis,
618 3088 711 3138 tamen
727 3081 875 3139 maximam
892 3087 1003 3157 partem
1018 3078 1046 3136 in
1060 3077 1116 3137 bac

119 3160 317 3217 consumserit.
351 3157 474 3237 Oportet
498 3168 590 3218 autem
612 3180 704 3241 neque
726 3164 909 3224 recentiores
929 3165 1010 3222 viros
1031 3162 1115 3220 iniis

117 3239 261 3318 fraudare,
277 3260 351 3320 qnae
366 3243 413 3300 vel
430 3254 618 3319 repererunt,
637 3246 683 3305 vel
701 3256 783 3306 recte
798 3249 911 3327 sequuti
927 3256 1008 3315 sunt:
1032 3254 1061 3306 et
1074 3255 1115 3305 ta-

117 3340 182 3381 men
197 3343 246 3398 ca,
267 3343 339 3403 quae
356 3325 431 3403 apud
448 3329 624 3404 antiquiores
640 3328 754 3407 aliquos
772 3334 866 3407 posita
882 3341 962 3408 sont,
989 3334 1115 3391 auctori-

117 3404 171 3464 bus
187 3410 245 3467 suis
260 3407 394 3468 reddere.
425 3409 527 3487 Neque
543 3410 666 3470 dubitari
683 3420 792 3489 potest,
809 3417 875 3493 quin
891 3415 975 3475 latius
988 3414 1114 3495 quidem,
1123 3437 1150 3480 ao

122 3494 149 3536 ‘t
161 3488 320 3567 dilucidius,
336 3491 385 3551 ubi
401 3502 429 3553 et
443 3492 589 3570 quomodo
605 3494 740 3557 frictione
752 3497 884 3557 utendum
901 3508 990 3575 esset,
1008 3498 1114 3576 docle-
