2414 3924
138 198 198 260 164
426 211 458 258 n.
477 210 508 259 c.
524 209 623 259 cnnsr
638 210 833 260 nannenten

489 415 672 476 CAPUT
706 417 772 475 XI.

200 531 269 591 Quae
285 531 420 581 discutient
439 546 481 593 en,
501 546 566 597 qnae
583 533 609 581 in
626 533 711 596 alique
726 539 797 596 perte
812 531 925 596 corporis
945 531 1068 583 colerunt.

201 681 247 741 Ad
268 681 444 742 discutienda
467 700 538 742 vero
561 701 611 758 ea,
636 700 709 761 quae
731 683 915 760 in'corporis
937 692 1020 760 parts
1034 683 1130 762 aliqua

139 767 284 842 coierunt,
306 767 428 826 maxime
444 775 566 845 possunt
582 764 768 843 abrotonum,
790 764 949 843 helenium,
968 783 1129 842 amaracus,

138 849 204 910 alba
220 849 314 925 viola,
332 850 404 926 mel,
427 849 532 926 lilium,
552 850 739 928 sampsuchus
755 850 873 928 cyprius
891 849 946 929 (ci.
962 848 1035 909 Plin.
1050 850 1152 928 xxia

140 933 195 1008 11,
212 932 267 1002 35;
285 933 341 1009 22,
359 933 430 1012 93),
446 933 508 1008 lac,
527 933 636 993 sertula
648 951 801 1012 campana,
816 932 990 1011 serpyllum,
1009 951 1128 1012 cupres-

139 1034 203 1091 sus,
225 1015 345 1094 cedr'ns,
367 1018 433 1092 iris,
451 1016 528 1076 viola
542 1034 702 1097 purpurea,
718 1017 880 1093 narcissus,
895 1034 980 1093 rosa,
999 1034 1128 1093 crocum,

138 1116 254 1178 passum
275 1100 440 1179 (prasium.
461 1100 575 1178 hina),
594 1101 700 1175 juncus
715 1099 884 1178 quadratus,
906 1099 1041 1179 nardum,
1071 1103 1129 1160 cin·

138 1197 312 1257 namomum,
337 1184 428 1262 casia,
452 1185 671 1260 ammoniacum,
694 1201 777 1258 cera,
799 1185 911 1258 resina,
934 1200 989 1242 ura
1004 1185 1128 1259 taminia,

139 1281 241 1343 spuma
260 1269 388 1343 argenti,
416 1276 531 1343 styrax,
559 1268 630 1327 licus
654 1266 748 1343 arida,
779 1267 996 1343 tragoriganus,
1026 1267 1076 1326 lini
1102 1275 1164 1328 etro

139 1349 261 1407 narcissi
277 1366 391 1426 semen,
408 1350 550 1426 bitumen,
566 1349 669 1410 sordes
683 1368 720 1410 ex
735 1350 903 1427 gymnasio,
919 1350 1028 1428 pyrites
1044 1350 1129 1429 lapis,

139 1438 187 1491 aut
201 1432 335 1510 molaris,
353 1434 457 1495 crudus
473 1434 606 1509 vitellus,
625 1451 737 1494 amarae
752 1451 856 1510 nuces,
874 1433 1001 1511 sulphur.

484 1648 658 1709 CAPUT
693 1649 786 1707 XII.

454 1764 523 1824 Quae
539 1772 643 1816 evocent
658 1773 682 1814 et
696 1764 811 1814 educant.

199 1916 313 1976 Evocat
336 1923 364 1976 et
384 1914 480 1976 educit
502 1916 648 1994 ladanum,
671 1915 782 1975 alumen
801 1915 967 1991 rotundum,
988 1914 1131 1991 hebenus,
1144 1939 1165 1978 15

139 1999 187 2058 lini
200 2018 314 2074 semen,
332 1998 528 2078 omphacium,
544 2000 603 2077 iel,
621 1999 766 2074 chalcitis,
783 1999 933 2074 bdellium,
947 1999 1042 2058 resina
1055 2008 1131 2058 tere-

139 2082 265 2144 binthina
287 2091 316 2142 et
341 2084 441 2162 pinea,
475 2083 625 2161 propolis,
656 2084 728 2142 licus
752 2083 830 2143 arida
851 2083 988 2158 decocta,
1018 2091 1130 2142 stercus

141 2167 307 2244 columbae,
332 2184 452 2244 pnmex,
472 2168 562 2226 farina
579 2167 658 2239 lolii,
681 2167 778 2243 grossi
794 2169 821 2225 in
835 2184 909 2245 aqua
925 2167 1017 2241 cocti,
1041 2165 1130 2225 elate-

140 2250 226 2328 rium,
244 2252 314 2310 lanri
330 2248 454 2325 baccae,
470 2251 590 2323 nitrum,
609 2249 662 2308 sal.

468 2468 650 2529 CAPUT
688 2469 806 2528 XIII.
1141 2480 1167 2519 2⁰

449 2586 517 2646 Quae
544 2595 693 2652 exasperato
717 2587 822 2637 luerent.

202 2735 308 2795 Laevat
331 2736 359 2796 id
385 2737 462 2814 qnod
487 2749 685 2818 exasperatum
712 2748 778 2814 est,
813 2740 959 2819 spodium,
989 2742 1131 2818 hebenus,

140 2819 259 2897 gummi,
277 2820 324 2880 ovi
340 2821 449 2898 album,
466 2821 527 2898 lac,
543 2824 767 2900 tragacantham.

474 3021 660 3085 CAPUT
694 3025 802 3084 XIV.

343 3137 411 3197 Quae
428 3153 529 3189 manem
544 3141 655 3190 nutriant
670 3147 698 3190 ut
712 3141 784 3191 ulcus
799 3141 927 3206 impleant.
1141 3149 1166 3188 ts

200 3290 322 3352 Carnem
345 3288 396 3348 alit
417 3297 446 3348 et
470 3288 549 3347 ulcus
571 3288 671 3367 implet
688 3292 785 3350 resina
802 3292 905 3368 pinea,
928 3286 1015 3347 ochra
1030 3289 1131 3363 attice,

137 3375 201 3450 vel,
225 3375 351 3451 astyrice
396 3371 468 3450 (mel
489 3371 648 3432 erithace?
674 3373 709 3432 cl.
740 3374 834 3435 Varro
859 3374 896 3434 ll.
921 3372 959 3432 ll.
983 3369 1041 3447 111,
1066 3371 1132 3449 16),

137 3476 221 3535 cera,
237 3458 378 3534 butyrum.
