2414 3924
365 240 434 286 mn.
452 241 498 286 1v.
522 240 596 288 cae.
612 242 712 289 xx111.
728 243 824 290 xxsv.
1032 230 1091 291 149

343 393 527 455 CAPUT
562 395 840 475 XXI111xvl1.

405 509 442 559 De
460 509 575 559 laevitate
595 511 779 560 intestinorum.

181 645 227 706 Ex
253 646 422 705 torminibus
448 645 590 705 interdum
618 647 815 707 intestinorum
841 647 964 709 laevitas
987 651 1091 719 oritur:

96 749 152 808 qua
170 730 320 790 continere
342 730 410 789 nihil
427 738 565 808 possunt,
589 738 619 789 et
634 729 772 809 quidquid
790 740 941 792 assumtum
958 743 1019 810 est,
1042 735 1091 793 im-

70 815 259 895 speriectum
283 815 415 894 protinus
430 813 561 873 reddunt.
599 812 631 872 ld
647 813 788 874 Interdum
804 834 912 894 aegros
928 817 1028 895 trahit,
1051 819 1091 876 in·

96 897 208 958 terdum
224 899 407 978 praecipitat.
443 897 474 956 ln
490 897 662 976 boeotique
678 897 817 959 adbibere
834 910 952 979 oportet
968 902 1091 980 compri-

95 976 215 1051 mentia3
240 1000 297 1060 quo
320 982 433 1042 facilins
450 980 564 1040 tenendi
581 980 688 1058 aliquid
705 984 848 1042 intestinis
864 984 909 1043 vis
925 987 970 1044 sit,
1008 983 1089 1063 Ergo

96 1075 126 1125 et
142 1084 231 1144 super
243 1074 347 1143 pectus
359 1075 484 1145 ponatur
496 1066 604 1143 sinapi;
620 1065 844 1146 exulcerataque
858 1077 932 1144 cute,
949 1069 1090 1146 malagma

97 1149 175 1228 quod
198 1149 348 1208 humorem
376 1158 496 1208 evocet:
531 1157 560 1207 et
587 1167 626 1207 ex
653 1148 789 1210 verbenis
813 1150 936 1211 decocta
963 1153 990 1210 in
1018 1170 1089 1230 aqna

60 1256 85 1296 ao
99 1234 244 1294 desideat:
275 1242 304 1292 et
325 1233 407 1294 cibos
433 1235 627 1312 potionesque
649 1242 790 1310 assumat,
819 1251 893 1311 quac
920 1236 1014 1295 alvum
1042 1235 1090 1296 ad·

96 1320 254 1395 stringant:
282 1326 311 1376 et
331 1317 444 1394 frigidis
466 1326 560 1376 utatur
579 1316 805 1394 perfusionibus.
853 1317 976 1397 Oportet
996 1328 1090 1380 tamen

96 1401 286 1480 prospicere,
309 1420 363 1475 ne,
387 1401 468 1460 simul
491 1400 536 1459 his
553 1400 684 1459 omnibus
701 1401 838 1477 admotis,
864 1404 962 1463 vitium
977 1414 1090 1465 contra·

96 1488 168 1545 rium
183 1503 237 1563 per
249 1484 417 1544 immodicas
428 1483 593 1544 indationes
606 1487 723 1544 oriatur.
747 1486 885 1546 Paulatim
898 1505 971 1564 ergo
984 1489 1090 1548 llrmari

95 1571 229 1628 intestina
252 1568 412 1646 debebunt,
436 1568 577 1647 aliquibus
596 1568 724 1646 qnotidie
740 1569 872 1645 adjectis.
907 1569 944 1629 Et
963 1573 1090 1649 quumin

62 1674 85 1713 rs
97 1655 173 1714 omni
198 1653 288 1713 liuore
306 1655 432 1727 ventris,
455 1661 513 1711 tum
528 1654 555 1711 in
572 1652 630 1711 boc
646 1655 804 1733 praecipue
821 1657 1017 1714 necessarium
1034 1664 1089 1730 est,

95 1755 153 1796 non
173 1737 289 1814 quoties
305 1737 376 1796 libet
392 1736 541 1812 desidere,
557 1736 609 1795 s'cd
625 1737 740 1813 quoties
756 1756 880 1797 necesse
895 1748 952 1806 est;
976 1746 1005 1798 ut
1017 1739 1091 1798 haec

96 1824 160 1898 ipsa
174 1839 254 1880 mora
269 1824 297 1880 in
316 1820 554 1881 consuetudinem
571 1820 684 1879 ferendi
701 1823 799 1881 oneris
812 1824 945 1881 intestina
957 1821 1089 1882 deducat.

96 1904 227 1963 Alterum
243 1923 375 1983 quoque,
393 1904 469 1982 quod
485 1921 578 1981 aeque
594 1903 630 1963 ad
646 1921 746 1963 omnes
763 1905 871 1964 similes
886 1906 1007 1965 allectus
1023 1924 1090 1985 per-

96 1990 183 2063 tinet,
207 1990 235 2047 in
258 1989 315 2049 boc
331 1990 452 2047 maxime
477 1987 648 2047 servandum
671 1996 731 2057 est;
761 1998 807 2064 ut,
841 2007 925 2067 quum
949 1990 1090 2069 pleraque

59 2073 175 2133 contilia
195 2073 324 2133 insuavia
347 2073 418 2147 sint,
445 2070 538 2149 qualis
559 2080 604 2130 est
626 2071 764 2150 plantago
787 2082 815 2132 et
832 2072 894 2132 rubi
909 2081 938 2132 et
953 2073 1089 2151 quidquid

95 2156 246 2216 malicorio
268 2158 385 2216 mixtum
409 2165 468 2232 est,
492 2174 526 2215 ea
549 2152 728 2235 potissimum
753 2175 790 2216 ex
810 2157 854 2216 his
873 2156 991 2232 dentur,
1015 2175 1090 2234 quae

95 2240 218 2300 maxime
244 2259 334 2318 aeger
361 2241 456 2301 volet:
489 2240 605 2316 deinde,
631 2242 655 2298 si
682 2241 775 2300 omnia
803 2242 856 2300 ista
882 2241 1025 2315 fastidiet,
1055 2240 1090 2300 ad

96 2325 276 2384 excitandam
292 2324 349 2383 cibi
362 2323 561 2403 cupiditatem,
578 2327 776 2402 interponatur
788 2324 894 2402 aliquid
905 2326 997 2384 minus
1008 2325 1088 2398 utile,
1149 2329 1153 2336 '

96 2408 149 2468 sed
163 2409 254 2485 magis
271 2418 394 2486 gratum·
427 2408 660 2468 Exercitationes
678 2417 706 2467 et
722 2408 874 2468 frictiones
889 2409 955 2468 huic
973 2426 1089 2487 quoque

60 2512 86 2550 aa
98 2490 200 2551 morbo
224 2494 408 2553 necessariae
429 2500 509 2560 sunt;
532 2501 560 2551 et
582 2510 645 2551 cum
669 2492 714 2551 his
738 2493 799 2569 sol,
824 2494 918 2569 ignis,
945 2493 1087 2567 balneum,

96 2576 228 2650 vomitus3
242 2587 271 2637 nt
281 2577 452 2655 Hippocrati
464 2578 554 2635 visum
565 2585 610 2635 cst
624 2575 726 2655 (Hipp.
739 2575 787 2636 Dc
800 2574 900 2656 effect.
913 2577 944 2653 ὃ.
957 2578 1009 2654 23,
1022 2577 1088 2655 24),

97 2662 181 2718 etiam
200 2660 266 2719 albo
284 2670 416 2737 veratro,
435 2661 459 2718 si
479 2668 576 2719 cetera
595 2678 694 2738 parum
710 2661 878 2737 proficient,
896 2670 1046 2721 evocatus.

340 2897 525 2957 elenu
561 2895 846 2972 XXIvtxvtlt.

323 3011 360 3059 Dc
391 3011 520 3059 lumbricis
556 3011 641 3058 alvum
671 3010 860 3074 occupantibus.

60 3179 86 3218 ac
157 3158 376 3239 Nonnumquam
398 3170 491 3220 autem
512 3159 643 3219 lumbrici
665 3177 781 3238 quoque
809 3167 954 3236 occupant
978 3157 1088 3225 alvmn:

96 3242 182 3320 hique
201 3246 287 3304 modo
304 3264 341 3304 ex
357 3245 541 3304 inferioribus
558 3243 704 3322 partibus,
722 3242 807 3300 modo
826 3241 941 3301 foedius
957 3259 1009 3300 ore
1025 3240 1089 3299 red-

95 3325 212 3387 duntur:
237 3338 322 3406 atque
345 3330 486 3388 interdum
509 3328 583 3388 latos
607 3345 674 3403 eos,
696 3326 744 3405 qui
764 3327 883 3404 pejores
900 3334 980 3400 sunt,
1003 3325 1090 3383 inter-

96 3409 160 3468 dum
177 3420 287 3471 teretes
304 3413 444 3472 videmus.
474 3414 503 3472 Si
520 3413 568 3472 lati
582 3421 663 3487 sunt,
680 3429 754 3488 aqua
771 3412 850 3488 potui
866 3410 925 3470 dari
943 3407 1044 3484 debet,
1062 3410 1090 3466 in

97 3511 153 3570 qua
169 3494 311 3573 lupinum,
329 3505 376 3555 aut
390 3505 492 3556 cortex
508 3497 580 3555 mori
597 3494 736 3556 decoctus
750 3496 802 3564 sit;
822 3504 869 3555 aut
886 3496 931 3554 cni
948 3493 1089 3567 adjectum
