2414 3924
132 189 194 252 236
427 199 459 247 s.
477 199 507 247 c.
525 197 833 247 cans1uanrcrunu

133 354 238 418 Graeci
261 353 419 433 appellant.
460 352 562 433 Neque
584 363 707 427 tument,
729 371 825 434 neque
846 353 934 412 lluunt
955 353 1048 431 oculi,
1074 354 1130 415 sed

133 439 237 500 rubent
253 447 372 514 tanturn,
391 448 419 498 et
435 457 497 497 cum
514 436 617 497 dolore
634 437 757 515 quodam
772 455 880 515 graves
896 446 976 512 sunt,
994 446 1023 496 et
1039 448 1130 498 noctu

133 540 203 603 prae
227 523 310 598 gravi
335 523 434 599 pituita
459 521 677 581 inhaerescunt:
707 533 871 600 quantoque
893 523 987 580 minor
1010 524 1131 598 generis

134 608 216 683 hujus
237 607 372 684 impetus,
395 615 474 666 tanto
496 606 558 664 finis
573 608 664 663 minus
680 606 832 682 expeditus
850 615 903 665 est.
939 605 970 664 ln
985 605 1043 665 hoe
1058 607 1130 666 vitio

134 691 249 750 multum
264 689 427 765 ambulare,
442 688 557 748 multum
574 689 725 764 exerceri,
741 689 831 749 lavari
847 707 947 768 saepe,
964 689 1062 768 ibique
1077 691 1127 749 de·
1144 707 1157 748 t

133 775 249 848 sudare,
266 773 411 849 multaque
427 773 560 832 frictione
578 776 615 832 uti
632 777 827 833 necessarium
842 783 896 833 est.
920 771 985 832 (libi
1000 792 1096 852 neque
1110 775 1131 832 ii

134 860 182 936 qui
202 857 337 935 implent,
362 875 457 934 neque
477 857 590 915 nimium
610 874 710 933 acres,
731 859 789 935 apti
811 867 891 933 sunt,
916 858 968 917 sed
982 859 1056 916 inter
1075 858 1131 917 hos

133 942 228 1002 medii.
263 941 364 1016 lllane,
388 941 435 999 ubi
458 942 634 999 concoxisse
652 942 831 1001 manifestum
847 951 906 1018 est,
927 959 983 1001 non
999 950 1044 1000 est
1060 942 1130 1001 alie·

133 1046 197 1086 nurn
213 1044 250 1084 ex
265 1025 358 1102 sinapi
370 1026 572 1101 gaugericum
589 1034 646 1083 tum
661 1024 765 1085 deinde
781 1035 867 1103 caput
882 1035 968 1104 atque
979 1043 1014 1084 os
1025 1025 1130 1085 diutius

133 1103 285 1167 defricare.
1142 1124 1166 1164 ru

197 1192 246 1252 30.
264 1190 422 1265 Collyrium
439 1210 508 1251 vero
525 1194 701 1271 aptissimum
714 1202 767 1270 est,
785 1192 862 1271 quod
875 1189 984 1273 ῥινίον
999 1204 1130 1254 vocatur.

133 1275 227 1336 Habet
247 1275 380 1350 myrrhae
398 1295 425 1354 p.
442 1275 497 1355 )·(.
514 1295 538 1334 z.
557 1279 711 1355 papaveris
728 1278 881 1353 lacrimae,
903 1279 1021 1337 acaciae
1036 1280 1131 1353 succi,

133 1359 254 1439 piperis,
271 1361 385 1436 gummi,
405 1359 579 1435 singulorum
597 1378 625 1438 p.
641 1359 696 1438 )·(.
713 1375 735 1419 1.
751 1361 855 1439 lapidis
871 1360 1041 1437 haematitis,
1059 1361 1131 1441 lapi·

134 1445 177 1505 dis
190 1442 315 1521 phrygii,
332 1444 411 1518 lycii,
429 1443 532 1522 lapidis
550 1444 684 1520 scissilis,
700 1445 878 1522 singulorum
890 1464 918 1524 p.
931 1444 987 1525 )·(.
1000 1459 1037 1505 ΙΙ.
1053 1448 1132 1506 aeris

134 1525 275 1587 combusti
290 1545 318 1605 p.
332 1526 388 1606 )·(.
402 1539 447 1586 lv.
469 1527 513 1586 Ac
527 1529 661 1605 pyxinum
675 1546 793 1607 quoque
809 1529 912 1588 eodem
928 1529 1129 1589 accommoda·
1142 1544 1165 1582 15

134 1619 261 1670 tumest.

197 1696 247 1757 31.
271 1696 301 1754 Si
322 1713 394 1754 vero
417 1695 513 1754 scabri
536 1697 614 1755 oculi
636 1706 715 1771 sunt,
741 1697 817 1772 quod
832 1699 955 1756 maxime
971 1698 998 1754 in
1015 1697 1130 1774 angulis

134 1798 201 1839 esse
226 1780 393 1853 consuevit,
428 1789 525 1858 potest
552 1780 693 1858 prodesse
721 1776 845 1860 ῥινίονς
875 1790 973 1859 potest
999 1781 1131 1840 similiter

123 1864 175 1940 id,
204 1863 280 1941 quod
304 1862 391 1922 habet
419 1866 564 1940 aeruginis
591 1882 690 1941 rasae,
716 1866 827 1942 piperis
845 1865 946 1941 longi,
973 1866 1131 1943 papaveris

134 1948 289 2022 lacrimae,
324 1946 499 2023 singulorum
530 1967 557 2026 p.
588 1948 663 2027 )·(.
696 1969 730 2009 11.
759 1951 870 2028 piperis
907 1952 981 2030 albi,
1011 1949 1128 2025 gummi,
1139 1964 1166 2006 ru

133 2031 309 2108 singulorum
333 2050 361 2109 p.
384 2031 440 2109 )·(.
461 2045 506 2094 1v.
529 2033 657 2092 cadmiae
679 2032 792 2107 elotae,
820 2051 972 2107 cerussae,
1000 2031 1130 2109 singulo·

134 2135 194 2175 rum
225 2135 252 2195 p.
279 2115 335 2194 )·(.
359 2128 405 2174 VI.
441 2114 557 2175 Nullum
583 2127 677 2176 tamen
699 2115 802 2174 melius
829 2125 874 2174 est
901 2135 984 2192 quam
1012 2116 1130 2193 Euelpi-

134 2201 194 2274 dis,
226 2200 301 2277 quod
326 2192 502 2277 βασιλικόν
525 2199 697 2259 nominabat.
743 2199 836 2258 Habet
863 2200 1017 2277 papaveris
1044 2200 1130 2258 lacri-

134 2302 221 2357 mae,
249 2300 399 2357 cerussae,
417 2281 520 2358 lapidis
537 2283 623 2357 assii,
640 2280 818 2358 singulorum
838 2301 864 2360 p.
880 2283 930 2361 )·(.
955 2305 989 2343 11.
1007 2288 1130 2361 gummis

133 2385 161 2443 p.
186 2364 241 2443 )·(.
264 2380 313 2425 111.
338 2367 446 2443 piperis
468 2365 525 2424 albi
554 2366 724 2446 p.)-(.1v.
748 2369 827 2427 croci
855 2387 883 2446 p.
906 2368 961 2445 )·(.
987 2380 1033 2426 vr.
1058 2383 1166 2444 pso-aa

134 2449 186 2507 rici
207 2466 235 2525 p.
258 2450 314 2528 )·(.
339 2462 415 2507 xm.
452 2447 537 2507 Nulla
567 2459 660 2509 autem
690 2469 743 2528 per
764 2470 801 2510 se·
822 2453 940 2510 materia
970 2460 1030 2524 est,
1054 2468 1130 2527 quae
1179 2448 1181 2452 ’

134 2532 279 2610 psoricum
300 2533 476 2601 nominetur;
501 2534 553 2592 sed
578 2534 736 2593 chalcitidis
751 2535 875 2612 aliquid,
899 2545 928 2593 et
946 2535 1072 2594 cadmiae
1089 2534 1130 2592 di·

133 2613 218 2673 midio
241 2614 306 2690 plus
328 2634 365 2674 ex
386 2625 470 2675 aceto
494 2617 576 2676 simul
599 2629 797 2695 conteruntur,
818 2620 903 2697 idque
924 2620 952 2676 in
973 2636 1024 2676 vas
1041 2617 1130 2675 fietile

134 2698 274 2772 additum,
298 2709 327 2757 et
349 2708 512 2760 contectum
534 2701 665 2760 ficulneis
681 2703 777 2779 loliis,
802 2703 855 2763 sub
874 2712 950 2762 terra
968 2700 1129 2779 reponitur,

133 2781 332 2859 sublatumque
355 2793 421 2861 post
444 2784 506 2843 dies
525 2787 624 2861 viginti
641 2805 738 2845 rursus
754 2789 870 2862 teritur,
892 2796 921 2846 ει
937 2788 979 2844 εἰε
997 2785 1129 2862 appella·
1141 2800 1167 2841 so

133 2877 186 2927 tur.
223 2867 330 2926 Verum
346 2867 382 2926 de
400 2867 521 2927 basilico
538 2887 653 2947 quoque
670 2870 793 2945 collyrio
811 2873 962 2944 convenit,
978 2869 1013 2927 ad
1030 2885 1131 2927 omnes

133 2951 254 3011 allectus
272 2952 420 3011 oculorum
438 2953 465 3011 id
483 2971 549 3012 esse
567 2953 716 3027 idoneum,
741 2955 789 3031 qui
805 2973 862 3013 non
878 2954 990 3013 lenibus
1005 2951 1130 3011 medica·

132 3036 236 3094 mentis
258 3046 401 3096 curantur.
437 3037 493 3097 Ubi
518 3055 576 3097 non
599 3047 662 3096 sunt
678 3046 772 3096 autern
789 3039 995 3098 medicamenta
1012 3052 1132 3113 compo·

133 3121 203 3193 sita,
230 3119 351 3178 scabros
369 3121 491 3196 angulos
506 3121 621 3181 laevant
636 3131 666 3181 ει
682 3121 739 3181 mel
754 3130 783 3180 ει
798 3123 908 3181 vinum:
930 3123 1130 3197 succurritque

133 3202 217 3262 ethis
230 3212 258 3261 et
269 3205 366 3264 aridae
379 3205 550 3283 lippitudini,
563 3207 588 3263 si
602 3208 665 3284 quis
678 3223 781 3284 panem
795 3224 832 3264 ex
843 3206 909 3263 vino
923 3205 1070 3263 subactum
1083 3221 1128 3262 su·
1140 3214 1166 3256 ³⁵

132 3305 186 3365 per
199 3287 312 3346 oculum
324 3290 452 3365 imponit.
471 3286 542 3347 Nam
555 3307 639 3367 quum
647 3291 709 3348 lere
717 3287 981 3365 sithumoraliquis,
990 3288 1037 3365 qui
1044 3286 1130 3346 modo

132 3372 224 3447 ipsum
233 3372 357 3448 oculum,
370 3372 456 3431 modo
465 3372 597 3449 angulos,
611 3382 659 3432 aut
665 3372 996 3452 palpebrasexasperat,
1007 3372 1060 3442 sic,
1068 3379 1097 3428 ει
1105 3370 1131 3428 si

132 3452 198 3529 quid
213 3454 308 3530 prodit
321 3455 458 3532 humoris,
473 3455 642 3532 extrahitur,
656 3465 685 3515 ει
697 3458 720 3515 si
734 3455 800 3532 quid
808 3457 892 3530 juxta
902 3464 955 3532 est,
967 3453 1131 3532 repellitur.

985 3623 992 3652 l
