2414 3924
140 189 201 253 292
427 197 460 244 n.
479 195 510 243 c.
526 195 624 243 onnsr
641 194 834 242 uanremnn

140 355 231 416 cende
247 362 305 421 est;
321 369 378 431 quo
393 351 506 410 facilins
520 351 614 409 omnia
630 367 703 426 quae
717 357 918 425 excesserunt,
933 349 1008 409 intra
1017 358 1133 410 uterum

140 438 300 499 considant.

483 670 668 730 CAPUT
700 670 781 728 XV.

376 789 505 848 Quomodo
522 804 588 852 aqua
601 789 746 853 hydropicis
759 789 892 837 emittatur.

202 941 312 1019 Aquam
327 941 373 1015 iis,
395 941 442 1018 qui
458 939 609 1019 hydropici
624 947 698 1012 sunt,
713 939 801 997 emitti
816 945 968 1015 oportere,
983 939 1053 999 alias
1073 939 1155 1001 dixis

140 1022 283 1103 (111‚21).
299 1021 1130 1100 Nunc,quemadmodumidliat,dicendumest(ci.l‘.Aeg.

139 1106 190 1183 vl,
201 1109 267 1186 50).
282 1105 402 1180 Quidam
415 1114 508 1165 autem
521 1106 573 1165 sub
585 1105 730 1182 umbilico,
739 1104 801 1164 iere
818 1114 940 1183 quatuor
951 1108 1132 1184 interpositis

139 1190 236 1266 digitis
250 1208 267 1248 a
279 1191 392 1249 sinistra
405 1199 502 1268 parte:
520 1189 643 1268 quidam,
653 1191 718 1266 ipsu
730 1186 866 1247 umbilico
879 1188 1040 1266 perforato,
1048 1190 1078 1249 id
1089 1190 1131 1250 ia·

140 1290 210 1332 cere
222 1282 409 1332 consuerunt:
426 1272 748 1351 quidam‚outeprimum
757 1270 865 1348 adusta,
879 1271 983 1331 deinde
991 1274 1132 1332 interiore

139 1354 291 1416 abdomine
312 1357 418 1424 inciso;
442 1358 523 1433 quia,
550 1355 627 1433 quod
642 1374 696 1434 per
714 1358 809 1431 ignem
824 1354 944 1415 divisum
959 1365 1021 1431 est,
1036 1358 1131 1416 minus
1142 1371 1167 1412 1o

140 1438 275 1498 celeriter
296 1441 363 1498 coit.
394 1440 606 1498 Ferramentum
635 1447 728 1498 autem
755 1439 910 1497 demittitur
931 1457 1033 1516 magna
1062 1459 1133 1500 eura

138 1520 250 1599 habita,
272 1538 308 1581 ne
324 1540 379 1601 qua
395 1541 469 1581 vena
485 1521 634 1581 incidatur.
672 1520 705 1581 ld
726 1521 785 1580 tale
802 1539 868 1580 esse
884 1521 988 1597 debet,
1012 1532 1043 1583 ut
1067 1523 1133 1582 lere

139 1607 251 1665 tertiam
266 1605 346 1683 digiti
360 1615 470 1684 partem
481 1605 600 1664 latitudo
612 1606 757 1664 mucronis
768 1604 898 1682 impleat;
915 1605 1133 1666 demittendum-

139 1707 195 1768 que
211 1691 249 1749 ita
272 1698 332 1764 est,
355 1699 385 1748 ut
403 1688 595 1748 membranam
616 1706 732 1766 quoqne
753 1696 896 1762 transeat,
926 1706 981 1767 qua
1007 1707 1076 1749 caro
1094 1689 1132 1749 ab

138 1774 276 1833 interiore
291 1781 373 1850 parte
389 1773 497 1832 linitur:
514 1789 550 1831 eo
567 1781 624 1831 tum
636 1771 770 1850 plumbea
786 1779 833 1831 aut
849 1789 940 1832 aenea
952 1772 1044 1832 listula
1061 1791 1166 1847 con-15

135 1856 261 1931 jicienda
277 1865 337 1931 est,
353 1856 400 1915 vel
414 1859 575 1916 recurvatis
591 1857 619 1913 in
634 1855 809 1914 exteriorem
825 1863 935 1931 partem
958 1855 1066 1934 labris,
1082 1857 1131 1917 vel

138 1941 166 1998 in
181 1940 273 1999 media
294 1940 539 2016 circumsurgente
554 1938 675 2018 quadam
691 1955 786 2014 mora,
808 1955 844 1995 nc
866 1947 925 1998 tota
942 1941 1016 1998 intus
1033 1939 1132 2000 delabi

138 2025 240 2102 possit.
268 2023 358 2098 Hujus
375 2041 409 2082 ea
427 2041 505 2102 pars,
520 2040 594 2100 quae
609 2023 692 2098 intra,
707 2021 792 2100 paulu
809 2019 925 2097 longior
942 2040 1008 2081 esse
1030 2022 1131 2100 debet,

139 2124 222 2184 quarn
244 2124 318 2183 quae
335 2116 431 2174 extra;
457 2115 485 2165 ut
500 2107 573 2165 ultra
587 2107 754 2164 interiorem
770 2103 960 2164 membranam
978 2107 1130 2185 procedat.

137 2189 193 2249 Per
206 2189 280 2249 haue
295 2190 483 2249 effundendus
501 2190 601 2248 humor
616 2197 660 2247 est
668 2212 678 2259 ς,
696 2197 783 2266 atque
806 2188 853 2246 ubi
874 2190 965 2264 major
981 2207 1048 2267 pars
1065 2193 1130 2266 ejus
1141 2209 1167 2248 au

137 2282 262 2333 evocata
273 2282 332 2349 est,
350 2272 507 2332 claudenda
524 2272 648 2331 demisso
662 2271 782 2330 linteolo
796 2270 888 2330 fistula
905 2281 964 2341 est;
980 2275 1050 2332 etin
1066 2274 1130 2333 vul·

137 2374 223 2430 nere,
240 2358 263 2414 si
279 2356 307 2413 id
325 2364 416 2413 ustum
428 2372 485 2413 uon
501 2363 556 2430 est,
570 2353 766 2432 relinquenda.
784 2351 895 2413 Deinde
907 2374 960 2433 per
974 2357 1130 2435 insequen-

139 2446 184 2495 tes
215 2437 277 2496 dies
303 2440 381 2496 circa
405 2437 533 2513 singulas
550 2438 677 2497 heminas
693 2437 889 2513 emittendum,
912 2438 1005 2499 donec
1021 2440 1131 2500 nullum

136 2537 227 2597 aquae
244 2521 394 2596 vestigium
410 2530 557 2599 appareat.
576 2521 694 2595 Quidam
706 2529 800 2580 tamen
811 2522 895 2581 etiam
907 2539 964 2580 non
975 2532 1036 2581 usta
1050 2533 1129 2601 cute,

138 2604 268 2681 protinus
284 2601 405 2662 fistulam
420 2606 576 2681 recipiunt,
592 2614 621 2663 et
642 2622 730 2682 super
746 2604 847 2662 vulnus
870 2608 1022 2682 spungiam
1036 2606 1089 2647 ***
1100 2606 1127 2686 ¹)
1138 2623 1165 2663 ιι

137 2703 305 2764 expressam
323 2686 464 2763 deligant:
481 2687 584 2747 deinde
607 2697 727 2766 postero
749 2686 795 2745 die
819 2705 917 2746 rursus
941 2689 1062 2748 fistulam
1078 2689 1128 2749 de-

135 2770 259 2846 mittunt,
281 2769 357 2846 quod
373 2789 477 2830 recens
493 2772 595 2830 vulnus
612 2771 725 2848 paulum
740 2769 883 2829 diductum
901 2774 1022 2850 patitur,
1038 2782 1085 2849 ut,
1102 2775 1128 2832 si

136 2853 203 2931 quid
219 2852 344 2913 humoris
362 2864 506 2932 superest,
524 2857 680 2913 emittatur:
698 2852 784 2930 idque
809 2851 854 2912 bis
873 2858 913 2914 ita
934 2855 1040 2915 fecisse
1058 2874 1126 2916 eon·

134 2940 204 2996 tenti
221 2946 294 2995 sunt.

206 3169 234 3232 l)
248 3171 332 3220 Verba
342 3172 427 3233 aliqua
440 3173 540 3224 desunt.
563 3173 659 3222 Forsan
668 3190 702 3224 erc
712 3181 789 3225 aceto.
803 3173 867 3222 Vide
876 3173 992 3238 proximo
1006 3189 1062 3239 cap.
1078 3174 1124 3234 16;

134 3253 159 3301 p.
172 3237 232 3297 294,
242 3240 258 3288 l.
274 3237 320 3288 1οε
332 3254 345 3288 s
365 3241 476 3304 englam,
486 3249 529 3288 aut
539 3242 665 3298 succidam
675 3243 757 3291 lanam
767 3256 799 3289 ex
808 3249 879 3290 noeto
889 3256 1044 3305 expressam.
1058 3242 1125 3293 Pau·

134 3305 173 3353 lus
187 3304 262 3354 habet
273 3310 290 3356 l.
305 3311 321 3356 l.
336 3254 376 3369 ἅ).
390 3309 441 3358 220
453 3308 492 3356 ed.
508 3308 611 3372 Briau):
630 3299 713 3373 μόιου
732 3299 921 3373 στρεπτᾶριον.
