2414 3924
147 184 208 248 232
440 195 473 240 a,
490 192 518 240 c.
538 191 636 240 cunm
650 191 845 240 transcursa

148 351 223 411 busti
238 349 360 424 stolati,
375 349 530 427 papaveris
543 347 679 407 lacrimae
689 347 803 426 frictae,
816 347 993 424 singulorum
1009 368 1038 428 p.
1050 350 1108 430 )·(.
1120 365 1144 412 1.

147 434 241 514 spodii
255 434 333 510 eloti,
350 433 437 506 turis,
463 429 544 490 stibis
558 430 699 491 combusti
715 439 743 489 et
759 430 844 507 eloti,
860 433 1145 517 myrrhaagummis,

147 517 324 595 singulorum
340 533 368 594 p·
384 514 440 594 )·(.
456 528 492 575 11.

209 602 257 661 14.
280 600 385 660 Evenit
401 600 501 674 etiarn,
518 607 547 657 ut
563 597 654 672 oculi,
672 599 719 661 vel
737 599 838 677 ambo,
854 599 901 659 vel
913 601 1035 677 singuli,
1052 603 1143 663 mino·

145 704 194 745 res
218 683 305 759 liant,
329 701 412 761 quam
432 701 498 743 esse
520 681 687 741 naturaliter
708 682 844 743 debeant:
867 683 953 762 idque
971 692 1000 743 et
1014 702 1084 744 acer
1101 688 1165 763 pis

145 771 234 829 tultae
260 785 360 827 cursus
387 769 414 826 in
440 765 608 844 lippitudine
630 765 735 842 elficit,
762 776 790 826 et
812 769 965 827 continuati
987 767 1087 843 dctus,
1114 778 1143 830 ct

145 854 219 913 ictus
235 869 334 930 parum
350 849 424 909 bene
441 851 539 909 curati.
567 848 599 907 ln
615 849 658 908 bis
674 866 790 928 quoque
808 850 907 911 iisdem
923 851 1038 910 lenibus
1053 851 1141 911 medi·

147 937 285 998 cementis
307 954 344 995 ex
365 932 496 993 muliebri
518 933 594 992 lacte
613 933 746 992 utendum
763 943 821 995 est:
843 934 915 994 cibis
931 953 1002 995 vero
1018 937 1068 1012 iis,
1094 938 1141 1013 qui

145 1021 266 1080 maxime
283 1037 390 1098 eorpus
406 1018 485 1078 alere
501 1026 530 1077 et
541 1017 662 1095 implere
677 1027 865 1077 consuerunt:
881 1019 1053 1097 vitandaque
1064 1020 1140 1078 omni

144 1103 230 1165 modo
248 1121 349 1178 causa,
373 1119 447 1179 quae
463 1101 596 1160 lacrimas
613 1102 737 1176 excitet,
759 1119 885 1180 curaque
900 1101 1139 1163 domesticorum:
1152 1115 1175 1157 ro

146 1205 268 1266 quorum
293 1188 376 1245 etiam
401 1187 424 1244 si
450 1184 516 1262 quid
539 1184 595 1244 tale
614 1184 727 1260 incidit,
752 1185 815 1260 ejus
836 1187 954 1245 notitiae
970 1186 1139 1246 subtraben-

145 1272 219 1332 dum.
252 1270 349 1348 Atque
369 1270 447 1328 acria
469 1285 584 1346 quoque
608 1269 830 1344 medicamenta,
852 1278 881 1328 et
900 1286 984 1328 acres
1007 1269 1063 1330 cibi
1082 1288 1140 1330 non

145 1355 203 1415 alic
227 1355 320 1431 magis
336 1354 449 1411 nomine
465 1351 509 1410 bis
525 1360 647 1427 nocent,
671 1370 754 1429 quam
770 1351 847 1430 quod
864 1352 999 1413 lacrimas
1012 1363 1139 1413 movent.

208 1438 255 1499 15.
280 1436 376 1498 Genus
393 1453 509 1514 quoque
526 1437 586 1494 vitii
604 1445 663 1511 est,
681 1453 738 1512 quo
754 1437 828 1494 inter
845 1435 922 1514 pilos
934 1436 1141 1514 palpebrarum
1173 1426 1183 1440 ’

146 1520 273 1600 pediculi
297 1529 469 1580 nascuntur:
502 1517 698 1598 φθειρίασιν
725 1517 829 1578 Graeci
855 1521 1008 1580 nominant.
1054 1521 1140 1595 Quod
1152 1533 1174 1575 ta

146 1623 230 1683 quum
247 1624 285 1666 ex
303 1605 378 1664 malo
396 1604 529 1681 corporis
544 1603 641 1662 habitu
657 1603 720 1676 liat,
742 1621 808 1662 raro
825 1621 882 1663 non
899 1604 972 1664 ultra
988 1605 1138 1683 procedit:

144 1688 197 1749 sed
221 1690 284 1750 lere
308 1699 439 1767 tempore
460 1688 632 1766 interposito
656 1688 774 1764 pituitae
797 1705 898 1747 cursus
919 1691 1078 1748 acerrimus
1094 1707 1139 1748 se·

145 1775 255 1853 quitur;
290 1772 523 1849 exulceratisque
551 1771 738 1829 vehementer
765 1771 873 1847 oculis,
904 1774 997 1832 aciem
1023 1789 1139 1850 quoque

144 1858 236 1936 ipsam
259 1858 424 1935 corrumpit.
460 1855 511 1915 llis
534 1855 615 1914 alvus
637 1853 769 1913 ducenda
789 1862 849 1923 est;
878 1865 964 1933 caput
986 1855 1022 1916 ad
1045 1865 1140 1915 cutem

144 1941 332 2015 tondendum,
350 1939 453 2017 diuque
470 1939 596 2018 quotidie
606 1939 714 2012 jejunis
731 1938 956 2016 perfricandum
979 1938 1023 1997 bis
1039 1938 1135 1999 ambu·
1147 1949 1172 1991 2⁰

144 2025 298 2086 lationibus
322 2025 442 2103 aliisque
465 2021 719 2082 exercitationibus
735 2021 888 2097 diligenter
904 2022 1052 2090 utendum;
1072 2040 1138 2100 gar-

144 2110 388 2187 garizandumque
405 2126 442 2166 ex
458 2108 565 2181 mulso,
589 2108 616 2165 in
630 2122 687 2183 quo
706 2114 810 2183 nepeta
827 2114 855 2164 et
869 2107 983 2184 pinguis
1001 2106 1072 2166 licus
1091 2107 1138 2165 de·

145 2203 228 2253 cocta
257 2195 308 2259 sit:
341 2209 430 2268 saepe
457 2194 485 2249 in
513 2189 617 2249 balneo
646 2189 731 2249 multa
759 2189 852 2248 calida
881 2207 955 2266 aqua
982 2190 1139 2250 fovendum

144 2286 245 2355 caput;
275 2275 381 2334 vitandi
403 2292 486 2333 acres
509 2273 580 2340 oibi;
612 2273 687 2332 lacte
711 2274 836 2351 vinoque
862 2274 959 2351 pingui
986 2274 1137 2341 utendum;

144 2359 356 2436 bibendumque
379 2357 544 2432 liberalius,
566 2374 650 2434 quam
674 2356 813 2416 edendum
838 2366 891 2416 est.
927 2357 1173 2417 Medicamentum

144 2459 215 2501 vero
231 2444 305 2501 intus
322 2441 436 2519 quidem
451 2441 525 2499 leuia
541 2440 632 2500 danda
648 2449 727 2516 sunt,
749 2459 785 2499 ne
801 2440 867 2518 quid
882 2442 1002 2500 acrioris
1019 2442 1139 2519 pituitae

143 2527 304 2593 concitent;
320 2543 408 2603 super
424 2527 504 2604 ipsos
519 2542 589 2583 vero
608 2524 759 2602 pediculos
775 2524 847 2600 alia,
864 2542 937 2603 quae
952 2542 1060 2584 necare
1074 2542 1139 2600 eos,

143 2617 173 2668 et
197 2607 370 2687 probibere,
394 2629 429 2669 ne
450 2609 558 2668 similes
579 2618 748 2684 nascantur,
774 2610 894 2686 possint.
929 2607 974 2668 Ad
995 2608 1022 2667 id
1046 2610 1139 2686 ipsum

142 2710 260 2772 spumae
282 2694 346 2751 nitri
369 2713 396 2772 p.
415 2693 471 2772 )·(.
487 2708 509 2753 1.
531 2692 726 2752 sandarachae
748 2711 775 2770 p.
791 2692 885 2771 )·(.1,
908 2710 981 2752 uvae
1003 2693 1137 2752 taminiae

143 2794 171 2854 p.
188 2776 243 2856 )·(.
260 2791 282 2835 1.
306 2777 387 2837 simul
403 2787 546 2853 teruntur,
569 2777 758 2853 adjiciturque
779 2785 861 2835 vetus
881 2777 976 2835 oleum
991 2776 1053 2854 pari
1069 2789 1173 2854 por-tc

142 2861 238 2937 tione,
258 2870 345 2939 atque
361 2872 489 2937 acetum,
506 2861 599 2920 donec
618 2861 644 2918 ei
660 2859 753 2918 mellis
773 2861 933 2918 crassitudo
950 2861 995 2919 sit.

207 2944 254 3007 16.
283 2945 429 3006 Hactenus
451 2945 600 3005 oculorum
621 2943 713 3002 morbi
728 2942 841 3002 lenibus
857 2943 1072 3003 medicamentis
1087 2962 1137 3002 nu·

142 3033 271 3090 trinutur·
294 3029 407 3091 Genera
423 3029 526 3090 deinde
542 3028 597 3087 alia
613 3037 693 3102 sunt,
711 3045 784 3104 quae
803 3026 946 3086 diversam
960 3028 1138 3086 curationem

142 3113 335 3181 desiderant;¹
355 3114 476 3191 fereque
504 3131 541 3171 ex
567 3110 834 3171 inflammationibus
860 3120 940 3185 nata,
971 3110 1023 3169 sed
1051 3111 1137 3169 finitis

142 3213 257 3274 quoque
278 3197 322 3256 his
345 3198 496 3256 manentia.
533 3196 629 3273 Atque
648 3197 675 3254 in
694 3196 791 3272 primis
807 3196 835 3253 in
850 3194 1018 3274 quibusdam
1035 3208 1171 3273 perse-aa

142 3289 223 3339 verat
242 3283 336 3340 tenuis
360 3281 478 3358 pituitae
501 3298 609 3339 cursus.
657 3278 767 3352 Quibus
792 3279 873 3338 alvus
893 3279 1030 3337 inferiore
1054 3287 1137 3356 parte

141 3365 290 3423 evocanda
308 3372 369 3439 est,
386 3365 613 3442 demendumque
629 3362 735 3441 aliquid
750 3381 787 3421 ex
800 3362 876 3422 cibo.
895 3362 999 3440 Neque
1014 3362 1137 3421 alienum

142 3455 189 3505 est
207 3447 278 3505 illini
294 3448 417 3507 frontem
435 3447 647 3525 compositione
662 3445 812 3507 Andreae:
832 3462 906 3521 quae
915 3443 1133 3520 babetgummis
