2414 3924
459 194 701 261 ..17¹1-

54 342 184 425 Ιψ,
209 341 326 423 piperis
346 338 407 403 albi
434 348 465 402 et
485 339 569 421 longi
595 347 626 403 et
651 342 745 423 nigri,
773 342 856 403 croci
877 348 909 403 et
935 345 1085 427 sagapenl,

56 428 242 513 petrosellni
272 427 470 510 macedonici,
501 431 635 492 omnium
664 430 833 510 specierum
864 427 945 493 llllll
972 429 996 503 9
1022 433 1083 497 ain·

57 518 163 602 gulas,
193 516 291 580 mellis
313 517 482 599 despumati
508 517 589 596 quod
612 518 773 579 suffecerit.
819 523 850 578 et
877 524 924 578 est
949 519 1083 598 perlecta

58 606 145 671 dosia
174 605 199 675 3
225 604 290 667 1111,
328 604 488 685 aliquantis
514 604 604 673 3111
631 603 728 687 dahis,
757 604 922 667 secundum
953 605 1083 669 homlnis

60 698 175 781 eramo,
191 693 225 757 id
242 701 290 756 eat
307 701 446 757 naturam
464 694 510 756 vel
529 695 756 776 temperantiam
773 695 918 775 corporis.
953 701 983 755 et
1000 702 1111 774 post-a

59 802 155 867 dmm
184 780 342 867 diligemm
370 783 483 845 luerint
508 784 642 865 purgati,
668 781 713 845 lac
741 782 892 844 asininum
914 789 966 843 aut
988 785 1083 862 capri·

59 890 137 937 num
157 870 294 935 schiston
311 870 504 955 appellatum,
527 872 606 932 sicin
623 872 655 937 in
676 871 886 953 dysentericis,
910 871 1084 951 trequenter

59 963 150 1043 potui
177 958 277 1043 dabis,
305 967 358 1021 aut
383 961 518 1042 ptisanae
541 977 648 1021 sucum
669 966 722 1020 aut
748 959 827 1021 laeui
853 960 954 1039 graeci
976 977 1084 1022 sucum

59 1048 205 1113 simililer
231 1048 316 1109 dabis
343 1046 382 1109 ob
409 1046 614 1110 lenificandam
641 1048 853 1111 intestinorum
880 1065 1016 1113 rasuram
1044 1067 1083 1110 ex

58 1136 255 1201 antecedenti
277 1135 354 1198 malo
377 1135 503 1198 humore
527 1137 671 1198 effectam.
1096 1150 1124 1191 ιο

155 1223 244 1293 aliud.
280 1224 317 1286 ad
341 1224 544 1291 elefantiaslm.
582 1226 778 1289 coriariorum
800 1242 853 1287 rus
878 1224 990 1287 herbae
1012 1227 1082 1287 vlri-

59 1314 109 1379 dis
134 1331 210 1377 suco
232 1332 302 1376 cum
323 1315 393 1374 rino
416 1315 502 1375 tritae
526 1320 623 1375 totum
645 1312 760 1375 vultum
780 1331 880 1395 penna
902 1313 1009 1376 illines.

156 1400 245 1469 aliud
281 1400 318 1465 ad
341 1408 494 1465 mamam.
531 1399 660 1482 amylum
686 1403 832 1485 optimum
857 1401 997 1465 adiuncto
1019 1421 1083 1469 mo·

61 1490 134 1559 dico
157 1492 278 1553 cumino
305 1488 372 1553 albo
396 1509 466 1552 cum
488 1492 536 1551 ori
559 1488 708 1555 albumine
736 1492 820 1552 tenui
843 1498 924 1552 teres
947 1499 978 1553 et
999 1491 1083 1555 horis

62 1581 210 1643 serotinis
231 1585 328 1643 totum
351 1579 466 1642 vultum
488 1578 614 1640 oblinies
637 1585 669 1640 et
688 1597 745 1661 per
768 1585 860 1640 totam
883 1587 1002 1642 noctem
1024 1582 1124 1642 sio-1⁵

61 1670 129 1733 cari
155 1667 297 1731 dimittes.
339 1675 411 1731 tunc
439 1668 612 1731 lucescente
641 1666 690 1729 die
717 1667 825 1749 frigida
856 1686 933 1749 aqua
963 1668 1083 1731 lavabis.

63 1755 223 1838 aliquando
252 1755 291 1817 ol)
318 1758 501 1821 nimietatem
529 1754 700 1817 callositatis
728 1756 817 1817 etiam
841 1763 872 1817 et
898 1765 999 1837 guttae
1023 1775 1083 1819 am·

62 1846 194 1909 moniaci
215 1852 435 1927 competentem
459 1844 580 1906 modum
603 1861 694 1924 supra
720 1843 808 1905 dictis
830 1842 1038 1906 admiscemus.

155 1950 288 2013 smegma
305 1932 417 1995 taciens
436 1932 472 1994 ad
490 1932 618 2006 vultum,
643 1930 678 1992 ad
702 1930 874 2010 nigredines
893 1940 924 1992 et
941 1931 978 1991 ad
996 1930 1082 1992 lenti·

62 2024 164 2105 gines,
196 2039 270 2103 quas
296 2021 380 2084 facus
408 2020 569 2104 appellant,
602 2027 633 2081 et
659 2019 695 2082 ad
727 2018 799 2080 solis
830 2020 978 2099 ustiones,
1009 2037 1083 2100 quas
1096 2035 1124 2075 ao

62 2110 188 2173 elelidas
210 2109 323 2171 dicunt.
364 2112 473 2191 recipit
499 2127 551 2191 ges
575 2116 690 2170 asteros
714 2115 744 2170 et
767 2106 900 2169 cimoliae
924 2115 1024 2170 cretae
1047 2121 1082 2172 ÷

61 2199 165 2281 binas,
197 2216 336 2260 cerussae
369 2206 400 2260 et
426 2196 590 2278 specularis
618 2200 708 2259 assati
734 2211 771 2260 ÷
797 2204 911 2279 ternas,
944 2197 1084 2260 afronitri

132 2419 809 2513 ,lalbilongitani'gramalfflldznip
896 2421 1084 2504 ‘sommum

62 2492 283 2619 l'tlffl‘liX
304 2491 1084 2646 {5⁸¹trtffi2l0tltn³0{·‚loa1³p5¹¹ffi⁰¹tl²⁰2ei

63 2635 203 2690 leonton
229 2650 257 2703 c,
284 2636 388 2689 aoraton
409 2650 441 2705 p.
531 2634 702 2690 dismterrers
728 2649 770 2703 cp.
861 2636 969 2718 Spota
988 2652 1013 2688 ιι
1040 2649 1083 2703 cp.

62 2705 177 2776 tipaane
200 2721 222 2760 c.
295 2721 392 2760 sucum
414 2708 490 2774 (post
512 2704 532 2759 l.
556 2708 594 2775 g.)
613 2720 663 2760 om.
678 2721 709 2774 p.
789 2705 956 2762 tsimihter
970 2722 1006 2775 p:
1029 2704 1085 2759 fre-

62 2778 184 2847 quenter
208 2791 231 2830 c.
338 2774 531 2831 linificandum
556 2792 578 2831 c.
688 2781 721 2829 11
747 2775 929 2834 coriariorum
950 2782 998 2845 μοι
1024 2791 1084 2832 cor·

63 2864 166 2904 aarum
179 2863 216 2917 p,
235 2844 407 2902 rotariorum
425 2863 447 2901 o.
528 2864 575 2901 rus
593 2845 680 2901 herbe
699 2844 790 2902 viride
809 2863 850 2917 cp.
933 2851 965 2899 12
986 2862 1085 2901 sucum

64 2919 129 2986 (-t
139 2921 173 2986 p)
188 2955 195 2969 .
212 2956 218 2969 .
235 2957 241 2970 .
256 2915 356 2971 tritum
370 2918 445 2985 (-t'1)
460 2932 501 2987 op.
573 2915 661 2972 illinis
674 2933 698 2986 c,
716 2917 781 2972 linis
790 2932 821 2985 p.
895 2921 928 2970 13
946 2918 1083 2973 smumam

65 3005 93 3045 c:
112 3003 210 3042 —mas
223 3003 255 3057 p.
330 2993 363 3041 14
376 2989 460 3043 caino
470 3004 493 3059 p
511 2989 554 3058 (ic
566 3005 654 3059 moro.
667 2995 680 3043 i
694 2985 712 3043 d
727 2987 839 3042 cumino
857 2985 922 3054 al'.)‚
941 2985 1046 3043 cimino
1060 3003 1083 3042 c.

65 3061 95 3114 et
112 3075 178 3114 cum
191 3075 224 3126 p.
313 3057 393 3113 tenni
406 3075 442 3143 p:
465 3059 552 3115 tunde
570 3076 592 3115 c.
685 3063 717 3112 lt
737 3056 856 3112 oblinias
874 3072 901 3112 c:
930 3057 1037 3113 oblinas
1050 3074 1084 3126 p.

64 3129 172 3185 sicema
195 3145 238 3198 cp.
331 3135 364 3185 16
387 3128 507 3185 dimittis
530 3146 571 3200 cp.
663 3133 697 3182 18
720 3127 913 3181 admiscentur
934 3143 957 3182 c
1050 3132 1082 3180 19

65 3200 244 3272 smigmacp.
316 3201 346 3254 et
359 3215 408 3257 om.
424 3216 446 3255 c.
519 3206 553 3254 20
571 3201 690 3266 leemps,
709 3197 768 3250 foe⁹
782 3211 804 3251 c.
877 3200 911 3249 21
927 3195 1046 3251 elfilidas
1060 3212 1085 3263 c,

64 3275 197 3357 {lellidas
211 3304 242 3359 Ρ.
330 3288 467 3359 gesast’os
485 3304 512 3357 c,
530 3287 676 3358 gesastare
689 3300 722 3353 p.
812 3281 959 3346 acimolie
977 3299 1004 3340 c:
1022 3281 1086 3353 qni-

64 3359 151 3416 molie
165 3375 197 3430 1).
297 3363 331 3413 22
351 3359 370 3430 3
388 3357 468 3415 binas
486 3376 512 3414 c:
532 3363 576 3415 afi.
596 3362 624 3427 -;-
641 3356 690 3411 ΙΙΙ.
704 3370 736 3425 p.
842 3370 937 3410 cernae
956 3352 1089 3425 speculat

65 3437 372 3517 mffiffl†fflp
445 3445 597 3516 mmm

119 3545 342 3588 consternari:
367 3545 525 3590 adulem-
892 3539 924 3587 12
