2416 3936
441 223 510 269 nm.
527 223 561 270 v.
586 221 661 271 our.
678 223 801 272 xxvnr.
1058 211 1116 274 221

125 377 208 454 dem,
231 377 347 437 resinae
368 375 579 436 terebinthinae
597 376 723 454 liquidae
739 396 768 456 p.
784 379 841 457 )-(.
856 391 915 438 xx.
931 379 1041 438 farinae
1058 379 1121 439 lolii

129 470 204 521 sext.
219 475 241 520 1.
258 461 320 538 gith
337 460 459 535 cyathos
475 468 550 537 tres,
566 461 640 540 picis
657 461 765 521 crudae
783 471 858 522 sext.
875 477 897 522 1.

192 545 241 606 19.
271 545 394 621 Vitiligo
410 562 544 623 quoque,
570 546 769 624 quamvisper
786 564 818 606 se
834 545 943 606 nullum
960 546 1120 625 periculum

128 629 237 705 adfert,
260 637 354 688 tamen
375 637 404 687 ct
426 627 514 687 foeda
534 637 594 703 est,
622 639 650 688 et
668 647 706 688 ex
721 629 797 690 malo
816 632 950 709 corporis
965 629 1064 690 habito
1079 631 1119 690 bt.

105 714 198 789 anus
220 721 280 772 tres
296 714 413 790 species
429 721 503 772 sunt.
519 746 562 758 —
584 708 704 792 Ἀλφός
716 723 853 792 vocatur,
876 715 925 774 ubi
940 715 1023 775 color
1038 713 1121 774 albus

128 808 183 873 est,
201 797 266 856 lere
280 796 422 875 subasper
440 806 469 856 et
483 812 540 855 non
557 797 717 873 continuus,
733 806 763 856 ut
775 798 916 876 quaedam
929 800 1010 877 quasi
1020 807 1120 875 guttae

128 882 278 959 dispersae
308 899 376 941 esse
399 881 565 941 videantur:
597 880 737 941 interdum
762 883 848 942 etiam
870 883 972 958 latius,
1003 890 1032 941 et
1057 901 1121 942 cum

128 964 299 1043 quibusdam
313 964 572 1025 intermissionibus
587 967 689 1042 serpit.
704 998 747 1012 -
763 963 879 1038 Μέλας
895 967 997 1026 colore
1009 965 1046 1025 ab
1063 966 1120 1026 hoc

129 1050 233 1126 differt,
252 1051 317 1128 quia
331 1051 415 1126 niger
430 1059 485 1124 est,
504 1058 533 1109 et
548 1048 664 1109 umbrae
680 1049 796 1110 similis:
818 1060 917 1110 cetera
932 1051 1034 1111 eadem
1046 1058 1120 1110 sunt.

93 1163 169 1204 10—
186 1134 299 1214 Λεύκη
319 1134 408 1194 habet
428 1133 562 1212 quiddam
581 1133 675 1192 simile
696 1133 801 1212 alpho,
832 1134 884 1194 sed
907 1135 1003 1212 'magis
1025 1133 1120 1193 albida

129 1229 189 1294 est,
213 1228 242 1277 et
262 1219 346 1278 altius
362 1218 527 1287 descendit;
551 1219 579 1276 iu
594 1233 687 1294 eaque
705 1217 763 1278 albi
778 1219 830 1296 pili
845 1227 926 1295 sunt,
949 1227 978 1278 et
993 1218 1121 1295 lanugini

130 1303 248 1361 similes.
284 1302 383 1362 Omnia
403 1302 478 1362 haec
495 1309 631 1380 serpunt:
655 1301 708 1361 sed
723 1303 752 1360 iu
767 1302 832 1362 aliis
849 1303 991 1379 celerius,
1013 1303 1041 1360 in
1056 1301 1120 1361 aliis

128 1386 236 1445 tardius
258 1387 361 1464 alphos
386 1395 414 1446 et
434 1386 526 1446 melas
547 1388 575 1444 in
598 1384 767 1464 quibusdam
788 1388 874 1447 variis
896 1385 1075 1465 temporibus
1091 1395 1120 1446 et

129 1473 257 1530 oriuntur
283 1480 312 1530 et
337 1471 484 1530 desinunt:
515 1470 618 1546 leuce,
646 1487 731 1548 quem
755 1472 927 1549 occupavit,
953 1487 1010 1529 non
1031 1470 1119 1530 laoile

94 1575 118 1615 15
128 1555 248 1616 dimittit.
281 1554 381 1615 Priora
397 1555 574 1614 curationem
587 1571 645 1613 non
661 1555 859 1615 dillicillimam
874 1554 1034 1632 recipiunt:
1056 1554 1119 1614 ulti·

128 1660 200 1700 mum
217 1640 266 1698 vix
282 1657 412 1716 umquam
427 1641 568 1709 sanescit;
590 1656 642 1714 ac,
666 1641 691 1698 si
709 1639 776 1717 quid
795 1641 822 1699 ei
837 1640 907 1698 vitio
923 1639 1047 1699 demtum
1062 1646 1119 1715 est,

128 1735 223 1784 tamen
247 1741 303 1782 non
326 1742 364 1782 ex
385 1733 446 1783 toto
463 1742 550 1784 sanus
568 1723 652 1783 color
669 1722 806 1782 redditur.
842 1724 945 1784 Utrum
959 1731 1054 1783 autem
1068 1721 1119 1781 ali·

130 1806 206 1885 quod
221 1806 324 1866 horum
339 1807 468 1867 sanabile
485 1809 537 1882 sit,
552 1825 588 1867 an
604 1808 726 1883 nonsit,
743 1808 942 1887 experimento
955 1806 1043 1867 facile
1057 1805 1119 1866 col·

129 1892 237 1968 ligitur.
271 1890 361 1950 lncidi
386 1893 460 1950 enim
483 1892 556 1950 cutis
577 1891 680 1967 debet,
703 1900 750 1950 aut
763 1909 818 1951 acu
831 1893 938 1971 pungi:
963 1893 986 1950 si
1001 1892 1119 1967 sanguis

95 1995 120 2034 ao
132 1977 206 2050 exit,
232 1974 309 2053 quod
330 1974 393 2034 fere
411 1976 441 2034 lit
456 1976 484 2033 in
500 1974 612 2034 duobus
628 1975 790 2053 prioribus,
812 1976 941 2036 remedio
960 1976 1042 2035 locus
1058 1983 1118 2042 est;

129 2063 153 2118 si
168 2059 271 2118 humor
286 2057 411 2135 albidus,
434 2060 529 2119 sanari
544 2077 602 2119 nou
619 2068 725 2138 potest.
761 2059 863 2138 ltaque
879 2060 915 2119 ab
931 2060 988 2118 hoc
1005 2058 1119 2136 quidem

128 2142 328 2203 abstinendum
352 2152 405 2203 est.
447 2144 543 2222 Super
565 2143 593 2202 id
614 2162 684 2203 vero
707 2144 782 2222 quod
806 2145 983 2204 curationem
1004 2143 1118 2220 recipit,

130 2226 302 2305 imponenda
319 2227 456 2287 lenticula
471 2228 558 2287 mixta
576 2246 639 2287 cum
654 2228 793 2306 sulphure
809 2237 838 2287 et
853 2237 933 2304 ture,
955 2228 1013 2302 sic,
1037 2235 1067 2285 ut
1084 2243 1119 2285 ea

131 2313 252 2371 contrita
274 2330 311 2372 ex
331 2320 414 2373 aceto
437 2314 502 2372 sint.
536 2313 624 2373 Aliud
645 2313 681 2372 ad
703 2312 795 2389 idern,
819 2313 897 2389 quod
919 2311 954 2371 ad
970 2310 1120 2370 Irenaeum

93 2421 119 2460 cs
130 2406 276 2455 auctorem
289 2397 424 2456 refertur.
460 2396 651 2473 Alcvonium,
676 2398 794 2471 nitrum,
812 2398 969 2473 cuminum,
986 2396 1034 2456 hci
1048 2393 1120 2454 lolia

129 2479 206 2539 arida
221 2481 338 2559 paribus
348 2480 530 2559 portionibus
544 2481 764 2555 contunduntur,
782 2480 898 2557 adJ'ecto
912 2490 1006 2541 aceto.
1028 2479 1079 2539 His
1090 2480 1119 2538 in

129 2564 192 2624 sole
207 2565 319 2643 vitiligo
335 2567 519 2644 perungitur;
540 2565 645 2624 deinde
661 2583 719 2624 non
733 2567 772 2625 ita
783 2566 873 2625 multo
888 2575 971 2645 post,
987 2583 1023 2624 ne
1036 2564 1119 2623 nimis

130 2648 273 2724 enodatur,
286 2650 399 2709 eluitur.
420 2649 542 2727 Proprie
556 2648 679 2727 quidam,
691 2649 813 2724 Myrone
826 2659 946 2710 auctore
959 2648 1012 2727 (cl.
1022 2650 1043 2725 ς
1054 2647 1118 2726 18),

130 2750 198 2807 eos,
221 2751 294 2809 quos
309 2733 413 2810 alphos
431 2735 532 2793 vocari
547 2733 622 2809 dixi,
639 2733 696 2792 hoc
713 2733 922 2794 medicamento
940 2739 1117 2813 perungunt:

94 2842 119 2883 ³0
131 2817 275 2894 sulphuris
300 2836 327 2895 p.
345 2817 400 2896 )·(.
417 2837 442 2876 n.
467 2818 597 2878 aluminis
616 2818 737 2878 scissilis
761 2837 789 2896 p.
806 2818 863 2896 )-(.
881 2838 906 2877 z.
929 2819 992 2877 nitri
1014 2834 1042 2893 p.
1060 2815 1118 2894 )-(.

130 2921 177 2960 zu.
201 2904 285 2977 myrti
309 2901 407 2962 aridae
429 2902 568 2962 contritae
592 2900 774 2962 acetabulum
795 2904 932 2970 miscent3
963 2898 1067 2960 deiude
1091 2898 1122 2957 in

128 2987 234 3046 balneo
254 3004 342 3064 super
366 2987 536 3064 vitiliginem
558 2989 730 3065 inspergunt
751 2987 872 3046 farinam
892 3004 930 3044 ex
952 2982 1033 3057 laba,
1061 2991 1119 3040 tum

129 3072 202 3130 haec
219 3070 363 3131 inducunt.
383 3070 511 3147 livero,
529 3088 603 3150 quos
619 3071 748 3129 melanas
764 3072 864 3129 vocari
879 3068 954 3142 dixi,
971 3073 1119 3141 curantur,

129 3174 214 3232 quum
235 3156 317 3215 simul
339 3157 461 3216 contrita
485 3164 550 3216 sunt
572 3154 753 3229 alcyonium,
777 3163 839 3228 tus,
862 3151 1017 3226 hordeum,
1041 3148 1118 3225 laba,

94 3256 222 3316 ossaque
244 3241 305 3299 sine
327 3240 394 3301 oleo
419 3243 448 3299 in
465 3239 572 3299 balneo
588 3247 653 3299 ante
669 3235 804 3296 sudorem
820 3238 1039 3315 insperguntur;
1061 3243 1119 3293 tum

129 3340 220 3397 genus
238 3324 266 3383 id
281 3326 431 3402 vitiliginis
445 3323 613 3382 defricatur.

519 3465 727 3476 ,..----
