2414 3924
352 948 803 1032 PRAEFATIO.

502 1162 553 1176 Μ
554 1161 654 1177 sssssss

157 1337 334 1420 Censorini
361 1352 618 1437 recognoscendi
646 1362 683 1416 ut
712 1352 884 1417 consilium
915 1373 1064 1440 caperem

92 1465 218 1528 factum
241 1473 290 1528 est
312 1463 449 1527 Gsuom
471 1461 608 1526 HALMH
629 1461 788 1527 beneficio
795 1511 804 1545 ,
829 1464 886 1548 qui
908 1472 983 1527 ante
1004 1465 1063 1530 hos
1125 1552 1128 1556 λ
1187 1480 1191 1487 ·

94 1581 247 1658 quattuor
269 1593 383 1654 annos,
407 1593 482 1635 cum
502 1571 659 1636 Misnianr
681 1574 913 1638 convenissent
927 1571 1063 1638 Germa·

92 1684 166 1746 niae
200 1682 265 1746 viri
298 1679 472 1767 philologi,
506 1678 626 1746 obtulit
657 1680 737 1744 mihi
766 1703 862 1745 suum
892 1681 1064 1749 Censorini

94 1789 297 1876 exemplum,
331 1790 366 1852 in
394 1809 457 1876 quo
480 1788 609 1855 variam
636 1789 757 1854 codicis
778 1790 1063 1855 Darmstadiensis
1093 1874 1094 1879 ἵ

95 1900 292 1985 scripturam
309 1898 562 1983 diligentissime
577 1899 806 1965 adnotaverat.
842 1899 1003 1985 Namque,
1026 1910 1065 1965 ut

93 2011 162 2074 fere
178 2009 226 2091 fit,
242 2018 416 2094 postquam
431 2008 562 2074 Ottonis
579 2009 674 2074 Iahni
689 2031 769 2073 cura
784 2005 954 2074 Censorini
969 2008 1062 2091 liber,

93 2121 193 2203 vulgo
205 2120 346 2204 pessime
362 2118 482 2200 editus,
498 2119 618 2184 mirum
633 2127 754 2205 quanto
771 2106 974 2184 emendatior
989 2142 1063 2205 pro-

95 2230 156 2293 diit
178 2251 221 2293 ex
242 2229 410 2294 codicibus
426 2228 693 2294 Darmstadiensi
708 2238 741 2292 et
756 2228 930 2310 Vaticano,
954 2238 1064 2293 tamen

95 2339 174 2403 satis
188 2337 298 2423 ampla
308 2339 422 2404 variae
434 2338 615 2424 scripturae
627 2339 722 2424 copia
736 2339 858 2402 omissa
872 2346 952 2421 erat,
969 2338 1062 2402 cuius

95 2449 123 2511 si
145 2449 232 2514 ratio
254 2447 441 2528 haberetur,
464 2448 583 2512 multos
607 2446 696 2513 locos
720 2447 829 2512 adhuc
850 2448 958 2511 minus
974 2458 1064 2513 recte

94 2556 200 2621 editos
230 2557 349 2641 corrigi
377 2576 473 2641 posse
500 2556 630 2622 viderat
650 2555 814 2620 Halmius.
858 2556 975 2642 Itaque
1002 2578 1064 2641 ego

95 2668 214 2730 summi
236 2667 300 2731 viri
323 2666 513 2732 auctoritati
534 2666 677 2732 libenter
698 2666 927 2752 obtemperans
943 2665 1063 2730 Censo-

92 2775 157 2837 rini
179 2773 298 2841 librum
319 2776 367 2839 ita
388 2797 559 2859 recensere
580 2776 720 2857 institui,
742 2784 790 2856 ut,
814 2783 970 2860 quantum
991 2773 1063 2838 fieri

93 2897 216 2969 posset,
238 2884 345 2970 ipsam
360 2885 530 2970 antiquam
546 2884 669 2950 codicis
685 2884 967 2949 Darmstadiensis
983 2883 1062 2947 scri-

92 3003 236 3079 pturam,
258 3016 326 3059 non
339 2993 552 3059 recentiorem
574 2992 664 3058 illam
679 3016 778 3080 quam
800 2991 866 3056 alia
887 3015 1004 3057 manus
1027 2993 1062 3056 in

94 3104 233 3168 eundem
258 3101 381 3167 librum
407 3103 532 3187 passim
558 3102 686 3185 intulit,
723 3113 890 3187 tamquam
911 3102 1063 3168 certissi-

93 3236 181 3278 mam
196 3214 312 3278 ducem
322 3234 497 3299 sequerer.
535 3212 642 3294 Quam
664 3212 824 3277 rationem
845 3211 892 3276 ita
906 3210 1061 3276 facillime

96 3325 246 3390 omnibus
269 3322 445 3409 probatum
466 3322 508 3386 iri
530 3323 777 3406 existimabam,
801 3322 830 3386 si
852 3330 885 3386 et
908 3321 1062 3407 antiquae
