2414 3924
146 229 208 289 214
424 239 457 285 a.
475 237 505 286 o.
521 237 620 286 ouusr
634 237 830 285 numerumn

146 395 292 458 nocuerit;
324 395 427 452 namsi
444 393 532 452 molle
549 401 593 451 εει
610 391 687 471 quod
703 392 802 452 ultimo
815 393 940 472 specillo
956 393 1146 472 contingitur,

147 480 219 540 iutra
243 495 358 538 carnem
379 476 471 537 adbuc
495 478 592 536 vitium
614 486 674 536 est:
697 477 721 536 si
738 478 831 553 magis
847 477 876 536 id
892 478 1038 552 renititur,
1057 475 1095 537 ad
1111 495 1146 538 οε

146 570 262 622 ventum
277 570 331 621 εει.
375 560 419 620 lbi
434 561 537 620 deiude
555 563 579 620 si
596 560 701 619 labitur
718 560 885 639 specillum,
908 560 1031 621 noudum
1049 563 1147 620 caries

147 656 206 706 est:
225 647 250 704 si
266 662 323 705 uon
337 643 458 721 labitur,
477 644 530 703 sed
546 643 659 723 aequali
675 645 816 721 innititur,
836 647 931 705 caries
948 644 1079 724 quidem,
1094 663 1146 704 ve·

146 750 208 792 rum
224 730 317 790 adhuc
332 729 406 788 levis
424 737 483 788 cst:
500 731 524 787 si
538 728 692 806 inaequale
709 745 826 806 quoque
842 737 871 788 et
886 747 1020 806 asperum
1032 727 1169 806 subest,s

147 815 346 875 vehementius
369 830 401 872 os
428 831 548 873 exesum
570 821 623 872 est.
662 810 700 871 nr
717 813 858 890 cartilago
881 812 930 872 ubi
952 811 1060 887 subsit,
1081 813 1146 892 ipsa

148 900 235 960 sedes
247 897 348 966 docet;
362 906 591 976 perventumque
604 897 784 956 esseadeam
796 915 834 956 ex
846 898 943 956 renisu
952 905 1040 976 patet.
1058 895 1096 956 Et
1107 914 1146 955 ex

146 985 191 1045 bis
210 983 323 1062 quidem
338 980 513 1057 colliguntur
528 981 683 1040 fistularmn
696 980 796 1057 sedes,
813 981 922 1060 spatia,
938 998 1042 1040 noxae.
1071 981 1145 1039 Sim·

147 1068 242 1147 plicas
253 1083 325 1126 vero
337 1083 390 1124 eae
404 1066 471 1141 sint,
488 1083 523 1124 au
538 1067 565 1124 iu
580 1065 678 1143 plures
697 1074 797 1142 partes
810 1064 988 1142 diducuntur,
1001 1066 1146 1140 cognosci

148 1160 245 1230 potest
261 1169 298 1209 ex
314 1149 400 1208 modo
413 1151 507 1227 puris;
528 1150 609 1224 cujus
627 1151 651 1207 si
668 1148 733 1226 plus
750 1148 858 1224 fertur,
881 1167 965 1226 quam
984 1147 1062 1225 quod
1077 1152 1143 1208 sim·
1156 1169 1179 1209 ro

147 1235 218 1313 plici
247 1235 340 1310 spatio
369 1235 521 1306 convenit,
549 1232 649 1311 plures
678 1234 755 1291 sinus
783 1251 849 1291 εεεε
881 1232 1062 1292 manifestum
1088 1243 1144 1293 εει.

149 1319 299 1394 Quumque
315 1317 379 1376 lere
390 1318 474 1392 juxta
490 1319 546 1376 sint
563 1335 649 1394 caro,
666 1325 694 1375 et
710 1335 832 1393 nervus,
849 1326 878 1377 et
895 1316 990 1395 aliqua
1007 1333 1144 1394 nervosa,

123 1432 134 1455 t
149 1401 251 1480 quales
262 1401 326 1460 lere
335 1404 453 1475 ,tunicae
467 1401 709 1478 membranaeque
723 1410 802 1477 sunt,
819 1419 913 1477 genus
929 1417 1045 1480 quoque
1064 1402 1145 1480 puris

149 1484 281 1560 docebit,
295 1503 359 1544 nurn
377 1486 475 1562 plures
492 1485 570 1543 sinus
582 1486 656 1543 intus
670 1483 784 1544 diversa
801 1485 935 1563 corporis
951 1502 1061 1561 genera
1074 1502 1143 1562 per-

148 1570 283 1630 roserint.
315 1568 461 1647 Siquidem
486 1586 524 1627 ex
547 1586 633 1628 carne
657 1587 711 1647 pus
733 1569 834 1644 laeve,
856 1568 968 1643 album,
993 1569 1144 1646 copiosius
1155 1592 1179 1633 rs

148 1654 254 1714 lentur:
280 1662 308 1713 at
328 1671 366 1712 ex
392 1669 518 1712 nervoso
541 1651 626 1728 loco,
648 1653 755 1712 coloris
780 1652 893 1731 quidem
915 1652 1064 1729 eiusdem,
1090 1652 1144 1711 sed

149 1739 276 1798 tenuius:
302 1756 339 1796 ex
364 1755 472 1814 nervo,
496 1737 603 1814 pingue
620 1746 649 1795 et
668 1737 736 1797 oleo
752 1754 809 1796 uon
826 1736 975 1797 dissimile.
1008 1735 1144 1815 Denique

149 1823 234 1883 etiam
250 1822 384 1900 corporis
399 1821 546 1880 inclinatio
562 1821 665 1899 docet,
680 1839 746 1880 num
762 1821 791 1879 in
804 1820 903 1899 plures
915 1829 1014 1900 partes
1029 1820 1143 1880 tistulae

148 1907 337 1986 penetrariut;
358 1907 422 1983 quia
435 1923 542 1984 saepe,
562 1923 645 1983 qutun
658 1907 721 1983 quis
736 1905 821 1964 aliter
832 1903 984 1981 decubuit,
999 1904 1143 1983 aliterque

148 1990 304 2050 membrum
327 1989 498 2065 collocavit,
521 2008 574 2067 pus
596 1990 683 2065 lerri,
708 1989 785 2067 quod
796 1990 857 2063 jam
876 1989 1017 2064 desierat,
1038 1990 1142 2047 iterum
1151 2011 1176 2049 ro

148 2076 262 2153 incipit;
282 2082 469 2151 testaturque,
486 2091 543 2131 nou
556 2073 649 2133 solum
661 2073 745 2134 alium
758 2075 848 2133 sinum
865 2092 948 2150 esse,
966 2091 1004 2131 ex
1019 2090 1075 2150 quo
1092 2071 1141 2130 de·

148 2158 283 2235 scendet,
307 2158 358 2217 sed
380 2159 465 2216 etiarn
486 2158 514 2216 in
534 2157 616 2216 aliam
639 2159 772 2236 corporis
796 2167 907 2236 partem
927 2175 990 2216 eum
1011 2155 1141 2216 tendere.

149 2242 205 2302 Sed
224 2243 248 2301 si
263 2252 292 2300 et
308 2243 335 2299 in
353 2259 440 2299 carue
456 2249 485 2298 et
501 2259 606 2299 recens
618 2250 647 2299 et
659 2242 783 2319 simplex
796 2252 855 2319 est,
872 2261 906 2301 ac
921 2259 1016 2319 neque
1033 2258 1142 2317 rugosa

148 2343 244 2401 neque
271 2343 341 2383 cava
366 2324 452 2399 sede,
474 2341 570 2400 neque
593 2325 621 2382 in
645 2324 785 2401 articulo,
811 2324 863 2386 sed
885 2328 913 2384 iu
934 2342 970 2384 eo
993 2325 1140 2399 membro,

150 2407 226 2485 quod
242 2425 294 2485 per
315 2425 348 2465 se
371 2407 532 2482 immobile,
554 2409 678 2467 nonnisi
693 2428 755 2468 curn
773 2418 834 2470 toto
849 2427 974 2489 corpore
993 2418 1139 2476 movetur;
1151 2430 1175 2469 aa

149 2491 219 2550 satis
240 2491 374 2568 proiiciet
396 2490 594 2568 emplastrum,
621 2493 698 2570 quod
719 2494 884 2554 recentibus
902 2493 1070 2553 vulneribus
1092 2494 1141 2550 im·

149 2576 280 2652 ponitur,
302 2573 367 2632 dum
388 2573 494 2633 habeat
515 2575 562 2635 vel
585 2575 691 2652 salem,
713 2576 762 2635 vel
780 2578 910 2655 alumen,
929 2576 976 2636 vel
993 2593 1141 2654 squamam

149 2659 238 2733 aeris,
261 2656 309 2716 vel
330 2660 512 2735 aeruginem,
536 2660 585 2718 vel
608 2679 645 2719 ex
668 2660 821 2720 metallicis
843 2660 965 2740 aliquid:
989 2678 1084 2737 exque
1105 2677 1141 2718 eo

149 2741 299 2816 collyrium
317 2741 378 2800 lieri
401 2741 490 2802 debet
510 2743 601 2804 altera
618 2754 699 2823 parte
715 2747 844 2822 tenuius,
861 2745 952 2806 altera
975 2744 1062 2823 paulo
1080 2743 1140 2821 ple-

147 2826 227 2902 nius,
254 2826 340 2904 idque
362 2845 395 2886 ea
411 2836 508 2904 parte,
532 2846 586 2906 qua
606 2831 718 2888 tenuius
740 2839 800 2904 est,
818 2829 1008 2890 antecedente
1031 2829 1139 2887 demitti
1150 2848 1175 2888 ao

148 2919 266 2988 oportet
287 2912 314 2968 in
338 2910 476 2987 fistulam,
498 2911 591 2971 donec
606 2931 693 2990 purus
712 2915 829 2989 sanguis
846 2932 878 2972 se
894 2912 1041 2973 ostendat:
1067 2928 1140 2990 quae

148 2996 176 3053 in
199 2994 328 3054 omnibus
349 2995 505 3054 fistularum
529 2995 660 3071 collyriis
680 3006 820 3075 perpetua
838 3007 911 3057 suut.
943 2997 1022 3056 Idem
1037 2993 1140 3054 deinde

149 3080 333 3157 emplastrum
349 3081 377 3137 in
392 3078 511 3138 linteolo
529 3080 835 3158 superimponendum,
850 3099 996 3160 supraque
1011 3079 1139 3154 injicien-

149 3161 183 3219 da
200 3164 322 3240 spongia
347 3174 392 3223 est
413 3166 440 3222 iu
456 3172 569 3222 aceturn
585 3162 650 3224 ante
668 3165 806 3224 demissa:
829 3166 963 3243 solvique
980 3164 1077 3241 quinto
1094 3161 1140 3220 die

149 3247 217 3304 satis
234 3254 287 3306 est.
326 3246 479 3324 Genusque
502 3249 594 3307 victus
609 3248 797 3308 adhibendum
814 3259 873 3323 est,
894 3265 951 3326 quo
970 3265 1084 3307 carnem
1102 3245 1175 3303 alias

149 3328 244 3388 docui.
272 3330 318 3389 Ac
333 3332 356 3388 si
374 3331 489 3407 longius
511 3350 526 3391 a
544 3333 724 3410 praecordiis
741 3333 834 3392 fistula
849 3343 909 3408 est,
928 3350 965 3391 ex
985 3328 1139 3390 intervallo

142 3412 273 3485 jejunum
299 3414 442 3472 radiculas
472 3433 555 3490 esse,
582 3416 685 3475 deinde
706 3434 843 3492 vomere,
866 3416 1062 3476 necessarium
1084 3422 1139 3472 est.

148 3493 301 3556 Vetustate
330 3497 439 3558 callosa
461 3498 490 3557 lit
512 3499 615 3558 fistula.
654 3497 753 3559 Gallus
772 3508 866 3560 autem
886 3501 1028 3560 neminem
1048 3497 1140 3573 fallit,
