2414 3924
134 212 195 276 too
428 223 461 270 n.
477 223 507 270 c.
525 221 623 270 cansa
637 221 831 270 municimen

135 380 251 460 parcius
266 387 360 438 tamen
376 380 404 436 in
420 379 466 453 iis,
483 378 530 456 qui
545 377 627 436 nimis
643 376 765 455 hilares,
781 395 865 455 quam
881 379 909 436 in
925 378 970 454 iis,
986 378 1032 456 qui
1049 378 1132 436 nimis

133 463 232 522 tristes
253 471 326 521 sunt.
358 462 509 521 Adversus
530 462 652 521 omnium
674 470 768 520 autem
789 463 832 520 sic
852 461 1052 520 insanientium
1072 463 1132 522 ani·

75 575 78 582 ·
133 564 196 607 mos
219 563 326 623 gerere
346 563 380 605 se
400 563 454 624 pro
477 547 615 623 cujusque
637 554 736 604 natura
756 547 952 605 necessarium
968 554 1022 604 cst.
1054 546 1132 620 Quo·

133 629 260 690 rumdam
275 630 349 688 enim
365 630 430 690 vani
445 638 537 689 metus
552 628 667 708 levandi
681 638 759 697 sunt;
779 631 853 689 sicut
872 631 899 687 in
915 629 1030 689 homine
1047 647 1131 708 prae-

100 769 102 773 ,
134 709 221 773 divite
240 714 343 773 famem
359 715 476 773 timente
496 712 610 788 incidit,
635 713 680 772 cui
696 711 815 773 subinde
831 713 922 772 falsae
954 713 1157 773 hereditatess

133 797 348 858 nuntiabantur:
365 796 550 875 quorumdam
566 795 684 856 audacia
701 796 865 856 coercenda
882 807 942 865 est;
965 798 1038 856 sicut
1052 797 1080 854 in
1097 798 1131 854 iis

134 883 173 958 lit,
189 883 216 939 in
232 879 334 958 quibus
350 880 530 940 continendis
545 880 650 959 plagae
666 897 781 959 quoquc
795 879 981 941 adhibentur:
998 897 1130 959 quorum-

134 965 197 1025 dam
214 965 298 1023 ctiam
314 965 532 1043 intempestivus
547 965 621 1023 risus
634 972 663 1023 et
675 963 879 1042 objurgatione
891 974 919 1024 et
933 966 1015 1023 minis
1034 965 1131 1023 linien-

134 1049 200 1108 dus:
223 1048 408 1126 quorumdam
429 1048 625 1107 discutiendae
646 1049 743 1108 tristes
765 1049 971 1126 cogitationem
993 1047 1030 1108 ad
1055 1047 1133 1126 quod

102 1160 106 1165 ·
133 1132 338 1210 symphoniae,
371 1136 408 1191 et'
427 1132 571 1208 cymbala,
600 1135 793 1211 strepitusque
818 1133 979 1212 proliciunt.
1009 1132 1132 1210 Saepius
1144 1153 1168 1192 m

82 1273 83 1276 ,
135 1226 228 1275 tamen
243 1216 463 1290 assentiendum,
481 1234 565 1294 quam
576 1216 792 1294 repugnandum
808 1225 866 1285 est;
884 1217 1087 1295 paulatimque,
1104 1225 1134 1275 et

134 1316 191 1358 non
207 1297 371 1374 evidenter,
394 1298 430 1358 ab
444 1302 493 1375 iis,
510 1318 584 1378 quae
600 1300 685 1359 stulte
701 1300 846 1375 dicentur,
864 1300 898 1360 ad
916 1300 1035 1359 meliora
1051 1318 1133 1359 mens

135 1381 311 1443 adducenda.
344 1381 488 1442 Interdum
511 1385 595 1442 etiam
618 1384 758 1443 elicienda
779 1385 869 1462 ipsius
889 1385 1025 1451 intentio;
1049 1394 1079 1443 ut
1103 1385 1133 1443 ht

135 1469 164 1526 in
184 1465 343 1525 hominibus
370 1466 506 1526 studiosis
527 1466 698 1544 litterarum,
723 1468 825 1546 quibus
846 1469 921 1526 liber
938 1468 1061 1545 legitur,
1085 1475 1133 1528 aut

134 1559 227 1624 recte,
243 1553 267 1608 si
284 1549 475 1628 delectantur,
490 1559 539 1610 aut
553 1569 723 1630 perperam,
739 1553 764 1610 si
778 1551 805 1610 id
820 1553 912 1630 ipsum
929 1568 981 1611 eos
996 1551 1130 1610 offendit:
1143 1569 1166 1608 aa

136 1633 315 1695 emendando
339 1636 413 1694 enim
430 1644 603 1714 convertere
627 1636 745 1695 animum
768 1637 915 1714 incipiunt.
933 1672 936 1677 <
951 1635 1025 1709 Quin
1049 1636 1133 1693 etiam

135 1719 271 1795 recitare,
287 1721 311 1778 si
327 1735 383 1797 qua
396 1721 593 1795 meminerunt,
614 1719 737 1797 cogendi
749 1728 822 1778 sunt.
853 1719 898 1779 Ad
912 1719 1004 1778 eibum
1016 1736 1132 1797 quoque

105 1801 109 1810 '
136 1801 275 1881 quosdam
290 1819 348 1861 non
365 1802 565 1862 desiderantes
582 1803 757 1863 reduxerunt
771 1804 807 1878 ii,
830 1805 876 1882 qui
893 1805 966 1862 iuter
981 1803 1132 1881 epulantes

135 1904 189 1946 eos
212 1887 399 1946 collocarunt.
433 1886 568 1946 Omnibus
588 1905 659 1947 vero
679 1889 723 1947 sic
744 1887 856 1947 affectis
877 1906 993 1949 somnus
1009 1897 1038 1946 et
1059 1886 1131 1946 dilli-

136 1970 214 2046 cilis,
239 1979 268 2030 et
290 1971 447 2049 praecipue
462 1973 645 2031 necessarius
661 1980 721 2031 est:
744 1971 796 2030 sub
817 1970 875 2031 hoc
898 1973 971 2031 enim
998 1971 1130 2050 plerique
1141 1990 1166 2030 so

136 2064 298 2114 sanescunt.
334 2053 458 2114 Prodest
486 2055 521 2113 ad
550 2056 594 2131 id,
623 2064 708 2135 atque
729 2058 811 2114 etiam
839 2054 873 2114 ad
895 2065 1017 2114 mentem
1038 2057 1131 2133 ipsam

136 2139 379 2215 componendam,
404 2140 550 2198 crocinum
565 2147 736 2215 unguentum
753 2157 815 2198 cum
830 2141 902 2199 irino
924 2141 952 2198 in
975 2147 1061 2218 caput
1083 2138 1131 2196 da-

134 2231 202 2281 tum.
226 2223 255 2279 Si
271 2221 452 2281 nihilominus
468 2223 597 2299 vigilant,
615 2221 727 2300 quidam
743 2240 870 2281 somnum
882 2223 1033 2283 moliuntur
1051 2224 1131 2300 potui

136 2303 229 2363 dando
252 2322 371 2382 aquam,
394 2307 422 2362 in
444 2324 498 2383 qua
520 2324 663 2385 papaver,
687 2314 733 2365 aut
753 2306 958 2381 hyoscyamum
979 2306 1132 2366 decoctum

135 2389 188 2446 sit:
204 2386 258 2456 alii
280 2388 490 2464 mandragorae
511 2389 584 2449 mala
601 2390 716 2469 pulvino
735 2391 900 2465 subjiciunt:
926 2391 973 2450 alii
990 2391 1038 2449 vel
1054 2409 1129 2449 amo·
1140 2408 1166 2447 as

135 2488 226 2544 mum,
247 2472 293 2529 vel
308 2474 445 2545 sycamini
456 2473 600 2532 lacrimam
611 2473 698 2532 fronti
710 2474 855 2533 inducunt.
887 2473 1080 2551 Asclepiades
1097 2491 1132 2533 ea

136 2571 317 2631 supervacua
334 2573 398 2614 esse
417 2556 500 2624 dixit;
527 2559 658 2634 quoniam
680 2560 708 2616 in
727 2558 886 2635 lethargum
904 2576 993 2637 saepe
1008 2574 1130 2616 conver·

135 2646 238 2697 terent.
268 2637 423 2717 Praecepit
437 2649 546 2716 autem,
562 2651 591 2700 ut
610 2643 701 2718 primo
718 2641 762 2700 die
779 2661 794 2701 a
814 2642 888 2719 cibo,
904 2644 1037 2720 potione,
1055 2657 1130 2699 som-

135 2738 173 2781 no
190 2721 395 2793 abstineretur;
418 2742 544 2802 vespere
566 2727 592 2783 ei
613 2724 728 2784 daretur
743 2728 822 2804 potui
845 2745 934 2806 aqua;
956 2735 1012 2785 tum
1033 2725 1130 2784 lrictio

46 2885 49 2892 Ι
136 2805 338 2866 admoveretur
353 2807 435 2884 lenis,
453 2818 482 2868 ut
494 2826 530 2867 ne
545 2827 655 2868 manum
667 2809 861 2888 quidem,·qui
878 2810 1063 2889 perfricaret,
1080 2827 1129 2868 ve·
1140 2822 1165 2865 oo

136 2889 285 2949 hemcnter
305 2893 494 2969 imprimerem
520 2902 639 2971 postero
662 2894 765 2953 deinde
789 2893 849 2971 die,
878 2895 978 2954 iisdem
1001 2893 1131 2954 omnibus

136 2975 235 3048 lactis,
251 2992 377 3054 vespere
395 2978 421 3035 ei
434 2976 548 3036 daretur
563 2977 683 3037 sorbitio
701 2987 729 3037 et
745 2996 833 3056 aqua,
854 2997 1011 3057 rursusque
1033 2979 1130 3037 lrictio

97 3100 99 3104 ι
137 3057 335 3119 adhiberetur:
358 3060 507 3138 perhanc
529 3063 601 3119 enim
624 3080 678 3121 nos
702 3072 945 3140 consequuturos,
971 3072 999 3122 ut
1015 3080 1130 3122 somnus

136 3142 266 3202 accedat.
295 3143 327 3202 ld
343 3145 482 3204 interdum
497 3147 537 3220 lit,
557 3154 585 3204 et
601 3145 714 3224 quidem
729 3146 820 3222 adeo,
835 3157 879 3223 ut,
895 3147 946 3206 illo
962 3148 1129 3219 confitente,

135 3227 222 3309 nimia¹
237 3227 331 3286 frictio
343 3229 426 3288 etiam
439 3228 561 3305 lethargi
576 3229 733 3305 periculum
745 3230 854 3290 allerat.
886 3231 944 3290 Sed
957 3233 979 3289 si
996 3234 1039 3291 sic
1053 3248 1129 3289 som·
1140 3243 1165 3286 aa

137 3327 189 3369 nus
204 3327 260 3368 non
276 3314 416 3388 accessit,
439 3322 496 3371 tum
511 3313 620 3372 demum
640 3313 697 3372 illis
711 3313 926 3375 medicamentis
940 3313 1131 3374 arcessendus

137 3403 195 3452 est:
213 3393 307 3453 habita
323 3397 438 3456 scilicet
452 3397 551 3456 eadem
567 3396 781 3471 moderatione,
801 3416 874 3476 quae
888 3399 935 3458 hic
951 3417 1065 3477 quoquc
1082 3417 1130 3456 ne·

138 3478 265 3534 cessaria
287 3487 347 3555 est,
368 3498 404 3538 ne
428 3480 511 3558 mem
528 3478 691 3539 obdormire
708 3480 853 3559 volumus,
879 3486 1007 3543 excitare
1029 3491 1131 3561 postca
