2414 3924
145 208 204 274 1¹10
436 228 468 275 ιι.
485 227 515 275 o.
533 228 632 278 cncsr
646 227 840 277 usuronms

142 374 320 463 polyclitus
342 381 445 442 Graeci
468 391 588 458 vocant,
613 391 642 441 et
664 400 748 442 omne
772 380 970 458 tuberculum,
996 384 1135 445 miscetur

143 465 248 541 ochra,
265 482 339 543 quae
353 464 450 524 Attice
467 467 642 541 nominatur,
660 484 723 524 cum
740 465 849 525 duabus
864 465 994 544 partibus
1011 468 1133 544 similae,

143 547 262 627 hisque,
288 548 353 607 dnm
375 548 597 624 contunduntur,
627 549 748 608 subinde
768 548 824 607 mel
844 549 1014 627 instillatur,
1039 550 1135 610 donee

143 631 321 709 malagmatis
341 631 500 692 crassitudo
517 633 563 691 sit.

207 715 257 777 20.
289 715 411 775 Discutit
437 717 521 776 etiam
551 732 634 775 omne
661 715 855 792 tuberculum,
884 716 912 775 id
939 715 1017 794 quod
1045 715 1154 776 habeta

145 799 249 874 calcis,
270 799 336 857 nitri
356 815 487 876 spumae,
512 800 622 877 piperis
640 798 769 875 rotundi,
789 797 969 875 singulorum
991 819 1019 878 p.
1035 799 1093 879 )·(.
1110 813 1133 859 1.

143 881 260 960 galbani
284 900 312 959 p.
326 880 382 959 )·(.
399 895 437 941 11.
460 881 529 941 salis
549 900 578 959 p.
597 881 714 959 )·(.1v.
738 899 813 960 quae
836 883 1020 961 excipiuntur
1033 893 1133 942 cerato

144 984 182 1025 ex
197 983 264 1025 rosa
281 965 369 1024 lacto.

206 1049 256 1108 21.
287 1048 502 1127 Supprimitque
523 1065 622 1124 omne,
643 1047 719 1125 quod
741 1048 888 1125 abscedit,
914 1048 942 1108 id
963 1050 991 1108 in
1015 1065 1074 1126 quo
1090 1058 1135 1108 est

143 1132 275 1210 galbani,
295 1130 379 1190 labae
395 1132 509 1207 fresae,
532 1131 709 1208 singulorum
725 1148 753 1208 p.
771 1132 826 1210 )·(.
843 1146 865 1192 1.
881 1131 1029 1207 myrrhae,
1053 1134 1167 1208 turis,10

144 1234 183 1274 ex
197 1213 294 1274 radice
311 1217 446 1293 capparis
463 1217 594 1290 corticis,
612 1214 791 1292 singulorum
808 1232 836 1292 p.
854 1216 973 1294 )·(.1v.
998 1216 1134 1293 Satisque

144 1299 238 1357 omnia
255 1296 438 1357 abscedentia
453 1297 557 1374 digerit
571 1316 670 1357 murex
686 1296 868 1373 combustus,
893 1307 922 1357 et
936 1298 1011 1358 bene
1028 1299 1134 1360 contri·

144 1391 205 1457 tus,
220 1389 305 1440 aceto
321 1381 442 1440 subinde
459 1381 585 1456 adjecto.

205 1464 255 1528 22.
277 1463 341 1522 *At
355 1465 379 1523 si
394 1466 463 1524 satis
481 1466 597 1541 sangnis
610 1465 700 1541 subit,
715 1474 796 1525 recte
808 1465 978 1543 imponitur,
995 1463 1073 1541 quod
1086 1462 1134 1524 ad·

144 1566 245 1608 versus
261 1548 394 1627 phymata
409 1566 524 1626 quoque
540 1558 645 1626 potest.
678 1547 798 1608 Constat
812 1567 850 1607 ex
864 1547 925 1607 his:
943 1547 1043 1607 bdellii
1049 1557 1133 1625 ‚·sty
1145 1576 1168 1615 ιι

143 1632 234 1708 racis,
263 1633 447 1707 ammoniaci,
474 1631 608 1708 galbani,
641 1635 755 1692 resinae
779 1641 807 1691 et
829 1630 928 1691 aridae
953 1640 982 1690 et
1006 1630 1134 1708 liquidae

143 1717 263 1795 pineae,
282 1716 350 1774 item
366 1733 403 1774 ex
415 1714 555 1792 lentisco
572 1717 658 1792 turis,
674 1716 753 1776 iridis
759 1713 1005 1792 ,singulorump
1022 1716 1080 1794 )-(.
1096 1727 1133 1774 11.

205 1798 254 1861 23.
293 1789 493 1878 Kaputvcr'dq
516 1817 587 1858 vero
619 1799 769 1862 commode
802 1798 846 1858 his
877 1797 1035 1858 leniuntur.
1073 1797 1135 1875 gal·

143 1883 226 1957 bani,
254 1883 337 1956 visci,
362 1883 541 1958 ammoniaci,
567 1884 681 1943 resinae
701 1881 928 1957 terebinthinae,
955 1881 1135 1958 singulorum

144 1987 172 2046 p.
188 1969 216 2046 )·
219 1966 274 2045 (.1
276 2011 283 2024 .
305 1966 368 2025 sevi
387 1967 488 2024 taurini
510 1984 538 2043 p.
557 1985 580 2025 s.
603 1967 695 2026 laecis
720 1965 887 2026 combustae
907 1982 990 2042 quam
1011 1967 1168 2026 maximam

144 2051 295 2129 portione,
325 2048 389 2108 dum
409 2049 437 2108 id
461 2050 567 2108 siccius
591 2068 648 2109 non
669 2050 772 2125 iaciat,
797 2067 880 2127 quam
902 2066 969 2108 esse
990 2048 1134 2125 malagma

144 2142 271 2212 oportet.

206 2217 255 2276 24.
284 2214 368 2290 Quod
390 2217 413 2274 si
435 2216 511 2274 laoie
535 2225 655 2276 contusa
675 2216 752 2276 livor
771 2215 960 2276 subcruentus
980 2224 1038 2291 est,
1060 2214 1135 2275 haec

144 2300 317 2377 compositio
339 2307 425 2357 nocte
441 2308 469 2358 et
484 2298 530 2359 die
549 2301 678 2378 imposita
694 2300 778 2359 tollit.
814 2298 1048 2372 Aristolochiae,
1072 2299 1134 2359 tha-

143 2385 242 2462 psiae,
269 2381 630 2462 singulorump.)-(.11.
654 2382 769 2459 bdellii,
798 2384 936 2458 styracis,
964 2383 1135 2441 ammoniaci
1145 2413 1170 2452 ῃ

143 2466 347 2540 thymiamatis,
364 2464 495 2542 galbani,
512 2469 626 2526 resinae
638 2467 752 2542 aridae
773 2477 801 2527 et
814 2486 851 2526 ex
863 2466 984 2526 lentisco
997 2465 1135 2543 liquidae,

142 2550 213 2609 turis
228 2548 360 2625 masculi
382 2549 461 2608 rrrdrs
475 2549 622 2625 illyricae
649 2567 752 2625 cerae,
775 2550 995 2628 singulorump.
1013 2547 1135 2626 )·.1v.(

142 2631 223 2692 ldem
241 2629 309 2691 laba
323 2650 439 2710 quoque
457 2634 591 2711 imposita
608 2634 731 2710 prolicit.

206 2713 255 2773 25.
292 2716 363 2775 Sunt
383 2719 467 2774 etiam
491 2716 630 2794 quaedam
643 2716 830 2793 malagmata,
854 2735 927 2794 quae
944 2706 1135 2814 &opesopes-

142 2818 216 2859 τικα
208 2790 335 2858 'Graeci
350 2808 456 2858 vocant
471 2798 549 2876 (Gal
563 2799 643 2858 llled.
661 2798 760 2877 simpl.
777 2801 812 2874 V,
830 2802 896 2880 14),
914 2801 1051 2896 quoniam·
1063 2815 1134 2895 ape·
1146 2827 1171 2868 ³0

143 2881 438 2942 rieudivimbabent
476 2883 568 2957 Quale
586 2883 742 2962 estquod
759 2902 796 2942 ex
810 2883 854 2943 hrs
873 2892 1000 2943 constat:
1024 2882 1134 2960 piperis

142 2965 239 3042 longi,
257 2982 375 3043 spumae
390 2965 473 3040 nitri,
493 2967 669 3042 singulorum
685 2985 713 3047 p.
727 2966 829 3045 )(.11.
846 2969 962 3042 erysimi
977 2986 1005 3045 p.
1019 2965 1133 3043 )(.1v.

144 3067 297 3127 quaecum
312 3047 399 3107 melle
420 3049 584 3109 miscentur.
622 3049 787 3128 Idoneaque
811 3051 895 3108 etiam
917 3058 1041 3109 strumae
1064 3066 1134 3126 ape·

142 3132 261 3191 riendae
287 3140 359 3190 sunt.
398 3131 470 3206 Ejus
490 3135 625 3210 generis,
648 3134 903 3212 vehementiusque
919 3151 956 3193 ex
971 3133 1015 3193 his
1032 3139 1076 3189 est
1094 3130 1133 3204 id,

143 3216 220 3293 quod
237 3214 324 3274 habet
339 3215 427 3275 calcis
443 3233 471 3293 p.
487 3217 543 3296 )·(.
559 3230 604 3275 lv.
623 3219 733 3295 piperis
748 3233 837 3292 grana
854 3234 922 3292 sex,
937 3217 1018 3292 nitri,
1036 3231 1170 3290 cerae,³⁵

144 3299 320 3375 singulorum
338 3317 366 3376 p.
382 3300 438 3378 )·(.
455 3314 488 3358 x.
505 3299 600 3358 mellis
615 3318 643 3378 p.
661 3319 685 3358 z.
703 3299 761 3358 olei
775 3299 926 3358 heminam.

207 3382 256 3442 26.
284 3382 404 3441 Niconis
424 3400 540 3460 quoque
561 3392 606 3442 est
626 3382 703 3460 quod
725 3382 863 3458 resolvit,
887 3385 996 3461 aperit,
1019 3391 1133 3460 purgat.

142 3463 235 3524 Habet
252 3465 430 3541 alcyonium,
455 3465 589 3544 sulphur,
610 3467 728 3541 nitrum,
750 3466 907 3544 pumicem,
931 3466 1050 3543 paribus
1067 3482 1134 3543 por·
