2414 3924
76 202 99 248 K
452 194 663 244 PRAEFATIO.

74 335 219 402 editores
235 333 364 399 Graeca
386 331 535 413 admisit,
559 352 620 416 ego
635 351 734 416 porro
756 328 880 395 codicis
903 330 1051 416 vestigia

75 453 266 534 persecutus
289 465 332 508 ex
353 441 404 506 his
428 441 575 506 Graecae
598 442 779 526 scripturae
800 438 948 527 reliquiis
971 438 1049 526 plus

76 555 246 622 dimidiam
267 562 397 640 partem
418 553 454 615 in
475 550 612 616 Latinas
634 550 818 617 litterarum
846 549 969 615 formas
991 571 1051 616 re-

75 665 170 731 duxi.

140 773 196 839 Ad
225 794 369 859 eaquae
396 773 469 836 imis
492 772 623 858 paginis
653 771 696 836 ad
724 769 870 856 singulos
899 790 1050 857 quosque

74 885 165 951 locos
193 884 353 949 adnotavi
381 903 545 968 perpauca
573 881 626 946 hic
653 890 730 957 sunt
755 872 919 945 addenda.
965 879 1051 945 Cum

77 993 262 1061 Urlichsius
277 993 313 1056 in
328 991 495 1058 annalium
510 991 629 1078 quibus
645 989 759 1056 titulus
781 1000 832 1056 est
846 991 913 1056 Eos
936 988 1051 1056 voLH

79 1106 131 1192 (p.
155 1103 219 1169 456
238 1105 303 1189 ss.)
337 1100 512 1168 nonnullas
539 1102 648 1166 varias
676 1100 857 1187 scripturas
889 1122 907 1165 e
935 1099 1051 1165 codice

75 1213 344 1280 Darmstadiensi
358 1210 559 1298 protulisset,
575 1221 690 1298 postea
704 1219 838 1296 rogatus
854 1210 897 1276 ab
912 1209 1051 1276 Halmio

77 1318 211 1390 eosdem
233 1321 322 1390 locos
346 1322 452 1387 denuo
474 1323 617 1408 inspexit
644 1343 747 1407 eaque
769 1341 853 1407 quae
875 1320 1052 1407 discrepa-

77 1441 151 1497 rent
173 1434 215 1499 ab
229 1432 354 1498 Halmii
376 1430 549 1497 collatione
563 1453 639 1497 cum
653 1431 715 1497 hoc
728 1452 788 1517 per
803 1430 930 1497 litteras
952 1452 1052 1497 oom-

79 1545 269 1609 municavit.
318 1543 373 1606 Ex
399 1541 451 1605 his
482 1540 638 1607 subsidiis
668 1563 707 1606 ea
734 1562 817 1628 quac
845 1541 1051 1628 pertinerent

79 1653 123 1717 ad
145 1662 308 1717 extremas
331 1651 507 1736 fragmenti
529 1652 668 1738 paginas
689 1651 723 1715 in
746 1650 949 1736 corrigendis
971 1649 1052 1737 pla-

77 1761 165 1846 gulis
193 1761 349 1826 adhibere
371 1763 478 1848 potui3
512 1782 555 1826 ex
576 1761 687 1849 priore
714 1771 823 1827 autem
844 1769 954 1846 parte,
984 1782 1052 1846 qua

79 1872 259 1936 Iahnianae
294 1870 446 1936 editionis
480 1872 621 1958 paginae
651 1873 777 1959 primae
813 1892 873 1936 sex
907 1868 1050 1936 collatae

78 1990 188 2064 erant,
210 1982 292 2046 haec
314 1981 543 2048 tantummodo
567 1981 609 2046 ad
630 1989 775 2046 nostram
799 1978 1049 2045 adnotationem

79 2091 234 2156 addenda
257 2100 346 2155 sunt:
370 2092 442 2177 p.3,
458 2093 485 2155 1.
510 2091 614 2157 celato
629 2095 665 2171 I),
690 2092 762 2177 p.4,
778 2091 808 2156 3.
833 2078 1052 2174 conparatum

80 2207 121 2279 I),
143 2203 173 2266 5.
196 2201 307 2294 beate]
337 2202 413 2267 unci
440 2211 553 2268 notam
581 2203 642 2268 sub
671 2209 857 2266 extremae
879 2197 1053 2263 addidisse

79 2311 212 2377 uidetur
233 2335 350 2378 manus
372 2313 532 2394 secunda,
554 2335 586 2398 p.
603 2312 634 2395 5,
650 2312 679 2376 6.
702 2310 924 2398 institutique,
950 2309 999 2371 17.
1016 2317 1054 2373 rit

80 2426 108 2484 I)
132 2423 180 2505 (at
202 2422 289 2486 idem
309 2443 456 2499 acuamur
477 2414 593 2504 liabet,
617 2432 653 2487 ut
676 2421 800 2486 editum
822 2428 881 2493 est,
904 2440 971 2483 non
991 2439 1052 2495 gre-

80 2530 216 2613 nemur),
246 2530 298 2593 21.
324 2532 431 2615 inquis
456 2539 498 2604 I),
531 2531 647 2618 inquid
675 2538 709 2611 d,
730 2555 762 2618 p.
780 2531 815 2613 6,
834 2531 863 2594 1.
885 2528 1052 2618 preteriri

81 2638 135 2702 dei
157 2643 198 2719 I),
226 2647 379 2727 preterea
397 2640 402 2721 Ι
423 2639 475 2704 dei
498 2647 526 2705 d.
557 2677 600 2690 -
630 2642 676 2707 Ut
706 2640 832 2728 reliqua
858 2659 1051 2726 persequar,

79 2750 198 2815 iterum
219 2757 315 2834 grata
337 2750 493 2815 memoria
514 2751 692 2835 repetenda
714 2761 764 2816 est
785 2750 897 2816 Caroli
911 2746 1053 2828 Halmii,

79 2861 137 2945 qui
163 2880 237 2924 cum
264 2859 361 2923 etiam
392 2882 464 2924 eam
492 2881 625 2945 operam
659 2861 695 2924 in
722 2881 756 2924 se
786 2859 985 2946 suscepisset
1015 2869 1054 2922 ut

79 2968 230 3054 plagulas
259 2971 349 3057 typis
380 2990 552 3056 expressas
579 2967 778 3055 perlegeret,
811 2968 931 3034 multos
961 2966 1052 3032 locos

80 3099 140 3142 sua
167 3078 356 3144 coniectura
384 3079 571 3144 eorrexerit.
617 3077 672 3143 Ex
693 3079 812 3165 quibus
841 3100 915 3143 cum
937 3078 1052 3163 plera-

79 3208 142 3273 que
165 3190 232 3252 suis
248 3187 327 3254 loeis
350 3188 494 3255 adscribi
509 3189 685 3274 potuerint,
708 3190 761 3256 hic
782 3197 886 3255 restat
898 3176 944 3252 'ut
959 3207 1056 3250 com-

79 3309 275 3363 memoretur
308 3322 340 3385 p.
364 3299 441 3374 8,6
473 3303 643 3376 conformat
672 3309 705 3364 et
733 3320 765 3383 p.
787 3299 844 3380 35,
865 3297 905 3361 21
941 3300 975 3360 id
1000 3315 1055 3359 cor·

81 3405 304 3494 (omissoque)
328 3409 445 3475 coniici
461 3411 503 3474 ab
519 3408 668 3490 Halmio,
691 3417 761 3473 tum
783 3430 817 3494 p.
833 3407 884 3489 40,
903 3407 920 3470 1
944 3405 1055 3470 eidem
