2414 3924
427 191 495 238 nru.
511 160 571 239 vir.
588 190 663 240 eur.
679 190 751 238 xuv.
1013 179 1073 243 291

88 346 143 422 dit,
160 345 212 405 sed
230 345 359 423 protinus
376 343 465 402 redit:
487 343 652 421 resupinato
665 361 781 424 quoque
797 361 924 423 corpore
938 356 1076 407 tumorem

89 432 117 488 in
132 428 233 488 eadem
249 429 341 505 ligura
356 435 443 486 tenet.
475 425 520 485 llx
536 425 580 485 his
594 427 634 503 id,
651 427 728 505 quod
743 429 891 506 exspiritu
905 430 1003 490 vitium
1020 436 1076 504 est,

88 512 255 573 medicinam
280 528 337 570 non
361 509 490 570 admittit.
529 506 605 570 Caro
626 527 741 589 quoque
774 513 958 574 carcinomati
976 511 1078 572 similis

89 615 150 656 oum
173 594 303 673 periculo
323 602 474 653 tractatur:
498 594 593 670 itaque
622 593 776 654 omittenda
802 603 856 654 εει.
888 597 963 657 Sana
983 594 1078 656 excidi

65 679 189 749 edebat:
208 678 294 756 idque
310 677 411 737 vulnus
423 676 584 736 linamentis
601 679 704 736 curari.
733 677 886 751 Humorem
903 679 1017 756 quidem
1030 678 1079 738 vel

88 764 179 844 inciso
196 778 304 820 summo
320 770 431 821 tumore
445 758 606 836 effundunt,
632 769 660 820 et
678 761 781 821 vuinus
798 762 899 823 iisdem
919 762 1078 822 linamentis

89 855 196 906 curant.
226 845 258 904 ln
273 843 392 922 reliquis
411 845 508 903 variae
523 845 683 904 sententiae
698 855 772 904 sunt.
802 844 847 904 Ac
858 846 1079 925 resupinandum

37 980 39 984 .
89 930 202 1009 quidem
217 946 324 1006 corpus
344 945 423 1003 esse,
439 944 487 985 res
502 928 565 1004 ipsa
580 936 712 996 testatur:
731 930 804 988 utin
822 938 941 1005 uterum,
959 929 1023 988 sive
1037 928 1078 987 in·

88 1016 235 1089 testinum,
248 1013 310 1071 sive
325 1019 468 1072 omentum
485 1019 546 1087 est,
562 1009 721 1071 delabatur.
752 1013 837 1071 Sinus
856 1029 925 1072 vero
942 1011 1078 1087 umbilici,

57 1108 79 1148 ¹⁰
89 1106 146 1157 tum
157 1113 307 1170 vacuus,‘a
323 1093 491 1174 quibusdam
505 1091 616 1154 duabus
631 1095 741 1172 regulis
757 1106 898 1174 exceptus
913 1104 974 1166 est;
990 1093 1079 1154 vehe-

88 1189 256 1263 menterque
271 1196 368 1238 earum
385 1175 528 1255 capitibus
541 1176 689 1256 deligatis,
705 1178 745 1238 ibi
762 1182 914 1239 emoritur:
931 1197 947 1240 a
963 1179 1079 1258 quibus-

89 1265 169 1339 dam,
184 1262 220 1322 ad
235 1264 319 1321 imum
332 1279 386 1321 acu
401 1261 541 1336 trajecta,
557 1260 612 1320 duo
628 1261 684 1322 lina
697 1262 836 1339 ducente,
858 1263 962 1323 deinde
977 1264 1079 1323 utrius·

91 1366 146 1426 que
159 1346 209 1406 lini
225 1345 338 1406 duobus
355 1342 496 1423 capitibus
510 1343 643 1403 diversae
660 1355 758 1424 partes
770 1346 943 1415 adstrictae:
964 1345 1042 1424 quod
1052 1346 1081 1405 in

89 1449 143 1490 uva
166 1446 281 1508 quoque
301 1428 378 1490 oculi
399 1428 443 1487 lit:
467 1445 531 1488 nam
553 1429 596 1488 sio
616 1427 660 1505 id,
672 1429 760 1507 quod
778 1447 865 1508 supra
878 1429 1021 1489 vinculum
1036 1437 1081 1489 est

56 1514 146 1594 15(ci.
169 1531 247 1592 supr.
264 1515 293 1588 7,
312 1514 381 1591 11),
407 1511 555 1570 emoritur.
587 1511 766 1587 Adjecerunt
786 1513 914 1591 quidam,
931 1523 976 1590 ut,
1001 1522 1080 1573 ante·

90 1615 172 1677 qnam
187 1597 345 1670 vincirent,
368 1612 505 1654 summum
528 1613 581 1654 una
603 1594 679 1655 linea
702 1597 876 1672 inciderent,
898 1597 1078 1656 exciderent·

90 1698 160 1761 que;
184 1697 241 1758 quo
258 1679 372 1740 facilius
388 1678 478 1755 digito
496 1678 639 1754 demisso,
658 1680 735 1757 quod
751 1678 820 1739 illuc
838 1681 1004 1758 irrupisset,
1027 1678 1079 1738 de·

90 1763 248 1842 pellerent:
275 1771 333 1822 tum
357 1762 460 1822 deinde
479 1763 640 1821 vinxerunt.
676 1763 734 1822 Sed
756 1763 869 1824 abunde
890 1771 950 1839 est,
974 1761 1080 1838 Juberc

90 1848 220 1926 spiritum
236 1848 400 1924 continere,
415 1855 445 1905 ut
458 1854 567 1920 tumor,
593 1855 714 1924 quantus
728 1847 867 1907 maximus
887 1865 954 1906 esse
971 1853 1080 1925 potest,

54 1950 123 1992 cose
140 1929 287 1990 ostendat:
306 1938 363 1988 tum
380 1931 464 1989 imam
483 1928 573 1989 basim
596 1931 658 2005 ejus
679 1939 837 1990 atramento
858 1939 975 1997 notare:
999 1945 1080 1989 resn-

91 2015 245 2093 piuatoque
259 2013 392 2088 homine,
409 2012 505 2090 digitis
520 2021 658 2072 tumorem
674 2031 737 2072 eum
753 2032 902 2092 premere,
919 2023 950 2072 ut
967 2015 991 2072 si
1013 2010 1081 2091 quid

90 2097 239 2175 delapsum
253 2113 312 2155 non
328 2106 389 2171 est,
416 2113 498 2155 manu
520 2105 657 2173 cogatur:
682 2107 750 2174 post
770 2096 844 2157 haec
858 2096 1020 2156 umbilicum
1039 2102 1080 2153 at·
1107 2146 1111 2151 .

90 2180 222 2258 trahere,
239 2188 268 2239 et
283 2197 339 2259 qua
353 2188 420 2238 nota
435 2181 584 2240 atramenti
600 2189 661 2254 est,
677 2180 735 2240 lino
753 2181 939 2240 vehementer
961 2179 1081 2240 adstrin-

90 2281 177 2340 gere:
194 2263 299 2324 deinde
314 2272 423 2342 partem
436 2263 616 2341 superiorem
631 2272 678 2323 aut
689 2264 921 2340 medicamentis,
939 2272 987 2322 aut
1001 2261 1081 2322 ferro

55 2369 81 2408 25
91 2346 227 2422 adurere,
243 2345 337 2406 donec
355 2347 524 2406 emoriatur:
552 2356 654 2425 atque,
682 2357 712 2407 ut
727 2356 824 2407 cetera
840 2356 917 2424 usta,
935 2347 1017 2406 ulcus
1031 2363 1080 2405 nu·

91 2432 171 2489 trire.
213 2428 304 2507 quue
321 2446 379 2488 non
401 2428 494 2488 solum
510 2429 557 2489 ubi
578 2432 754 2508 intestinum,
780 2431 828 2491 vel
848 2439 1007 2507 omentum,
1035 2427 1082 2487 vel

91 2523 238 2590 utrumque
254 2521 314 2582 est;
338 2511 390 2572 sed
406 2515 491 2572 eliam
509 2512 556 2572 ubi
572 2513 673 2573 humor
685 2524 738 2592 est,
758 2517 866 2594 optime
880 2514 1006 2594 proficii.
1023 2510 1082 2572 Sed

91 2605 157 2657 ante
177 2597 318 2674 quaedam
339 2597 458 2656 visenda
479 2605 561 2673 sunt,
584 2599 714 2674 nequod
734 2617 771 2658 eu
788 2599 903 2658 vinculo
923 2597 1083 2677 periculum

91 2683 136 2739 sit.
165 2678 237 2740 Nam
262 2681 401 2740 curationi
423 2698 517 2757 neque
538 2680 648 2757 infans,
665 2699 760 2759 neque
776 2691 822 2741 aut
837 2683 972 2742 robustus
991 2681 1083 2753 anuis,

57 2786 82 2826 ao
92 2771 139 2822 aut
153 2780 244 2823 senex
262 2771 345 2841 aptus
361 2772 420 2832 est;
439 2763 492 2822 sed
508 2782 524 2823 a
541 2766 664 2842 septimo
679 2764 742 2824 lere
758 2783 832 2836 auno
851 2766 886 2826 ad
903 2762 1083 2842 quartumde-

92 2848 203 2904 cimum.
236 2845 348 2906 Deinde
374 2848 401 2906 ei
426 2865 534 2926 corpus
552 2848 684 2908 idoneum
708 2848 816 2925 estid,
842 2847 919 2924 quod
941 2849 1084 2920 integrum

93 2938 152 2988 cst:
178 2937 206 2988 at
230 2928 307 3007 quod
328 2930 393 2990 mali
415 2929 528 2990 habitus
552 2939 606 3007 est,
633 2931 769 3009 quodque
787 2929 925 3009 papulas,
941 2924 1083 3005 impetigi-

91 3030 158 3089 nes,
177 3014 337 3091 similiaque
350 3013 452 3090 habet,
468 3014 602 3074 idoneum
616 3032 672 3089 nou
688 3023 741 3072 est.
756 3012 894 3073 levibus
907 3025 1024 3088 quoque
1042 3016 1083 3066 tu·

91 3095 218 3155 moribus
244 3097 332 3157 facile
359 3096 541 3156 subvenitur:
571 3105 598 3155 at
622 3097 650 3155 in
674 3113 789 3172 eorum,
817 3095 864 3172 qui
885 3094 966 3152 nimis
989 3089 1084 3167 magni

57 3188 173 3256 mount,
197 3181 344 3240 curatione
364 3179 523 3258 periculum
545 3187 599 3238 est.
632 3178 758 3256 Tempus
779 3187 872 3237 autem
896 3178 960 3235 anni
981 3184 1017 3257 et
1036 3192 1084 3233 au·

93 3263 231 3341 tumnale,
259 3272 288 3322 et
316 3262 465 3323 hibernum
487 3262 629 3321 vitandum
650 3271 708 3322 est:
734 3281 786 3321 ver
810 3260 944 3320 idoneum
962 3259 1093 3338 manime⁴

94 3355 152 3406 est:
174 3363 209 3406 ac
227 3348 316 3424 prima
333 3355 429 3406 aestas
446 3364 504 3406 non
523 3346 615 3405 aliena
631 3354 684 3405 est.
716 3346 835 3405 Praeter
849 3343 923 3408 haec
938 3341 1084 3400 abstinere

94 3429 186 3507 pridie
202 3429 298 3490 debet.
330 3429 434 3509 Neque
456 3429 484 3488 id
505 3432 575 3489 satis
598 3439 656 3498 est;
680 3431 733 3489 sed
754 3428 969 3572 ³¹V¹¹39qf⁰q¹¹⁰
993 3425 1020 3482 ei
1037 3423 1084 3482 du-
