2414 3924
143 194 200 256 158
241 271 244 275 ,
434 200 842 251 s.c.ceus1usorc1uss

138 360 215 444 quod
231 377 269 420 ex
283 376 320 419 eo
332 357 496 435 impositum
508 364 570 432 est,
586 355 716 428 incaluit,
734 355 954 434 detrabendum,
972 365 1000 416 et
1012 355 1138 418 subinde

138 443 215 507 eliud
231 440 434 521 imponendum
455 449 509 499 est.
548 440 665 499 sivero
682 448 809 499 tumores
824 440 909 499 etiem
924 439 1138 519 obcalluerunt,
1161 469 1164 474 ·

139 538 169 589 et
181 526 296 602 dolent,
322 525 402 585 leret
414 523 537 600 spongia
552 524 701 602 imposita,
719 542 792 602 quae
810 521 931 584 subinde
948 542 985 583 ex
1002 523 1070 583 oleo
1108 534 1138 584 et

138 620 238 687 aceto,
256 608 305 670 vel
327 626 400 688 eque
422 605 527 684 inigida
548 607 730 687 exprimitum
753 616 800 667 eut
823 609 886 686 pari
906 609 1039 688 portione
1059 609 1138 668 inter

139 713 171 755 se
187 695 274 753 mixte
290 693 355 772 pix,
380 707 464 767 cera,
481 689 602 750 alumen.
640 691 711 750 Sunt
727 692 812 750 etiam
827 691 910 769 plura
927 691 1032 751 idonee
1046 692 1161 751 meni-s

139 779 192 839 bus
210 775 392 855 pedibusque
409 773 588 851 malagmate.
610 773 695 849 Quod
711 777 735 833 si
753 775 821 834 nihil
836 775 1033 854 superimponi
1048 774 1137 835 dolor

139 863 257 942 patitur,
280 859 323 936 id,
346 857 423 936 quod
446 859 508 917 sine
531 867 642 917 tumore
663 867 723 932 est,
744 858 848 918 fovere
867 867 983 938 oportet
997 861 1134 937 spongia,

139 945 258 1027 quaein
274 958 376 1021 equam
392 940 512 1000 calidam
529 940 704 1018 demittatur,
720 943 748 1001 in
766 960 822 1019 que
837 943 885 1002 vel
901 945 1056 1021 papaveris
1069 960 1136 1003 cor·

139 1031 226 1105 tices,
248 1026 297 1086 vel
318 1025 478 1085 cucumeris
500 1025 643 1084 silvestris
663 1024 744 1085 radix
761 1025 885 1087 decoctu
903 1029 955 1085 sit:
979 1035 1036 1085 tum
1053 1025 1134 1085 indu-

140 1130 209 1174 cere
230 1109 357 1170 articulis
379 1125 494 1168 crocum
517 1126 580 1167 cum
602 1126 691 1169 succo
710 1111 865 1188 pepereris
887 1119 916 1169 et
938 1110 1028 1170 ovillo
1046 1110 1133 1169 lecte.
1148 1127 1171 1168 ro

140 1197 179 1256 At
200 1195 223 1254 si
248 1202 341 1253 tumor
362 1201 421 1268 est,
444 1192 539 1253 foveri
557 1192 669 1269 quidem
685 1191 772 1252 debet
787 1212 861 1274 equa
877 1193 1009 1271 egelida,
1034 1195 1062 1252 in
1080 1211 1136 1272 que

140 1279 295 1353 lentiscus,
318 1276 413 1336 aliave
434 1275 562 1336 verbena
583 1294 620 1335 ex
641 1277 863 1356 reprimentibus
880 1278 1003 1338 decocta
1019 1279 1070 1337 sit:
1093 1278 1135 1336 in-

140 1361 206 1422 duci
220 1378 292 1420 vero
307 1359 542 1419 medicamentum
558 1378 595 1418 ex
608 1360 729 1420 nucibus
746 1364 849 1421 amaris
865 1380 928 1422 cum
944 1370 1029 1421 aceto
1044 1362 1134 1430 tritis;

141 1453 188 1507 eut
208 1462 245 1504 ex
268 1461 402 1520 cerussa,
428 1444 473 1503 cui
494 1443 636 1503 contritae
655 1442 764 1505 herbae
780 1445 897 1505 muralis
912 1463 1017 1505 succus
1032 1447 1069 1505 sit
1087 1444 1135 1504 ed·

136 1532 244 1607 jactus.
281 1527 367 1605 Lapis
382 1527 467 1586 etiem
483 1529 531 1606 qui
548 1544 662 1587 carnem
676 1529 788 1603 exedit,
811 1547 895 1608 quem
915 1520 1136 1608 σαρκοφάγον
1147 1545 1170 1586 ns

141 1612 244 1674 Graeci
258 1620 376 1688 vocant,
399 1612 531 1688 excisus,
547 1612 606 1686 sic,
623 1619 653 1670 ut
670 1611 761 1691 pedes
779 1616 892 1692 capiet,
911 1613 1053 1672 demissos
1071 1630 1135 1688 eos,

142 1715 226 1776 quum
246 1694 360 1772 dolent,
384 1703 571 1774 retentosque
595 1694 634 1754 ibi
659 1696 758 1756 levare
776 1699 936 1757 consuevit.
973 1695 1091 1774 Exque
1107 1697 1136 1755 in

141 1781 212 1840 Asia
234 1779 323 1858 lepidi
337 1781 415 1838 assio
429 1781 522 1855 gratie
539 1787 593 1837 est.
627 1779 684 1839 Ubi
702 1780 785 1840 dolor
801 1789 829 1840 et
844 1780 1026 1840 inllemmetio
1042 1797 1075 1839 se
1090 1797 1135 1838 re-

140 1867 278 1924 miserunt
299 1862 376 1942 quod
389 1865 461 1922 iutra
477 1862 540 1922 dies
557 1861 745 1940 quadraginta
762 1865 807 1940 lit,
831 1865 884 1924 nisi
900 1865 996 1924 vitium
1012 1863 1135 1922 hominis

141 1949 282 2022 accessit,
308 1946 429 2006 modicis
445 1947 715 2024 exercitationibus,
741 1947 930 2024 abstinentie,
952 1947 1170 2007 unctionibuste

142 2030 254 2089 leuibus
277 2030 410 2090 utendum
432 2039 491 2104 est,
513 2031 570 2106 sic,
595 2038 625 2089 ut
647 2033 730 2090 etiem
746 2050 809 2092 curn
826 2049 938 2111 acopo,
960 2031 1007 2089 vel
1026 2030 1135 2109 liquido

143 2123 240 2173 cereto
268 2115 388 2191 cyprino
414 2113 526 2172 articuli
553 2113 753 2191 peririoentur.
804 2115 942 2194 Equitare
967 2113 1135 2192 podagricis

143 2194 259 2275 quoque
281 2197 403 2256 alienum
425 2204 478 2254 est.
517 2194 626 2270 Quibus
647 2216 719 2258 uero
743 2199 926 2258 articulorum
945 2198 1030 2257 dolor
1046 2200 1135 2257 certis

141 2278 319 2358 temporibus
334 2279 507 2356 revertitur,
522 2279 576 2338 bos
591 2288 657 2341 ente
670 2291 698 2341 et
711 2283 826 2342 curioso
839 2284 915 2342 victu
929 2299 1034 2340 cavere
1046 2297 1133 2358 opor-

142 2371 196 2439 tet,
211 2381 247 2422 ne
263 2362 371 2446 inutiliq
383 2364 501 2421 materia
518 2366 634 2442 corpori
647 2368 788 2444 supersit,
804 2375 833 2424 et
846 2365 993 2425 crebriore
1007 2366 1112 2423 vomitu
1124 2387 1131 2432 ;
1144 2379 1169 2418 no

143 2453 188 2521 ct,
211 2447 235 2503 si
256 2447 319 2524 quis
335 2464 372 2504 ex
389 2462 514 2523 corpore
530 2456 621 2505 metus
637 2457 695 2525 est,
719 2449 766 2508 vel
782 2450 839 2509 alvi
856 2450 989 2508 ductione
1009 2451 1063 2525 uti,
1085 2448 1134 2507 vel

142 2527 219 2587 lecte
243 2530 369 2604 purgari.
406 2529 490 2603 Quod
506 2530 696 2591 Erasistratus
712 2534 739 2591 in
761 2533 927 2611 podagricis
943 2532 1071 2608 expulit,
1096 2550 1134 2591 ne

142 2612 171 2668 iu
196 2611 350 2670 inferiores
376 2621 474 2692 partes
501 2613 595 2673 factus
622 2633 722 2674 cursus
751 2617 842 2694 pedes
868 2616 1012 2694 repleret:
1047 2633 1134 2692 quum

73 2748 76 2753 ,
142 2694 261 2753 evidens
276 2696 329 2770 sit,
345 2697 419 2755 omni
437 2699 607 2774 purgatione
620 2716 678 2758 non
692 2701 842 2778 superiore
857 2698 1063 2774 tautummodo,
1081 2699 1134 2757 sed

143 2776 226 2837 etiem
243 2778 381 2839 inferiora
398 2780 546 2838 exinaniri.
1145 2796 1170 2835 ao

372 3016 555 3076 CAPUT
591 3018 763 3078 XXXII
786 3018 903 3096 [XXVI.

348 3130 385 3179 De
401 3129 538 3181 reiectione
555 3133 783 3184 convalescentium
800 3136 924 3184 emorbo.

202 3276 248 3336 Ex
268 3295 447 3359 quocumque
468 3292 562 3342 eutem
585 3285 685 3345 morbo
708 3288 772 3363 quis
795 3285 988 3361 convalescit,
1012 3287 1035 3344 si
1050 3284 1134 3344 tarde

141 3360 335 3439 confirmetur,
359 3365 481 3440 vigilare
503 3369 591 3445 prime
613 3368 678 3428 luce
693 3368 793 3438 debet;
814 3369 995 3430 nihilominus
1008 3370 1037 3427 in
1051 3368 1133 3428 lecto

141 3445 363 3519 conquiescere:
394 3449 470 3507 circe
496 3451 608 3508 tertiam
633 3450 731 3511 horem
757 3452 859 3512 leuiter
884 3456 977 3514 unctis
1002 3452 1170 3541 manibusue
