2416 3936
106 191 168 254 336
277 185 279 189 ’
401 200 434 247 n.
450 199 481 247 c.
496 199 595 247 cunei
610 197 806 246 nnnnornun

105 359 246 419 minimum
263 373 301 415 cx
316 372 384 414 osse
400 353 537 413 dematur.
569 353 665 430 Ergo,
682 355 706 412 si
725 368 777 412 ora
793 351 876 413 alteri
890 353 1012 430 insedit,
1029 357 1101 417 satis

106 441 207 517 estid,
227 436 304 517 qnod
326 437 449 513 eminet,
472 436 561 515 plano
577 435 693 514 scalpro
711 435 867 496 excidere:
896 454 954 515 quo
970 437 1099 515 sublato,

102 530 163 602 jam
178 527 247 584 rima
263 519 322 581 hiat
342 530 474 598 quantum
492 522 632 579 curationi
652 520 723 597 satis
738 528 793 579 est.
825 518 864 579 At
885 522 910 580 si
931 539 1002 581 orae
1025 523 1100 584 inter

105 628 139 668 se
155 605 393 683 comprimuntur,
409 622 426 663 a
442 603 533 662 latere
547 605 622 678 ejus,
639 604 810 681 interposito
827 603 909 680 digiti
925 606 1042 683 spatio,
1059 616 1099 668 te·

106 691 193 752 rebra
210 689 339 748 foramen
359 687 520 746 iaciendum
536 697 596 746 est:
625 687 661 746 ab
681 704 776 764 eoque
799 687 918 766 scalper
931 688 1046 749 duabus
1068 691 1121 750 li·⁵

107 777 170 835 neis
189 772 225 833 ad
247 773 345 831 mmam
369 771 516 848 agendus,
539 771 575 830 ad
591 768 801 831 similitudmem
815 769 929 837 litterae
945 774 973 833 V
988 775 1052 849 sic,
1071 782 1102 834 ut

106 867 211 918 vertex
232 854 295 930 ejus
310 873 326 913 a
342 854 499 930 foramine,
517 854 596 914 basis
612 872 628 913 a
645 856 715 914 rima
730 856 777 914 sit.
810 854 896 928 Quod
910 855 935 914 si
949 857 1023 916 rima
1037 857 1100 917 lon·

105 944 171 1020 gius
196 947 291 1018 patet,
313 938 349 997 ab
370 938 463 998 altero
480 938 620 998 foramine
636 956 736 997 rursus
754 938 855 998 similis
876 940 954 999 sinus
970 940 1035 1000 lieri
1050 940 1100 1001 de·

105 1026 171 1085 bet:
189 1024 229 1082 ita
249 1021 320 1081 nihil
336 1021 428 1081 latens
444 1024 472 1080 in
488 1038 524 1081 eo
542 1038 721 1083 osseoavum
734 1020 978 1101 est,abundeqne
1005 1025 1101 1084 exitus

107 1110 190 1169 datur
209 1107 283 1165 intus
306 1104 498 1164 laedentibus.
527 1103 571 1164 Ne
593 1107 617 1163 si
638 1105 759 1164 fractum
777 1105 892 1182 quidem
917 1124 957 1166 os·
973 1107 1101 1183 desedit,
1112 1122 1136 1162 so

26 1226 29 1231 ·
105 1200 196 1251 totum
212 1188 308 1247 excidi
324 1206 448 1248 necesse
467 1196 529 1248 est:
546 1188 609 1262 sed,
625 1189 688 1248 sive
702 1197 792 1249 totum
807 1189 983 1269 perfractum
997 1200 1056 1268 est,
1073 1199 1103 1250 et

104 1274 141 1333 ab
157 1272 214 1332 alio
231 1289 269 1329 ex
289 1280 351 1331 toto
372 1273 514 1343 recessit,
528 1273 591 1330 sive
605 1274 827 1349 circumpositae
839 1272 985 1336 calvariae
1000 1274 1102 1336 inbae-

104 1364 149 1415 ret
166 1354 272 1431 exigua
289 1364 389 1433 parte,
403 1354 440 1414 ab
456 1372 509 1430 eo,
527 1356 604 1433 quod
621 1356 790 1416 naturaliter
805 1374 837 1416 se
855 1356 957 1434 habet,
980 1357 1102 1437 scalpro

105 1438 289 1499 dividendum
315 1447 369 1505 est.
399 1437 510 1498 Deinde
532 1440 560 1497 in
583 1456 637 1514 eo,
656 1439 734 1518 quod
749 1439 877 1517 desedit,
889 1441 974 1516 juxta
988 1443 1102 1520 rimam,

105 1539 192 1601 qnam
207 1521 345 1596 fecimus,
372 1521 512 1581 foramina
534 1522 663 1582 addenda
688 1532 770 1599 sunt,
789 1525 814 1583 si
835 1524 863 1582 in
885 1533 1009 1601 angusto
1020 1542 1102 1586 noxa
1112 1540 1137 1580 ιι

106 1614 161 1681 est,
178 1604 251 1673 duo;
268 1607 291 1664 si
307 1605 391 1665 latius
406 1614 496 1684 patet,
512 1608 584 1673 tria;
602 1616 744 1685 septaque
757 1624 856 1666 eorum
873 1607 1054 1678 excidenda3
1073 1618 1105 1670 et

104 1700 162 1749 tum
180 1688 299 1766 scalper
312 1690 453 1768 utrimque
476 1690 512 1749 ad
527 1693 624 1749 rimam
639 1691 769 1768 agendus
787 1693 846 1767 sic,
867 1700 899 1752 ut
918 1691 1046 1761 lunatum
1065 1694 1102 1753 si-

104 1791 171 1832 num
188 1772 292 1847 iaciat,
314 1773 427 1851 imaque
446 1791 514 1850 pars
534 1775 596 1849 ejus
612 1776 687 1833 intus
704 1774 740 1834 ad
755 1774 921 1851 fracturam,
938 1793 1049 1837 cornua
1065 1776 1104 1837 ad

103 1875 140 1917 os
168 1857 309 1933 integrum
331 1866 474 1934 spectent.
502 1858 634 1933 Deinde,
657 1858 682 1916 si
702 1875 757 1936 qua
772 1857 887 1935 labant,
907 1867 936 1918 et
961 1878 1000 1918 ex
1020 1860 1104 1920 facili

104 1941 251 2000 removeri
266 1949 404 2017 possunt,
426 1940 540 2018 forcipe
555 1941 598 2001 ad
621 1942 649 2001 id
670 1940 749 2000 facto
766 1941 933 2018 colliganda
948 1952 1024 2019 sont,
1040 1960 1136 2023 maa-ao

106 2026 243 2101 ximeque
260 2040 311 2098 ea,
328 2042 402 2102 quae
414 2034 497 2084 acuta
512 2024 702 2084 membranam
718 2024 869 2084 iniestant:
886 2027 910 2085 si
924 2025 952 2085 id
967 2045 1006 2086 ex
1020 2026 1103 2087 facili

104 2109 168 2168 lieri
183 2124 241 2166 non
260 2117 367 2184 potest,
387 2108 564 2182 subjicienda
581 2109 683 2167 lamina
700 2117 755 2182 est,
771 2126 853 2185 quam
870 2109 1020 2169 custodem
1035 2111 1103 2185 ejus

101 2190 286 2251 membranae
304 2210 370 2251 esse
387 2193 529 2270 proposui
542 2190 672 2268 (51:332,
692 2190 710 2250 l.
724 2191 859 2270 9-10);
875 2201 904 2251 et
918 2211 1007 2270 super
1024 2211 1101 2270 eam,

103 2272 241 2354 quidquid
257 2276 406 2351 spinosum
418 2285 472 2350 est,
490 2283 518 2332 et
534 2276 608 2333 intus
624 2275 745 2349 eminet,
764 2276 954 2335 excidendum
969 2286 1030 2338 est:
1050 2295 1101 2337 ea·

102 2358 223 2432 demque
239 2355 357 2432 lamina,
372 2356 507 2436 quidquid
524 2357 657 2416 deorsum
673 2357 786 2432 insedit,
807 2358 1003 2419 attollendum.
1029 2359 1097 2422 Hoc
1111 2376 1137 2417 au

101 2456 195 2516 genus
208 2441 363 2498 curationis
376 2441 480 2515 eflicit,
494 2450 532 2515 ut,
547 2458 602 2518 qua
615 2450 696 2518 parte
709 2440 801 2501 fracta
812 2459 880 2501 ossa
891 2452 984 2503 tamen
997 2443 1098 2504 inbae-

101 2529 179 2596 rent,
194 2520 367 2582 solidentur:
386 2541 441 2601 qua
459 2534 540 2602 parte
556 2523 677 2601 abrupta
692 2533 773 2600 sunt,
796 2526 858 2584 sine
872 2525 931 2586 ullo
951 2536 1098 2588 tormento

101 2602 154 2665 sub
170 2602 384 2664 medicamentis
403 2617 535 2685 tempore
558 2608 707 2679 excidant:
723 2610 910 2686 ¹spatiumque
930 2609 1005 2669 inter
1020 2608 1098 2671 baec

101 2688 170 2747 satis
185 2686 242 2745 illis
259 2705 390 2765 magnum
405 2691 439 2749 ad
455 2691 659 2751 extrahendam
676 2692 785 2750 saniem
806 2692 995 2771 relinquatur:
1016 2692 1097 2774 plus·

98 2788 157 2850 que
175 2771 204 2829 in
221 2787 289 2830 osse
309 2775 518 2851 propugnaculi
534 2774 685 2835 cerebrum
702 2774 821 2852 babeat,
834 2794 917 2854 quam
932 2776 1094 2837 habiturum
1106 2795 1131 2837 ac

100 2855 162 2932 iuit,
171 2872 207 2915 eo
220 2856 330 2914 exciso.
348 2856 501 2934 Hisiactis,
510 2859 717 2919 eamembrana
729 2861 789 2918 acri
801 2861 1096 2939 acetorespergenda

99 2947 157 3010 est;
172 2947 212 3017 ut,
228 2941 291 2998 sive
302 2941 408 3018 aliquid
423 2943 569 3019 sanguinis
583 2962 620 3002 ex
635 2961 669 3002 ea
685 2941 812 3020 produit,
829 2943 1015 3021 cohibeatur,
1031 2944 1095 3004 sive

100 3022 174 3082 intus
194 3034 347 3084 concretus
372 3043 457 3085 cruor
473 3036 619 3102 remanet,
636 3026 821 3088 discutiatur:
838 3036 895 3087 tum
914 3027 988 3087 idem
1004 3027 1094 3088 medi·

102 3115 260 3165 cementum
276 3110 379 3168 eodem
396 3111 499 3186 modo,
516 3112 564 3189 qui
577 3128 664 3187 supra
679 3111 790 3188 positus
807 3121 862 3187 est,
870 3110 1021 3189 mollitum,
1038 3113 1095 3190 ipsi

43 3234 46 3241 l
98 3189 282 3250 membranae
305 3194 504 3271 imponendum
528 3204 587 3255 est:
615 3202 771 3270 ceteraque
798 3196 903 3255 eodem
933 3195 1021 3256 modo
1052 3195 1135 3255 m-as

99 3271 201 3341 cienda
227 3283 291 3333 sunt
318 3295 392 3353 quae
414 3275 449 3334 ad
468 3276 616 3337 linteolum
636 3277 753 3352 illitum,
775 3287 804 3337 et
828 3278 922 3339 lanam
944 3278 1095 3340 succidam

100 3357 259 3432 pertinent:
281 3359 528 3438 collocandusque
547 3364 570 3420 is
587 3363 654 3422 loco
668 3360 781 3441 tepido;
803 3370 832 3421 et
848 3363 1005 3423 curandum
1022 3379 1094 3441 quo·

97 3435 168 3497 tidie
190 3439 308 3510 vulnus;
332 3442 377 3501 bis
398 3445 483 3503 etiam
506 3454 626 3505 aestate.
656 3443 740 3517 Quod
756 3443 779 3503 si
797 3445 963 3508 membrana
978 3465 1034 3528 per
1048 3446 1091 3506 in·
