2414 3924
437 284 470 331 A.
483 282 514 331 0.
528 282 627 331 censi
640 281 835 330 numentana

477 505 666 565 CAPUT
697 506 763 565 IV.

377 621 471 671 Dabis
491 622 583 684 quibus
601 628 677 686 eaput
696 622 823 672 infirmum
842 632 889 675 est.

193 775 356 835 Proximum
372 782 433 848 est,
449 783 478 831 ut
494 771 530 832 de
546 774 580 832 iis
596 772 706 848 dicam,
725 774 772 850 qui
788 782 884 849 partes
901 773 1011 852 aliquas
1028 791 1135 851 eorpu-

132 863 172 922 ris
188 856 349 918 imbeeillas
368 856 484 916 habent.
526 855 579 915 Cui
597 865 683 934 eaput
703 856 843 916 infirmum
862 866 925 931 est,
948 860 990 932 is,
1015 858 1038 916 si
1059 856 1134 917 bene

133 945 280 1019 conserit,
296 941 401 1000 leniter
414 939 575 1018 perfricare
589 940 617 1000 id
628 957 712 999 mane
722 942 852 1000 manibus
865 943 924 1000 suis
938 941 1040 1009 debet;
1057 960 1133 1001 urant·
1147 969 1158 1006 5

71 1034 73 1038 ’
133 1045 218 1109 quam
234 1027 278 1101 id,
296 1027 321 1084 si
337 1025 399 1084 fieri
414 1032 530 1101 potest,
547 1033 631 1083 veste
644 1023 758 1092 velare:
775 1025 810 1084 ad
829 1033 921 1083 autem
937 1025 1064 1094 tonderi;
1082 1026 1135 1084 sed

132 1128 284 1188 numquam
296 1118 364 1187 post
377 1106 471 1167 eibum
482 1107 536 1185 (ei.
552 1125 616 1185 cap.
629 1109 675 1186 5).
701 1108 731 1166 Si
744 1111 788 1167 eui
801 1107 899 1187 eapilli
910 1118 985 1184 sunt,
999 1126 1052 1169 eos
1064 1127 1134 1188 quo·

118 1197 201 1264 ,tidie
215 1201 349 1272 pectere;
362 1191 479 1251 multum
491 1191 649 1266 ambulare,
662 1191 725 1265 sed,
739 1194 763 1251 si
778 1193 857 1266 lieet,
873 1210 968 1271 neque
980 1192 1033 1252 sub
1046 1201 1135 1269 tectu,

99 1289 104 1296 '
133 1295 228 1357 neque
240 1279 268 1335 in
280 1276 360 1344 sole3
380 1279 479 1353 utique
492 1284 585 1335 autem
598 1277 690 1334 vitare
704 1275 776 1334 solis
789 1276 934 1351 ardorem,
953 1278 1135 1355 maximeque

134 1371 202 1443 post
217 1360 310 1420 eibum
326 1369 355 1419 et
369 1362 478 1427 vinum;
503 1360 598 1438 potius
609 1360 693 1436 ungi,
718 1377 801 1437 quam
813 1358 918 1429 lavari;
934 1378 1085 1439 numquam
1100 1359 1135 1421 ad
1147 1387 1171 1425 ιο

134 1448 275 1507 flammam
287 1447 372 1520 ungi,
390 1442 530 1503 interdum
542 1443 578 1502 ad
590 1460 718 1521 prunam.
747 1444 777 1502 Si
788 1445 817 1501 in
829 1443 961 1504 balneum
974 1446 1069 1521 veuit,
1083 1443 1135 1503 sub

133 1538 218 1590 veste
240 1531 358 1608 primum
379 1526 493 1604 paulum
514 1528 542 1585 iu
564 1527 706 1604 tepidario
728 1528 880 1604 insudare,
903 1528 941 1586 ibi
963 1530 1048 1605 nugi,
1078 1536 1136 1587 tum

134 1615 259 1675 transire
274 1615 303 1672 in
319 1611 499 1680 calidarium;
524 1610 571 1669 ubi
586 1611 743 1685 insudarit,
765 1615 793 1670 in
812 1611 914 1670 solium
935 1631 992 1672 non
1014 1613 1135 1672 deseen-

135 1699 221 1773 dere,
246 1697 298 1756 sed
312 1695 398 1755 multa
418 1695 510 1754 calida
532 1711 604 1772 aqua
621 1713 674 1772 per
690 1704 776 1772 eaput
793 1713 825 1754 se
840 1704 929 1755 tatum
947 1696 1134 1776 perfundere,

134 1792 192 1842 tum
208 1780 321 1859 tepida,
338 1779 440 1840 deinde
456 1778 578 1855 frigidm
595 1778 756 1855 diutiusque
771 1796 806 1838 ea
827 1790 930 1857 eaput,
956 1798 1039 1858 quam
1056 1789 1133 1839 eete-
1148 1801 1170 1839 rs

135 1885 182 1927 ras
195 1875 294 1944 partes
307 1863 497 1943 perfundere;
514 1862 618 1923 deinde
630 1862 658 1921 id
667 1861 838 1942 aliquamdiu
848 1863 1024 1942 perfricare;
1040 1866 1135 1922 novis·

135 1952 207 2009 sime
226 1949 398 2025 detergere,
414 1956 443 2006 et
457 1965 577 2024 ungere.
613 1944 706 2024 Capiti
720 1946 790 2005 nibil
805 1965 898 2024 aeque
915 1948 1036 2026 prodest
1050 1956 1136 2026 atque

136 2053 209 2114 aqua
225 2033 344 2109 frigida:
365 2034 464 2108 itaque
483 2033 523 2104 is,
548 2032 593 2090 eui
611 2031 668 2089 hoe
687 2030 826 2089 infirmum
842 2041 903 2106 est,
925 2050 979 2110 per
997 2040 1135 2091 aestatem

135 2118 163 2177 id
189 2118 265 2194 bene
291 2117 374 2192 largo
404 2113 496 2173 canali
523 2114 653 2191 quotidie
680 2113 767 2172 debet
791 2113 961 2192 aliquamdiu
979 2115 1134 2192 subjicere.

136 2203 260 2278 Semper
275 2208 384 2272 autem,
408 2198 519 2256 etiamsi
535 2200 596 2255 sine
613 2197 718 2257 balneo
734 2207 835 2257 unctus
855 2208 914 2275 est,
934 2217 1028 2276 neque
1045 2208 1171 2262 totumne

137 2302 245 2361 corpus
263 2283 439 2358 refrigerare
458 2282 596 2357 sustinet,
620 2290 706 2359 eaput
727 2290 821 2341 tamen
846 2300 918 2359 aqua
941 2282 1046 2360 frigida
1069 2301 1136 2362 per·

136 2366 266 2426 fundere.
302 2365 361 2424 Sed
376 2382 461 2442 quum
477 2374 590 2424 ceteras
603 2374 701 2442 partes
714 2367 815 2442 attingi
826 2365 913 2441 nolit,
931 2366 1083 2426 demittere
1097 2364 1135 2441 id,

136 2469 172 2509 ne
188 2449 222 2509 ad
242 2450 374 2508 eervices
391 2465 465 2525 aqua
477 2448 650 2517 descendat;
668 2467 805 2526 eamque,
824 2468 860 2508 ne
876 2449 943 2529 quid
958 2449 1067 2528 oeulis,
1085 2450 1136 2509 ali·

136 2535 198 2592 isve
215 2532 344 2611 partibus
360 2540 480 2605 noceat,
498 2532 670 2591 defluentem
685 2533 806 2592 subinde
821 2533 951 2594 manibus
966 2534 1001 2593 ad
1017 2535 1074 2593 hoe
1089 2553 1134 2591 re·

135 2635 252 2695 gerere.
293 2615 365 2675 lluie
386 2615 516 2674 modicus
540 2616 621 2675 eibus
642 2619 826 2676 necessarius
847 2625 910 2695 est,
937 2636 1020 2695 quem
1048 2616 1171 2680 facilem

137 2710 316 2778 concoquat3
334 2701 433 2777 isque,
450 2702 471 2758 si
480 2701 582 2776 jejuno
596 2710 681 2778 eaput
692 2700 833 2774 laeditur,
850 2701 1037 2761 assumendus
1050 2701 1135 2760 etiam

136 2784 231 2844 medio
255 2784 300 2844 die
317 2793 376 2852 est;
402 2787 500 2843 sinon
522 2784 659 2859 laeditur,
682 2784 772 2843 semel
795 2786 900 2864 potius.
942 2784 1047 2845 Bibere
1069 2785 1135 2843 huia

136 2869 252 2929 assidue
270 2870 365 2927 vinum
386 2868 517 2944 dilutum,
538 2867 623 2944 lene,
650 2886 734 2945 quam
749 2886 866 2946 aquam,
889 2872 980 2947 magis
997 2869 1133 2946 expedit:

136 2962 182 3029 ut,
213 2971 297 3031 quum
320 2961 407 3029 eaput
428 2955 546 3029 gravius
566 2970 632 3011 esse
657 2954 805 3030 eoeperit,
833 2957 869 3012 sit
890 2971 947 3032 quo
971 2953 1134 3030 confugiat:

136 3041 222 3116 eique
237 3056 274 3096 ex
290 3045 351 3096 toto
370 3054 465 3114 neque
480 3037 593 3110 vinum,
615 3054 710 3114 neque
732 3054 805 3113 aqua
822 3055 938 3115 semper
955 3037 1035 3097 utilia
1056 3045 1134 3104 suun
1146 3063 1171 3102 30

136 3123 373 3182 medicamentum
397 3129 546 3196 utrumque
571 3129 632 3195 est,
655 3138 739 3196 quum
760 3122 882 3179 invicem
904 3124 1055 3180 assumitur
1080 3119 1134 3196 (ei.

136 3204 191 3280 lll,
209 3206 254 3286 2).
289 3205 442 3279 Scribere,
459 3203 578 3280 legere,
595 3221 670 3264 vaes
688 3205 879 3281 contendere,
902 3206 968 3264 huie
984 3223 1057 3284 opus
1079 3220 1136 3262 uon

136 3299 197 3364 est,
219 3293 315 3369 utique
338 3297 405 3367 post
427 3305 561 3355 coenam;
586 3296 654 3365 post
671 3306 754 3365 quam
770 3307 806 3347 ne
819 3289 957 3366 cogitatio
977 3288 1091 3365 quidem
1109 3289 1136 3345 ei

135 3374 204 3431 satis
217 3382 275 3432 tnta
288 3382 348 3432 est:
364 3373 485 3431 maxime
501 3380 596 3430 tamen
611 3373 733 3431 vomitus
750 3372 861 3432 alienus
878 3381 930 3432 est.
1173 3382 1177 3387 “
