2414 3924
432 211 502 259 urs,
519 213 580 260 vn.
604 212 679 260 our.
697 213 755 259 vu.
1020 202 1078 266 281

92 370 254 448 leuiterque
273 367 312 426 ibi
331 368 418 443 verti,
441 375 470 426 et
488 366 624 446 paulatim
644 384 707 426 eam
726 365 871 427 deducere
893 367 966 427 inira
986 371 1082 446 regio-

92 471 157 513 nem
173 452 301 531 pupillae
319 449 421 518 debet;
445 449 493 509 ubi
519 449 623 510 deinde
645 468 707 509 eum
731 451 858 527 transiit,
886 450 1085 511 vehementius

91 537 229 616 imprimi,
245 544 276 594 ut
293 533 424 594 inferiori
442 535 516 612 parti
531 533 645 593 insidat.
671 533 701 592 Si
715 532 824 611 haesit,
841 535 951 594 curatio
964 535 1084 614 expleta

92 630 152 682 est:
179 620 205 679 si
230 618 353 678 subinde
373 618 463 692 redit,
490 617 592 677 eadem
614 634 667 676 acu
694 617 886 693 concidenda,
912 627 941 678 et
968 620 997 678 io
1022 619 1084 696 plu·

69 723 139 764 sres
156 713 253 784 partes
269 702 434 779 dissipanda
450 710 512 769 est;
530 719 604 780 quae
618 701 751 778 singulae
772 711 802 761 et
821 701 935 761 facilius
957 702 1083 762 condun-

92 798 147 864 tur,
166 796 195 846 et
215 788 305 845 minus
320 785 378 845 late
394 786 532 846 officiunt.
553 785 660 846 Postea
675 785 826 844 educenda
841 793 923 845 recta
942 804 1011 847 acus
1027 795 1082 863 est,

92 871 351 950 imponendumque
376 870 441 929 lana
462 868 544 928 molli
566 878 721 948 exceptum
734 871 782 928 ovi
805 869 915 946 album,
941 879 970 929 et
996 889 1083 950 supra

93 956 168 1035 quod
186 955 435 1015 inflammationem
448 963 595 1028 coerceat,
614 963 699 1032 atque
715 955 753 1014 ita
767 953 995 1013 devinciendum.
1014 954 1085 1014 Post

92 1039 165 1100 haec
183 1057 257 1117 opus
273 1047 317 1099 est
340 1039 455 1116 quiete,
476 1037 664 1114 abstinentia,
684 1036 789 1096 lenium
812 1037 1084 1104 medicamentorum

57 1139 82 1177 ro
92 1121 318 1199 inductionibus,
345 1121 427 1197 cibo,
448 1122 496 1200 qui
511 1130 630 1202 postero
646 1122 692 1180 die
708 1121 778 1180 satis
792 1130 900 1181 mature
921 1120 1011 1199 datur,
1025 1123 1083 1200 pri·

90 1225 165 1267 mum
185 1206 311 1284 liquido,
336 1225 373 1265 ne
395 1205 529 1266 maxillae
549 1205 696 1275 laborent;
718 1205 838 1279 deinde,
862 1205 1084 1266 inflammatione

92 1292 184 1366 linita,
200 1290 268 1366 tali,
293 1290 386 1367 qualis
410 1291 438 1348 iu
459 1289 626 1348 vulneribus
646 1291 816 1368 propositus
838 1298 891 1348 est.
921 1289 1031 1364 Quibus
1053 1298 1085 1349 ut

92 1391 166 1451 aqua
181 1390 295 1452 quoque
312 1374 416 1433 diutius
432 1371 545 1433 bibatur
562 1374 732 1433 necessario
744 1373 868 1432 accedit,

156 1458 203 1518 15.
225 1455 269 1516 De
281 1458 400 1536 pituitae
417 1474 532 1534 quoque
548 1458 641 1517 tenuis
659 1474 760 1532 cursu,
777 1458 825 1535 qui
842 1456 1082 1534 oculosinlestat,

58 1569 80 1608 15
92 1549 232 1619 quatenus
247 1542 461 1601 medicamentis
471 1539 614 1617 agendum
627 1549 687 1616 est,
700 1541 759 1615 Jam
771 1539 899 1618 explicui
915 1539 1083 1622 (ct.vt,6).

89 1625 173 1685 Nono
204 1625 240 1686 ad
271 1643 306 1685 ea
322 1626 449 1698 veniam,
486 1641 560 1703 quae
593 1625 770 1684 curationem
796 1642 894 1683 manus
927 1625 1082 1703 postulant.

90 1707 352 1770 Animadvertimus
367 1718 462 1768 autern
477 1707 645 1786 quibusdam
662 1725 813 1787 numquam
830 1710 998 1767 siccescere
1014 1725 1082 1768 ocu·

90 1793 150 1869 los,
175 1792 227 1851 sed
249 1810 367 1872 semper
389 1793 509 1851 humore
524 1793 601 1851 tenui
618 1791 751 1851 madere:
778 1809 914 1869 quaeres
930 1791 1081 1870 aspritudi-

90 1895 155 1936 nem
173 1876 334 1952 eontinuat,
358 1894 395 1935 ex
417 1874 530 1934 levibus
552 1877 703 1935 momentis
724 1875 961 1935 inflammationes
983 1884 1012 1935 et
1028 1875 1082 1953 lip-

54 1982 80 2022 ao
91 1959 235 2038 pitudines
253 1962 377 2035 excitat,
394 1968 483 2019 totam
501 1960 624 2037 denique
640 1961 726 2018 vitam
743 1958 864 2018 bominis
881 1959 1006 2018 infestat.
1037 1958 1082 2018 ld·

91 2061 146 2122 que
168 2045 197 2102 in
219 2043 387 2120 quibusdam
408 2044 485 2103 nulla
506 2061 563 2122 ope
579 2043 710 2119 adjuvari
733 2051 845 2121 potest,
871 2044 899 2101 in
915 2042 1082 2121 quibusdam

90 2127 220 2186 sanabile
236 2137 290 2186 est.
323 2127 408 2202 Quod
425 2129 543 2205 primum
559 2128 713 2187 discrimen
729 2143 818 2185 nosse
835 2135 968 2205 oportet,
992 2136 1021 2187 ut
1042 2126 1082 2186 al·

90 2211 160 2270 teris
177 2219 377 2284 succurratur,
396 2211 493 2270 alteris
511 2229 609 2270 manus
631 2228 688 2270 non
704 2211 856 2286 injiciatur.
893 2211 939 2270 Ac
962 2212 1083 2290 primum

90 2312 271 2371 supervacua
289 2295 399 2354 curatio
417 2305 461 2354 est
475 2297 504 2354 in
519 2297 571 2372 iis,
589 2297 636 2374 qui
651 2294 686 2354 ab
702 2294 856 2354 infantibus
877 2295 905 2354 id
921 2295 1018 2355 vitium
1032 2294 1080 2356 ba-

53 2376 172 2445 mbent;
197 2380 262 2456 quia
289 2380 459 2438 necessario
486 2397 647 2439 mansurum
676 2388 720 2438 est
749 2397 840 2457 usque
870 2380 971 2437 mortis
996 2379 1079 2439 diem.

89 2460 201 2520 Deinde
216 2480 274 2521 uon
289 2463 455 2522 necessaria
470 2464 555 2522 etiam
579 2464 608 2521 in
623 2464 672 2538 iis,
697 2461 799 2541 quibus
823 2479 881 2521 non
899 2463 1003 2540 multa,
1030 2460 1083 2523 sed

90 2546 165 2603 acris
191 2546 291 2623 pituita
312 2554 369 2604 est:
399 2546 540 2622 siquidem
562 2565 644 2606 manu
664 2546 733 2606 nibil
757 2546 942 2622 adjuvantur;
959 2547 1082 2607 medica·

89 2629 207 2702 mentis,
232 2638 260 2687 et
282 2629 375 2688 vietus
397 2631 525 2706 ratione,
556 2649 629 2708 quae
643 2632 816 2690 crassiorem
832 2631 959 2707 pituitam
976 2630 1081 2703 reddit,

90 2709 125 2770 ad
147 2713 297 2771 sanitatem
312 2715 500 2791 perveniunt.
529 2713 599 2774 Lata
623 2715 707 2773 etiam
737 2715 830 2792 capita
853 2715 900 2773 vix
922 2715 1081 2774 medicinae

51 2804 199 2873 aopateot.
233 2795 304 2855 Tum
326 2797 461 2874 interest,
482 2816 573 2857 venae
595 2799 721 2875 pituitam
763 2799 886 2872 mittant,
911 2815 985 2874 quae
1008 2798 1083 2854 inter

90 2878 245 2939 calvariam
266 2889 295 2938 et
315 2890 407 2939 cutem
424 2891 504 2956 sunt,
527 2900 561 2941 an
578 2900 651 2960 quae
672 2883 746 2939 inter
760 2878 951 2938 membranum
968 2876 1081 2938 cerebri

89 2970 119 3021 et
140 2962 304 3023 calvariam.
335 2964 508 3042 Superiores
533 2965 595 3022 iere
618 2982 671 3041 per
692 2973 820 3040 tempora
847 2963 949 3021 oculos
969 2963 1080 3037 rigaut;

88 3045 243 3106 inferiores
269 3066 322 3125 per
343 3065 392 3106 eas
412 3046 608 3122 membranas,
624 3065 696 3123 quae
719 3046 754 3106 ab
772 3046 864 3105 oculis
879 3044 913 3103 od
930 3043 1081 3103 cerebrum

88 3129 216 3189 tendunt.
244 3130 346 3190 Potest
361 3140 455 3190 autem
471 3130 598 3190 adbiberi
615 3129 769 3189 remedium
786 3131 836 3202 iis,
854 3145 928 3204 quae
945 3146 1031 3206 supra
1046 3143 1082 3186 os

50 3225 76 3264 3⁵
88 3212 191 3282 iluunt;
215 3231 271 3273 non
295 3223 394 3294 potest
416 3216 466 3289 iis,
490 3233 564 3292 quae
582 3213 634 3272 sub
651 3230 719 3272 osse
733 3210 768 3290 ¹).
801 3213 845 3270 Ac
863 3229 898 3269 ne
915 3213 949 3270 iis
966 3212 1090 3289 quidem¹

157 3415 185 3479 1)
204 3419 232 3468 ld
243 3427 290 3481 est,
301 3435 346 3483 per
365 3433 407 3467 eas
428 3433 504 3468 venas
523 3432 586 3480 quae
606 3424 664 3467 sunt
681 3417 745 3465 inter
760 3417 919 3467 membranas
933 3416 1038 3476 cerebri,
1056 3423 1081 3465 et

87 3487 235 3545 calvariam
252 3494 279 3534 ut
298 3487 407 3551 explicet
426 3487 590 3552 Morgagnus.
