2414 3924
468 95 682 159 ..43-

59 247 214 300 vocantur.
256 246 287 299 et
315 245 385 299 sunt
413 241 576 301 curationis
605 239 742 302 difficilis.
784 251 949 304 nascuntur
978 246 1009 304 in
1033 263 1080 306 ca·

56 327 213 407 cochymis
236 326 415 406 corporibus
437 327 467 387 id
491 335 537 388 est
560 327 636 388 malo
659 329 784 390 humore
808 334 962 408 possessis.

150 424 198 478 est
221 419 331 477 iterum
355 415 435 476 aliud
463 434 558 494 genus
581 417 747 478 scrofarum
772 420 892 479 minime
916 419 1080 482 adhaerens

58 505 110 566 sed
142 507 237 584 magis
266 503 414 565 subruta
444 512 548 565 natans
576 513 607 566 et
632 505 760 585 plurima
784 509 902 567 natione
931 507 1080 587 pullulans

58 596 138 656 sicut
167 611 264 673 genus
291 610 466 674 porcorum,
494 593 573 655 rrnde
601 597 710 655 iterum
744 596 858 655 scrofae
892 613 1001 656 nomeu
1033 613 1107 658 aas

56 690 217 764 ceperunt.
261 689 424 742 nascuntur
452 689 486 742 ut
514 700 604 761 supra
632 682 815 744 dictumest
844 683 1026 763 glandulosis
1049 688 1079 746 in
1120 738 1126 753 ,

58 771 146 854 locis,
174 778 210 832 ut
238 773 270 830 in
293 777 414 849 gutture
437 769 484 830 vel
507 769 563 830 sub
587 764 705 832 ala'aut
733 774 764 831 in
792 774 928 854 inguine,
955 781 986 833 et
1010 782 1080 834 sunt

58 862 119 921 sive
144 859 298 938 chirurgia
321 861 382 918 sive
407 858 630 938 medicamentis
653 862 806 920 curatione
831 860 940 922 faciles.

147 953 275 1028 propter
298 965 333 1006 ea
356 948 518 1008 curationis
546 955 680 1026 tempore
709 948 806 1009 dialon
830 949 1079 1010 medicamentum

59 1039 185 1098 inlerins
206 1054 262 1096 suo
284 1035 349 1095 loco
369 1038 572 1115 conscriptum
591 1055 730 1116 appones.
767 1040 848 1098 norit
867 1040 946 1098 enim
966 1039 1078 1098 scrofas
1094 1054 1119 1094 10

61 1125 175 1186 mirere
195 1134 227 1185 et
250 1125 281 1183 in
304 1123 429 1184 humore
449 1123 609 1203 purulento
630 1143 787 1186 conversas
809 1145 864 1205 per
887 1144 977 1205 poros
1001 1129 1078 1188 cutis

62 1214 223 1275 desiccare
257 1219 308 1272 aut
326 1220 407 1273 certe
427 1212 534 1273 melino
550 1212 721 1292 Vespasiani
740 1214 918 1293 appellatum
937 1233 1077 1295 appones,

62 1311 182 1364 etcum
206 1300 317 1361 videris
346 1319 435 1379 supra
461 1301 555 1362 dictas
579 1303 724 1362 scrofas
715 1320 746 1362 m
770 1302 912 1363 saniolam
935 1307 1077 1378 courtier

62 1390 212 1471 chirurgia
247 1391 342 1450 uteris
376 1397 406 1450 et
443 1389 608 1450 secundum
646 1393 791 1451 rationem
829 1391 961 1497 curabis,
997 1350 1077 1471 quod

64 1478 166 1540 Graeci
189 1485 256 1539 cata
277 1477 366 1557 logon
390 1485 503 1540 vocant.
1092 1495 1118 1532 ιι

352 1635 466 1698 xxvu.
503 1638 551 1699 nd
575 1646 796 1699 steatomata.

149 1763 331 1824 Steatomata
359 1761 499 1822 dicuntur
527 1762 652 1823 durities
680 1765 711 1822 in
741 1760 964 1821 similitudinem
997 1780 1077 1822 sero-

66 1853 157 1913 larum
182 1858 370 1930 emergentes
392 1850 480 1930 paulo
507 1853 640 1930 potiores
664 1858 693 1910 et
717 1848 881 1930 molliores,
910 1867 985 1928 quae
1009 1868 1078 1910 cum

65 1940 152 2020 digito
177 1940 290 2000 luerint
312 1941 474 2019 impressae
503 1938 613 1999 cedunt
641 1957 674 1998 ac
700 1945 874 2018 resurgunt,
902 1936 996 2017 adipis
1020 1938 1077 1999 cal·

65 2028 116 2089 losi
144 2028 316 2107 qualitatem
345 2030 420 2088 iutra
450 2047 481 2087 se
511 2029 706 2087 continentes.
754 2026 833 2086 unde
860 2030 925 2106 ipso
958 2030 1076 2088 nomine
1092 2043 1117 2080 ιι

133 2226 146 2273 1
167 2216 326 2271 curationes
345 2213 435 2269 diffici
452 2233 470 2285 9
488 2215 641 2283 (cureidem
660 2214 789 2269 difficiles
809 2219 842 2284 c),
861 2217 1005 2270 curatione
1025 2217 1078 2270 dii·

64 2290 146 2345 ficiles
165 2305 198 2358 9.
290 2285 445 2355 cacocymis
468 2303 499 2356 9,
525 2285 692 2369 caclmzimis
716 2302 742 2354 c,
769 2286 930 2341 eacocismis
949 2287 1078 2356 (-eisini

65 2385 122 2433 αιιιι
141 2377 224 2445 corr.)
239 2392 269 2444 9.
344 2381 359 2428 3
378 2374 430 2427 nst
448 2374 550 2428 iterum
569 2375 603 2444 (E
621 2374 695 2428 iteris
713 2391 739 2443 9,
758 2376 808 2429 obi
826 2392 841 2430 e
860 2392 893 2428 ero
911 2375 921 2428 i
941 2391 1009 2429 corr.
1029 2378 1078 2444 qui

64 2452 117 2504 oalt
129 2449 243 2515 Ceteri)
257 2462 316 2516 pop.
389 2445 517 2500 minime:
532 2451 597 2500 noie
612 2445 745 2513 (nomine)
762 2462 783 2500 c.
857 2447 1076 2502 adherentes..

64 2523 235 2575 natantes..
253 2516 435 2586 pululantes
453 2517 642 2585 (pululacione
661 2516 833 2586 pullulantes
853 2519 890 2584 ct)
908 2534 950 2598 9ο,
971 2490 1078 2571 -tiuul

64 2625 206 2678 semperp
280 2605 431 2659 4natione
449 2622 494 2676 pc·
514 2604 714 2687 variationep.
810 2605 922 2659 tscrof
937 2622 1078 2674 nomenp‚

65 2696 160 2734 nomen
176 2677 283 2732 scrofas
299 2693 321 2743 c
335 2693 437 2730 nomen
451 2676 539 2730 seroie
549 2693 579 2745 p.
654 2677 696 2729 ι’
688 2694 718 2728 ιιι
736 2675 851 2745 inguine
866 2692 881 2730 e
899 2676 938 2745 (in
957 2692 1008 2731 om.
1022 2678 1077 2747 99)

65 2749 294 2816 icurationesp
314 2750 395 2817 (-ne
414 2749 465 2816 pc)
539 2746 683 2801 9dialoon
701 2763 742 2817 pc,
762 2746 891 2816 dialeop
911 2748 957 2814 (cf.
978 2764 999 2802 c
1019 2752 1077 2814 211.

64 2846 94 2894 10
112 2825 230 2907 scrofp.
324 2841 355 2889 11
376 2852 393 2898 z
412 2837 441 2889 et
458 2835 589 2907 ιιιιι..9
660 2835 690 2888 in
708 2834 824 2890 humore
843 2838 993 2904 purulento
1012 2852 1077 2890 eon-

63 2928 152 2965 versas
167 2912 365 2977 (conversosc,
379 2922 512 2962 converso
523 2911 555 2975 9)
565 2922 625 2987 pap.
699 2911 732 2959 12
748 2906 850 2961 maline
862 2924 897 2977 pe
911 2907 1025 2976 (molins
1035 2910 1077 2973 9).

64 2988 93 3036 13
112 2980 253 3036 saniolam
270 2994 312 3047 pc,
332 2977 454 3046 -lasp
543 2984 576 3031 14
595 2975 742 3044 cirurrigia
760 2979 865 3047 (siem.
949 2982 981 3030 15
1002 2978 1077 3028 ccta-

63 3052 145 3122 logon
162 3067 204 3122 pc,
223 3049 401 3117 catalogop.
474 3051 627 3116 vocantp
646 3047 793 3116 appellant
811 3064 851 3115 cp.
927 3047 1020 3100 16ιιι.
1035 3045 1079 3099 Ad

63 3140 251 3195 steathomata
283 3132 463 3205 (steatomata
484 3140 507 3204 e)
525 3154 566 3206 pe,
584 3136 626 3189 De
646 3133 749 3188 duritie
768 3135 853 3188 simili
874 3132 987 3187 duritiei
1006 3150 1079 3188 scro-

63 3210 181 3265 fularum
197 3226 219 3278 9
238 3210 281 3276 (in
299 3211 357 3265 ind.
378 3225 456 3278 capp.
476 3209 521 3262 Ad
540 3208 713 3275 steatomas).
788 3211 819 3259 17
839 3205 1079 3274 Steathomalap,

65 3280 309 3337 Scearthomatac
326 3283 401 3347 (item
419 3280 499 3346 infra
513 3295 543 3347 9.
563 3283 606 3344 44,
627 3280 664 3342 1).
744 3275 860 3330 durities
881 3281 965 3348 p(cp)
1046 3281 1078 3328 19

66 3350 186 3425 inpressa
204 3353 280 3421 9(9);
300 3369 430 3421 expresse
449 3368 471 3407 c.
