2414 3924
482 195 693 244 PRAEFATIO.
1030 198 1068 244 IX

96 337 161 400 bus
184 331 287 396 multa
301 353 360 396 suo
383 331 520 397 arbitrio
544 331 738 412 variavisse,
762 339 906 395 atcerte
928 352 1068 417 eopau-

101 445 193 509 ciora
215 462 279 527 quo
302 442 501 508 vetustiores
523 448 600 506 sunt
620 440 699 507 libri
718 463 819 506 manu
846 441 972 525 scripti.
1006 442 1069 528 ,Ita

97 576 172 619 cum
198 553 262 617 hac
287 551 387 616 etiam
415 551 451 614 in
478 573 513 616 re
541 551 722 615 secundum
749 550 980 636 antiquissima
1006 572 1070 616 ve-

100 662 200 747 stigia
222 660 394 727 Censorini
416 659 536 727 librum
558 660 733 742 ediderim,
762 660 895 725 minime
917 660 1069 746 equidem

101 773 262 838 affirmem
288 773 322 834 in
351 772 504 837 omnibus
527 794 579 836 me
607 770 712 856 ipsius
740 771 909 856 scriptoris
936 793 1069 835 manum

101 890 382 968 repraesentasse,
411 880 474 946 hoc
495 891 607 947 tamen
627 880 725 945 facile
746 901 936 946 concessum
956 879 998 943 iri
1020 903 1069 945 ar-

100 992 221 1072 bitror,
260 989 383 1056 nullam
416 970 515 1056 aliam
541 990 703 1057 rationem
735 991 877 1057 inveniri
909 990 1067 1076 potuisse,

101 1125 166 1188 qua
187 1101 322 1189 propius
346 1101 388 1165 ad
409 1124 523 1167 verum
545 1100 766 1166 accederetur.
811 1099 984 1165 Nonnullis
1007 1123 1071 1166 au-

100 1224 167 1278 tem
194 1210 274 1275 locis
301 1212 375 1296 ipsa
403 1210 525 1278 codicis
556 1210 676 1275 menda
702 1209 822 1275 indicio
844 1210 978 1275 fuerunt
1005 1212 1070 1276 alia

101 1322 178 1389 olim
200 1321 323 1406 scripta
337 1320 451 1386 fuisse.
495 1319 596 1387 Velut
617 1344 648 1407 p.
664 1319 718 1402 44,
733 1321 775 1385 27
798 1329 887 1386 recte
908 1322 944 1385 in
958 1321 1071 1388 codice

102 1441 234 1497 exstare
249 1429 382 1496 videtur
396 1451 500 1508 aanor,
523 1431 611 1517 quod
626 1453 822 1517 suspensum
839 1431 902 1495 fuit
923 1453 966 1495 ex
987 1452 1071 1496 com-

100 1552 248 1622 pulerunt
275 1541 328 1606 vel
356 1541 455 1605 simili
477 1541 627 1627 quodam
655 1539 757 1605 verbo
779 1562 865 1606 nunc
892 1542 928 1605 in
948 1531 1073 1607 maiore
1154 1574 1163 1583 .

101 1652 219 1717 lacuna
242 1650 378 1732 omiss03
402 1650 469 1714 iam
490 1671 566 1714 oum
579 1649 656 1714 huic
678 1652 866 1716 accusativo
887 1651 939 1717 bis
962 1651 997 1714 in
1010 1675 1071 1718 co-

104 1762 177 1824 dice
196 1759 387 1844 appositum
409 1759 452 1822 sit
474 1763 681 1840 quadriperti,
705 1759 850 1824 dubitari
872 1762 931 1826 vix
952 1769 1070 1846 potest,

102 1868 182 1954 quin
204 1876 341 1952 utroque
370 1866 441 1933 loco
464 1883 548 1932 cccc
577 1867 741 1935 invenerit
767 1867 922 1935 librarius
951 1892 1071 1958 easque

102 1989 196 2043 notas
218 1977 369 2063 imperite
390 1977 426 2040 in
439 1976 567 2043 litteras
590 1980 844 2064 transcripserit.
880 1979 1007 2045 Eadem
1030 1981 1072 2046 de

105 2111 205 2153 causa
227 2111 259 2174 p.
275 2087 326 2168 37,
344 2088 379 2170 7,
402 2087 461 2154 ubi
478 2093 612 2167 primam
635 2098 686 2153 est
706 2090 741 2153 in
762 2088 888 2171 codice,
913 2089 1070 2156 emenda-

103 2210 156 2264 tae
179 2197 278 2283 vulgo
307 2198 490 2284 scripturae
512 2218 604 2263 anam
629 2198 770 2284 praetuli
792 2210 903 2264 notam
924 2218 953 2282 1,
988 2223 1071 2286 quae

103 2309 168 2373 nisi
202 2307 280 2374 olim
307 2307 415 2373 locum
443 2309 655 2390 obtinuisset,
692 2330 758 2394 qua
785 2308 918 2374 tandem
944 2311 1071 2376 ratione

64 2504 66 2510 s
102 2417 187 2483 illud
213 2418 406 2483 mendosum
434 2425 568 2507 primum
596 2418 674 2481 oriri
701 2419 828 2503 potuit?
866 2413 1072 2506 Quamquam

104 2550 168 2592 non
196 2549 248 2591 me
274 2528 362 2611 fugit
389 2525 530 2612 relinqui
557 2539 594 2594 ut
619 2527 682 2593 hoc
711 2537 890 2611 statuatur,
927 2530 970 2596 ab
997 2530 1070 2616 ipso
1129 2563 1136 2572 ·

105 2636 264 2722 scriptore
291 2636 434 2721 positum
455 2658 527 2702 esse
555 2658 661 2713 auum,
688 2637 787 2724 idque
809 2650 926 2725 postea
950 2641 985 2703 in
1007 2663 1072 2705 no-

103 2759 172 2811 tam
193 2754 372 2827 mutatum,
395 2745 535 2832 denique
556 2769 575 2811 e
595 2756 675 2812 nota
691 2755 825 2828 primam
840 2749 967 2813 factum
989 2771 1072 2814 esse.

105 2854 170 2920 Sed
193 2877 233 2918 ne
255 2854 291 2917 in
313 2854 469 2920 minutias
492 2856 656 2939 aberrem,
679 2856 761 2921 nihil
783 2857 846 2921 nisi
867 2857 954 2921 inre
976 2857 1072 2923 dubi·

104 2966 237 3030 tationis
260 2962 359 3051 plena
380 2964 635 3050 probabiliorem
657 2968 818 3031 rationem
839 2965 993 3052 amplecti
1015 2991 1072 3033 vo·

105 3073 168 3156 lui,
206 3096 279 3138 cum
305 3075 412 3160 ipsam
440 3097 553 3140 veram
580 3076 728 3142 invenire
755 3098 820 3141 non
847 3074 969 3140 liceret.
1019 3078 1072 3142 De

104 3183 241 3250 Graecis
254 3184 423 3250 vocabulis
438 3206 539 3249 unum
553 3185 616 3250 hoc
632 3185 725 3263 addo,
742 3185 957 3250 Censorinum
970 3186 1072 3251 multo

104 3292 200 3379 plura
220 3295 337 3359 Latine
359 3316 459 3380 quam
481 3292 608 3359 Graece
630 3295 800 3380 scripsisse
822 3293 943 3377 videri,
967 3295 1073 3379 siqui·
1162 3358 1176 3375 ,

105 3403 179 3466 dem
200 3414 288 3470 recte
304 3402 427 3468 Iahnus
450 3403 585 3469 dimidio
607 3406 678 3469 fere
698 3405 806 3469 rarius
829 3426 926 3490 quam
947 3403 1028 3490 prior
