2414 3924
133 223 206 284 ‚210
429 232 461 276 n.
478 228 507 278 o.
525 227 624 277 cnnss
639 230 834 278 uuorcmnsc

143 391 203 451 bis:
227 406 362 468 squamae
385 387 480 461 aeris,
503 384 611 464 plumbi
633 384 702 444 eloti
724 384 881 459 combusti,
906 387 1088 464 singulorum
1110 409 1139 468 p.

143 476 199 555 )·(.
215 487 260 534 lv.
277 472 422 546 cadmiae,
440 487 542 543 cerae,
558 468 736 546 singulorum
748 488 777 548 p.
791 470 846 548 )·(.
860 482 932 529 v111.
949 489 1037 532 rosae
1049 491 1139 552 quan·

143 569 200 619 tum
219 558 288 617 satis
305 558 341 615 sit
356 555 392 614 ad
409 572 506 613 ceram
520 553 602 612 simul
620 554 740 611 cumeis
756 553 949 614 molliendam.

207 643 236 704 6.
260 641 344 701 Fiunt
372 641 456 697 etiam
485 656 522 696 ex
543 637 654 714 frigore
678 635 799 696 hiberno
821 637 936 715 ulcera,
960 641 1086 699 maxime
1111 643 1139 700 in

144 728 258 808 pneris,
282 735 310 784 et
327 723 484 802 praecipue
505 723 533 779 in
550 720 673 799 pedibus
688 721 843 799 digitisque
865 739 983 799 eorum,
999 742 1161 786 nonnum-s

144 830 227 892 quam
244 812 328 869 etiam
346 809 373 865 in
395 805 533 864 manibus.
564 805 666 865 Rubor
681 823 743 863 cum
762 805 982 867 inflammatione
998 808 1139 868 mediocri

144 906 204 956 est:
226 893 365 953 interdum
398 889 519 966 pusulae
541 890 686 964 oriuntur,
707 888 811 948 deinde
834 891 1032 952 exulceratio:
1054 892 1140 953 dolor

143 990 237 1040 autem
252 977 395 1041 modicus;
413 976 532 1052 prurigo
545 975 636 1048 major
648 982 705 1031 est:
725 991 935 1051 nonnumquam
948 976 1050 1034 humor
1066 978 1138 1054 exit,

144 1064 267 1123 sednon
283 1059 402 1132 multus,
422 1059 470 1137 qui
488 1057 600 1116 referre
618 1057 664 1116 vel
683 1075 753 1134 pus,
772 1057 820 1117 vel
836 1060 944 1118 saniem
961 1060 1085 1119 videtur.
1106 1058 1138 1119 ln

143 1147 242 1226 primis
258 1145 344 1203 multa
360 1142 452 1202 calida
467 1159 541 1218 aqua
559 1141 712 1199 lovendum
731 1149 792 1215 εει,
811 1143 838 1200 in
855 1160 910 1219 qua
926 1161 996 1222 rapa
1012 1143 1172 1204 decoctam

145 1231 212 1295 siut;
230 1237 276 1286 aut
294 1229 318 1287 si
333 1246 366 1286 ea
382 1244 439 1286 non
457 1234 536 1300 sunt,
555 1224 668 1303 aliquae
682 1224 828 1284 verbenae
845 1245 883 1285 ex
902 1229 1136 1306 reprimentibus.

145 1315 174 1372 Si
194 1310 316 1371 nondum
330 1313 499 1389 adapertum
514 1308 596 1368 ulcus
612 1317 671 1384 est,
689 1326 755 1383 aes,
773 1327 857 1387 quam
875 1313 997 1371 maxime
1014 1311 1138 1384 calidum

146 1399 208 1476 quis
229 1397 287 1473 pati
310 1403 422 1473 potest,
446 1393 653 1452 admovendum
670 1401 723 1450 εει.
753 1393 783 1451 Si
793 1395 852 1469 J'am
874 1394 1053 1455 exulceratio
1076 1405 1137 1472 εει,

144 1480 251 1559 imponi
275 1479 361 1539 debet
380 1478 493 1536 alumen
515 1494 607 1554 aequa
637 1479 770 1555 portione
793 1496 855 1537 cum
881 1488 944 1537 ture
971 1481 1136 1556 contritum,

144 1567 211 1623 vino
235 1564 364 1641 adjecto,
384 1571 432 1622 aut
452 1560 630 1619 malicorium
654 1561 681 1618 in
705 1578 778 1638 aqua
795 1570 924 1639 coctum,
947 1562 1050 1622 deinde
1067 1583 1171 1629 oon-rs

144 1651 248 1708 tritum.
284 1649 313 1707 Si
331 1664 437 1705 summa
454 1645 582 1704 detracta
599 1644 735 1722 pellicula
752 1655 811 1719 εει,
829 1646 876 1704 hic
897 1664 1012 1726 quoque
1034 1648 1137 1708 melius

144 1733 219 1793 lenia
236 1733 442 1791 medicamenta
459 1730 621 1808 proliciunt.

205 1820 234 1877 7.
265 1817 377 1876 Struma
406 1832 520 1893 quoque
549 1822 593 1871 est
617 1823 726 1887 tumor,
747 1814 775 1870 in
798 1831 854 1890 quo
876 1814 976 1874 subter
998 1826 1137 1876 concreta

145 1902 284 1981 quaedam
292 1919 329 1958 ex
342 1917 414 1979 pure
428 1909 456 1958 et
469 1899 609 1974 sanguine
625 1898 707 1975 quasi
722 1896 878 1973 glandulae
892 1900 1038 1959 oriuntur:
1062 1918 1137 1978 quae

143 1986 191 2045 vel
215 1985 372 2064 praecipue
396 1984 520 2060 fatigare
540 1982 670 2041 medicos
689 1981 799 2048 solent;
830 1984 962 2059 quoniam
985 1991 1014 2041 et
1036 1983 1170 2052 lebres20

144 2078 275 2143 movent,
292 2086 346 2127 neo
362 2085 493 2146 umquam
507 2066 595 2125 lacile
611 2074 818 2133 maturescunt;
837 2075 865 2124 et
883 2067 945 2125 sive
960 2066 1056 2144 ferro,
1073 2070 1137 2128 sive

143 2154 357 2213 medicamentis
380 2160 528 2225 curantur,
552 2150 720 2227 plerumque
749 2151 852 2207 iterum
873 2153 955 2225 juxta
984 2152 1137 2212 cicatrices

143 2240 221 2316 ipsas
239 2244 405 2311 resurgunt:
422 2233 568 2310 multoque
583 2242 650 2310 post
661 2234 867 2292 medicamenta
880 2235 1012 2312 saepius:
1034 2235 1136 2313 quibus

144 2321 172 2378 id
194 2337 310 2396 quoque
332 2318 459 2389 accedit,
483 2316 560 2394 quod
582 2316 671 2392 longo
689 2319 783 2395 spatio
806 2317 943 2376 detinent.
972 2317 1137 2378 Nascuntur

34 2410 36 2415 '
143 2403 264 2460 maxime
280 2404 306 2458 in
323 2401 451 2467 cervice;
470 2400 523 2458 sed
540 2400 623 2458 etiam
638 2401 666 2458 in
693 2400 745 2459 alis
762 2410 790 2459 et
802 2400 975 2478 inguinibus.
1003 2401 1034 2460 ln
1049 2421 1134 2462 mam·
1145 2423 1169 2463 ss

143 2486 196 2544 mis
224 2502 339 2562 quoquc
368 2484 535 2543 laminarum
565 2502 597 2542 se
623 2485 787 2561 reperisse,
815 2484 918 2561 Meges
950 2494 1051 2544 auctor
1080 2496 1135 2545 est.

144 2569 268 2646 Propter
288 2569 362 2626 haec
391 2577 420 2626 ει
441 2567 534 2626 album
556 2576 699 2626 veratrum
724 2578 804 2626 recte
829 2569 925 2644 datur,
947 2577 1033 2647 atque
1050 2572 1135 2629 etiam

144 2653 277 2729 saepius,
300 2651 393 2710 donec
416 2669 450 2711 ea
468 2651 648 2728 digerantur:
667 2661 695 2711 et
713 2651 921 2711 medicamenta
936 2652 1135 2730 imponuntur,

144 2753 217 2815 quae
242 2735 389 2794 humorem
411 2735 458 2794 vel
484 2737 624 2811 educant,
651 2735 698 2794 vel
722 2734 877 2812 dissipent:
906 2754 1025 2813 quorum
1049 2755 1135 2814 supra

142 2821 248 2880 mentio
264 2821 340 2880 lacta
357 2829 410 2878 est.
438 2819 633 2879 Adurentibus
650 2837 764 2897 quoque
780 2818 893 2897 quidam
908 2829 1039 2895 utuntur,
1059 2839 1132 2896 quae
1145 2846 1170 2887 30

144 2905 282 2981 exedant,
302 2914 453 2982 crustaque
466 2923 529 2962 eum
544 2904 637 2963 locum
650 2905 841 2980 adstringant:
857 2912 914 2962 tum
927 2922 998 2963 vero
1011 2913 1041 2962 ut
1053 2904 1135 2963 ulcus

144 2997 252 3049 curant.
283 2989 486 3067 Quaecumque
506 2996 597 3046 autem
614 2988 687 3046 ratio
705 2988 822 3047 curandi
836 2997 894 3063 εει,
918 3005 1040 3065 corpus,
1062 3006 1134 3065 puro

143 3073 241 3133 ulcere
251 3119 259 3152 ,
277 3072 471 3132 exercendum
488 3081 573 3148 atque
589 3071 720 3130 alendum
736 3081 796 3147 est,
813 3071 906 3130 donec
922 3072 957 3130 ad
971 3071 1134 3130 cicatricem

143 3159 303 3234 perveniat.
335 3155 415 3229 Quae
432 3175 515 3234 quum
530 3154 634 3213 medici
649 3155 786 3228 doceant,
808 3155 992 3233 quorumdam
1012 3156 1133 3214 rustico·

143 3259 204 3299 rum
222 3243 421 3319 experimento
440 3241 600 3316 cognitum,
617 3256 701 3316 quem
716 3248 821 3297 struma
837 3239 911 3298 male
932 3239 1035 3315 habet,
1053 3257 1134 3315 eum,
1145 3268 1170 3308 qr

143 3326 166 3382 si
183 3342 304 3401 anguem
320 3324 396 3399 edit,
413 3323 539 3382 liberari.

205 3408 234 3469 8.
263 3408 441 3467 Furunculus
467 3424 537 3464 vero
555 3416 599 3465 est
614 3405 791 3466 tuberculum
814 3415 925 3465 acutum
949 3425 1010 3465 cum
1028 3406 1135 3466 inflam-

173 3492 266 3550 atione
283 3501 311 3549 et
327 3491 445 3556 dolore:
463 3491 643 3567 maximeque
664 3489 711 3549 ubi
722 3492 782 3565 jam
798 3489 825 3548 in
842 3507 895 3566 pus
916 3492 1045 3550 vertitur.
1079 3492 1135 3565 Qui
