2414 3924
141 216 183 279 82
440 225 472 272 a.
489 224 519 272 c.
537 223 635 271 cnusr
651 223 844 270 usmcmns

139 380 177 441 ab
199 380 355 458 incipiente
377 379 484 455 excipi.
513 377 555 437 lta
578 378 602 436 si
629 376 744 452 longius
772 386 883 456 tempus
904 377 1057 436 secundum
1083 386 1141 452 est,

142 479 226 542 quam
247 463 435 539 integerrimo
457 461 565 520 dandus
587 468 644 528 est;
667 460 691 518 si
706 458 814 534 breve,
837 462 920 520 etiam
937 469 1087 539 antequam
1104 479 1141 519 ex

140 555 202 607 toto
223 546 340 622 integer
363 547 420 605 luat.
450 545 514 619 Quo
538 544 606 604 loco
628 560 701 602 vero
720 545 870 620 integritas
894 553 954 619 est,
976 544 1079 603 eodem
1097 552 1142 603 est

118 643 124 705 ζ
139 628 290 704 remissio,
309 647 383 707 quae
397 629 518 687 maxima
534 629 562 685 in
578 626 661 685 febre
677 629 808 686 continua
825 636 922 704 potest
935 645 1011 686 esse.
1043 626 1140 704 Atque

140 714 197 774 boc
218 718 335 790 quoque
359 714 519 790 quaeritur,
550 720 641 769 utrum
668 718 710 768 tot
730 709 819 770 borae
829 711 1044 788 exspectandae
1072 712 1165 785 sinus

134 805 211 876 ¹quot
232 794 344 854 febrem
365 795 540 862 habuerunt;
565 811 600 852 un
621 794 690 852 satis
711 795 746 851 sit
769 797 885 872 primam
909 803 1019 872 partem
1043 812 1141 854 earum

140 879 308 957 praeteriri,
332 888 363 939 ut
385 880 482 955 aegris
502 876 656 952 jucundius
680 875 794 952 insidat,
814 878 915 954 quibus
929 877 1068 936 interdum
1083 895 1141 935 non

140 970 233 1022 vacat.
263 961 445 1021 Tutissimum
462 969 506 1019 est
523 968 632 1034 autem,
654 968 720 1017 ante
735 960 822 1019 totius
836 962 1014 1020 accessionis
1029 969 1141 1039 tempus

140 1046 308 1126 praeteriri:
335 1046 480 1122 quamvis,
504 1042 552 1102 ubi
575 1043 662 1120 longa
684 1041 774 1101 febris
796 1044 864 1118 fuit,
887 1052 982 1122 potest
997 1043 1141 1120 indulgeri

141 1144 231 1204 aegro
248 1131 401 1203 maturius,
420 1127 483 1185 dum
500 1134 593 1185 tomen
609 1135 674 1184 ante
696 1126 808 1184 minime
830 1145 897 1203 pars
922 1126 1035 1186 dimidia
1057 1145 1139 1203 prae·
1152 1141 1177 1181 so

141 1219 277 1271 teneatur.
306 1211 397 1288 quue
409 1229 464 1270 non
477 1212 505 1267 in
520 1226 556 1267 ca
572 1209 634 1268 sola
651 1207 749 1282 febre,
766 1209 802 1267 de
819 1228 873 1287 qna
889 1211 1020 1287 proxime
1035 1209 1141 1269 dictum

141 1303 201 1369 est,
219 1291 313 1351 sedin
330 1293 460 1352 omnibus
476 1294 514 1350 ita
529 1292 701 1351 servandum
716 1300 770 1349 est.

514 1525 700 1585 OAPUT
728 1525 766 1584 V.

144 1643 181 1695 De
196 1645 303 1695 febrium
322 1645 466 1709 speciebus,
484 1652 508 1693 et
524 1644 683 1708 singularum
701 1641 884 1700 curationibus3
903 1650 926 1690 et
942 1644 1022 1706 primo
1040 1641 1140 1705 quando

119 1710 123 1716 ’
439 1728 509 1778 cibus
525 1729 724 1778 febricitantibus
739 1728 847 1777 dandus.
1152 1743 1176 1781 to

206 1880 286 1940 Haec
308 1882 400 1956 magis
423 1898 476 1956 per
500 1880 593 1938 omnia
613 1896 722 1955 genera
750 1879 871 1937 febrium
894 1886 1032 1955 perpetua
1058 1886 1139 1937 sunt:

143 1982 218 2023 nunc
240 1964 274 2022 ad
298 1963 427 2039 singulas
450 1979 546 2021 earum
561 1963 677 2039 species
692 1961 875 2021 descendam.
904 1961 994 2037 igitur
1010 1962 1034 2018 si
1050 1961 1140 2020 semel

141 2055 248 2107 tantum
273 2047 414 2122 accessit,
444 2046 548 2104 deinde
569 2044 669 2119 desiit,
697 2062 788 2122 eaque
814 2045 920 2104 velex
942 2046 1058 2121 inguine
1083 2045 1138 2123 (cf.

144 2127 223 2208 Apu.
238 2129 290 2202 lv,
308 2129 374 2205 55),
391 2129 438 2187 vel
456 2148 493 2187 ex
507 2127 690 2201 lassitudine,
706 2127 753 2186 vel
774 2146 811 2187 err
827 2135 925 2201 aestu,
945 2128 1037 2186 aliave
1054 2128 1139 2186 simili

139 2232 172 2272 re
189 2214 251 2285 luit,
269 2213 321 2286 sic,
339 2220 367 2269 ut
383 2213 502 2269 interior
517 2210 594 2269 nulla
607 2228 692 2269 causa
702 2218 806 2269 metum
819 2211 932 2285 fecerit,
949 2219 1067 2287 postero
1083 2212 1138 2287 die,
1150 2231 1176 2271 ao

141 2314 225 2372 quum
240 2295 539 2370 temposaccessionis
558 2295 596 2352 itu
619 2294 745 2366 transiit,
769 2303 799 2352 ιιι
817 2293 885 2352 nihil
899 2296 1034 2369 moverit,
1058 2295 1140 2354 cibus

141 2377 202 2435 dari
218 2384 324 2453 potest.
359 2376 397 2435 Αι
414 2379 438 2434 si
457 2395 494 2435 ex
511 2378 569 2435 alto
586 2377 667 2435 calor
682 2378 776 2452 venit,
792 2385 821 2435 et
835 2378 962 2452 gravitas
973 2376 1021 2435 vel
1037 2379 1141 2456 capitis

140 2460 187 2519 vel
209 2459 447 2537 praecordiorum
469 2469 588 2536 sequuta
604 2469 664 2533 est,
686 2477 779 2538 neque
804 2468 925 2537 apparet
945 2459 1011 2536 quid
1033 2476 1140 2537 corpus

142 2543 320 2609 confuderit;
350 2544 478 2619 quamvis
506 2560 587 2602 unam
613 2543 810 2601 accessionem
841 2551 960 2620 sequuta
988 2543 1141 2617 integritas

139 2630 199 2693 est:
216 2634 326 2701 tamen,
344 2626 409 2701 quia
428 2627 548 2684 tertiana
561 2626 654 2684 timeri
670 2634 775 2703 potest,
790 2625 1003 2702 exspectandus
1018 2634 1062 2683 est
1078 2626 1140 2684 dies
1150 2639 1176 2680 ss

139 2711 258 2768 tertius:
283 2717 311 2766 et
334 2707 382 2765 ubi
409 2709 588 2768 accessionis
609 2717 721 2786 tempus
743 2710 905 2786 praeteriit,
926 2707 1011 2767 cibus
1031 2708 1140 2767 dandus

141 2800 203 2867 est,
222 2791 273 2850 sed
289 2793 425 2867 exiguus;
445 2793 509 2869 quia
526 2800 662 2868 quartana
678 2808 792 2869 quoque
810 2793 902 2849 timeri
920 2800 1034 2870 potest:
1051 2801 1079 2850 et
1095 2792 1140 2850 die

141 2884 244 2952 quarto
261 2875 380 2950 demum,
396 2877 420 2933 si
436 2892 542 2952 corpus
557 2877 699 2950 integrum
715 2884 776 2950 est,
801 2893 836 2934 eo
857 2893 921 2933 cum
940 2875 1043 2933 fiducia
1060 2884 1139 2934 uteu-

142 2956 216 3017 dum.
245 2959 276 3017 Si
290 2975 360 3016 vero
375 2967 509 3035 postero,
526 2959 665 3031 tertiove,
684 2967 731 3017 aut
743 2968 843 3035 quarto
860 2958 905 3016 die
918 2968 1037 3035 sequuta
1049 2958 1139 3017 febris

141 3050 196 3116 est,
213 3043 288 3100 scire
304 3041 373 3100 licet
388 3040 516 3098 morbum
531 3058 607 3099 esse.
639 3041 695 3099 Sed
713 3044 911 3117 tertianarum,
928 3049 1138 3119 quartanarum·
1149 3056 1174 3097 ao

142 3143 207 3202 que,
224 3143 340 3202 quarum
358 3132 387 3182 et
403 3132 499 3181 certus
516 3125 679 3183 circumitus
693 3134 747 3196 est,
764 3134 793 3183 et
807 3125 870 3183 lunis
885 3127 1008 3200 integer,
1024 3134 1053 3183 ct
1067 3124 1138 3182 libe·

140 3207 241 3265 raliter
256 3208 349 3284 quieta
364 3215 494 3282 tempora
507 3217 581 3282 sont,
593 3207 756 3285 expeditior
768 3208 840 3268 ratio
853 3217 911 3266 est:
925 3208 961 3266 de
975 3209 1077 3284 quibus
1085 3223 1138 3265 suo

140 3289 209 3348 loco
225 3290 316 3348 dicam
324 3289 378 3365 (cf.
387 3306 472 3366 capp.
486 3290 522 3350 13
533 3291 626 3368 sqq.).
645 3290 728 3349 Nunc
745 3308 815 3349 vero
832 3308 882 3349 eas
896 3290 1050 3368 explicabo
1063 3308 1137 3368 quae

141 3372 268 3447 quotidie
284 3380 397 3447 urgent.
418 3371 507 3447 igitur
520 3376 604 3430 tertio
618 3389 733 3449 quoqne
748 3374 794 3431 die
810 3373 890 3432 cibus
904 3390 995 3449 aegro
1013 3389 1137 3432 commo-

147 3451 256 3513 ''ssime
269 3455 412 3531 datur(cf.
426 3453 476 3529 111,
489 3454 552 3530 13):
570 3463 599 3513 ιιι
611 3455 683 3514 alter
694 3455 804 3515 febrem
815 3458 930 3532 minuat,
943 3455 1016 3515 alter
1029 3456 1174 3515 viribusas
