2414 3924
461 186 841 287 mmmm'
1048 200 1108 263 w

116 362 218 429 uulnus
235 368 441 447 aperiendum,
457 369 559 448 idque,
577 371 653 448 quod
668 370 759 445 inest,
778 386 812 429 ea
832 385 887 446 qua
904 368 981 427 venit
996 368 1112 446 forcipe

117 452 323 513 extrahendum
339 462 393 512 est.
426 453 550 513 Accedit
564 470 636 512 vcro
650 452 757 532 aliquid
773 452 951 512 difficultatis
967 451 1020 511 sul)
1036 452 1112 511 omni

116 537 190 613 ictu,
207 537 232 595 si
247 536 336 596 telum
352 537 400 595 vel
417 539 477 596 ossi
492 537 632 614 inhaesit,
651 537 699 596 vel
722 538 751 594 in
771 535 894 596 articulo
910 554 943 595 se
964 535 1038 594 inter
1055 534 1111 595 duc

116 638 185 681 ossa
200 619 345 679 demersit.
367 619 400 680 ln
414 637 483 680 csse
500 638 593 699 usque
609 637 645 679 eo
660 618 831 680 movendum
846 628 906 696 εει,
920 619 1014 679 donec
1031 620 1111 679 laxe·

92 714 161 770 :tur
176 705 200 762 is
216 703 316 779 lucus,
336 707 383 782 qui
401 721 567 763 mucronem
582 703 748 774 momordit;
773 713 802 763 et
819 712 886 762 tunc
902 702 949 762 vel
964 720 1047 762 manu
1063 703 1111 763 vel

115 789 228 865 forcipe
244 787 331 847 telum
347 787 552 847 extrahendum
568 797 629 848 est:
650 805 723 867 quse
745 790 817 849 tutio
839 787 867 845 in
889 786 1023 846 dentibus
1040 804 1111 865 quo·

116 890 173 950 que
190 871 341 946 ejiciendis
356 881 411 931 est.
433 873 491 931 Vix
505 889 637 950 umquam
653 872 690 930 ita
708 871 795 930 telum
814 871 1029 949 consequitur:
1049 869 1112 947 sed,

116 959 140 1015 si
154 954 326 1030 morabitur,
344 956 439 1014 excuti
455 972 571 1032 qnoque
587 956 674 1014 ictum
689 953 786 1033 aliquo
802 955 979 1015 ferramento
993 955 1109 1033 poterit.

115 1039 251 1101 Ultimum
267 1048 327 1114 est,
344 1038 391 1098 uhi
408 1055 466 1097 nou
483 1039 632 1117 evellitur,
647 1038 763 1098 terebra
776 1039 860 1113 juxta
877 1039 992 1115 forare,
1009 1039 1046 1098 ab
1061 1055 1111 1099 eo·

79 1141 172 1202 reque
184 1122 341 1199 foramine,
361 1121 395 1184 sd
416 1123 546 1200 speciem
567 1121 682 1182 litterae
697 1124 734 1199 V,
757 1130 856 1182 contra
875 1122 961 1182 telum
983 1140 1016 1182 cs
1033 1123 1110 1183 exci-

115 1207 185 1267 dere
203 1208 262 1282 sic,
282 1215 310 1265 ut
324 1206 436 1282 lineae,
454 1223 528 1283 quae
545 1205 731 1282 diducuntur,
754 1206 788 1265 ad
805 1206 892 1265 telum
907 1215 1055 1285 spectent:
1074 1224 1110 1267 ec

114 1291 210 1367 facto,
234 1289 262 1349 id
283 1308 406 1350 necesse
428 1299 473 1366 est
499 1288 595 1366 labet,
619 1299 648 1349 ει
667 1289 754 1350 facile
769 1290 924 1349 auferatur.
960 1289 1039 1351 luter
1053 1290 1110 1350 duc

114 1391 186 1434 vero
203 1391 270 1434 ossa
287 1375 311 1432 si
326 1392 380 1452 per
392 1377 484 1453 ipsum
496 1373 645 1434 articulum
658 1377 832 1453 perruperit,
849 1377 926 1433 circa
941 1374 1043 1434 vulnus
1054 1375 1110 1435 duo

114 1458 242 1517 membra
261 1458 360 1518 fasciis
383 1457 540 1516 habenisve
556 1457 726 1533 deliganda,
751 1466 780 1517 et
801 1475 855 1536 per
868 1457 920 1518 lias
934 1459 962 1516 iu
978 1457 1110 1525 diversas

82 1551 213 1621 15partes
229 1540 387 1601 diducenda
406 1551 486 1617 sunt,
509 1550 540 1600 ut
563 1558 670 1600 nervos
691 1542 867 1602 distendant:
887 1541 989 1618 quihus
1011 1552 1109 1603 exten·

114 1627 168 1701 tis,
184 1625 277 1685 laxius
294 1628 368 1685 inter
382 1643 450 1685 ussa
469 1625 592 1702 spatium
614 1635 677 1702 εει,
700 1634 731 1685 ut
755 1627 817 1685 sine
839 1624 1006 1686 difficultate
1022 1626 1110 1686 telum

114 1709 280 1787 recipiatur.
303 1709 376 1769 lllud
393 1709 543 1768 videndum
559 1717 619 1783 εει,
644 1710 718 1768 sicut
735 1711 762 1768 iu
785 1709 848 1769 aliis
865 1709 939 1769 lccis
956 1711 1056 1788 posui,
1073 1729 1110 1768 rre

115 1793 178 1870 quis
198 1811 321 1868 nervus,
346 1802 393 1852 aut
411 1811 500 1868 vena,
523 1801 570 1852 aut
593 1795 697 1851 arteria
720 1809 736 1851 a
760 1793 819 1852 telo
840 1792 982 1871 laedatur,
1002 1792 1067 1853 dum
1081 1792 1110 1852 id

115 1874 288 1937 extrahitur:
305 1876 406 1936 eadem
422 1877 534 1936 scilicet
551 1877 679 1953 ratione,
701 1894 776 1953 quae
798 1895 884 1955 supra
902 1878 982 1955 (cup.
1001 1877 1037 1955 2)
1058 1895 1109 1956 pc·

78 1960 169 2018 costra
186 1968 238 2018 est.

178 2044 207 2102 5.
227 2044 267 2103 At
289 2046 313 2103 si
337 2052 480 2103 venenato
502 2062 617 2122 quoque
640 2044 699 2103 telo
726 2045 789 2122 quis
816 2045 890 2102 ictus
916 2053 978 2119 est,
1007 2044 1107 2105 iisdem

115 2126 262 2203 omnihus,
283 2129 307 2186 si
327 2129 389 2187 lieri
411 2135 523 2206 potest,
546 2129 630 2187 etiam
648 2128 828 2186 festinantius
843 2128 932 2202 actis,
949 2127 1108 2203 adjicienda

115 2212 226 2270 curatio
244 2219 305 2286 εει,
324 2228 398 2290 quae
413 2210 461 2269 vel
477 2219 567 2287 epota
582 2229 714 2287 veneno,
732 2211 778 2270 vel
794 2229 809 2270 a
828 2220 965 2288 serpente
979 2213 1044 2271 ictis
1061 2211 1108 2271 ad·

113 2293 237 2354 hibetur.
266 2294 402 2354 Vulneris
420 2303 513 2354 autem
528 2295 636 2372 ipsius,
654 2303 786 2354 extracto
801 2295 877 2370 telc,
894 2294 1034 2355 medicina
1052 2312 1109 2355 non

77 2399 104 2438 rs
115 2378 171 2438 alia
188 2387 247 2454 est,
264 2394 347 2456 quam
362 2396 436 2456 quac
452 2387 548 2453 εεεει,
568 2380 592 2437 εἰ
611 2396 738 2456 corpore
760 2381 817 2439 icto
834 2377 903 2437 nihil
920 2380 1108 2440 inhaesisset:

113 2461 150 2519 de
169 2479 225 2540 qua
241 2464 310 2521 satis
326 2463 383 2522 alic
400 2462 468 2521 loco
485 2460 650 2522 dictumest
667 2463 720 2539 (V,
737 2461 874 2541 26,·27).

471 2712 657 2772 CAPUT
690 2714 756 2772 VI.

113 2833 151 2882 De
171 2835 297 2898 gengliis,
320 2832 351 2880 de
367 2832 525 2892 meliceride,
552 2840 583 2949 εἴ)
595 2830 763 2947 uthelpcmate,
790 2839 814 2880 et
834 2839 993 2896 steatomata,
1020 2833 1109 2897 cupitis

541 2909 567 2949 tu
585 2914 684 2950 ercurs.

77 3075 103 3117 ac
174 3050 255 3110 lluec
272 3053 389 3111 evenire
405 3054 432 3110 in
448 3051 576 3129 qualibet
593 3060 673 3130 parte
691 3051 824 3128 corporis
845 3058 980 3127 possunt:
997 3048 1109 3128 reliqua

114 3135 441 3195 certassedeshabent
479 3135 523 3194 Dc
546 3135 647 3212 quibus
664 3134 773 3209 dicam,
796 3134 1037 3229 orsusacapitc.
1076 3133 1109 3192 ln

112 3219 169 3278 lrcc
187 3219 273 3278 multa
289 3220 427 3317 variaque
439 3218 587 3278 tubercula
602 3219 745 3285 criuntur:
762 3178 919 3314 pclpplcu,
936 3215 1109 3295 μελικηρί-

113 3299 189 3378 dag,
213 3291 414 3383 ἄθερώματα
442 3303 598 3369 nominant;
628 3301 749 3379 aliisque
777 3302 928 3359 etiamnum
956 3298 1108 3358 vocabulis

113 3386 253 3463 quaedam
279 3387 326 3446 alii
347 3386 527 3446 discernunt:
552 3384 654 3484 quibus
676 3401 734 3460 ego
756 3375 967 3463 στεαιώματα
992 3399 1106 3461 queque

76 3468 254 3544 ssadjiciam
288 3471 369 3545 Quae
385 3488 514 3547 quamvis
529 3470 583 3528 et
575 3487 603 3527 m
622 3471 754 3543 cervice,
778 3477 807 3527 et
828 3469 856 3526 iu
879 3468 948 3544 alis,
967 3475 996 3526 ει
1015 3465 1044 3524 in
1067 3465 1106 3502 ¹*
