<?xml version="1.0" encoding="UTF-8"?>
<!DOCTYPE html PUBLIC "-//W3C//DTD XHTML 1.0 Transitional//EN"
    "http://www.w3.org/TR/xhtml1/DTD/xhtml1-transitional.dtd">
<html xmlns="http://www.w3.org/1999/xhtml" xml:lang="en" lang="en">
 <head>
  <title>
</title>
<meta http-equiv="Content-Type" content="text/html;charset=utf-8" />
  <meta name='ocr-system' content='tesseract 3.04.00' />
  <meta name='ocr-capabilities' content='ocr_page ocr_carea ocr_par ocr_line ocrx_word'/>
</head>
<body>
  <div class='ocr_page' id='page_1' title='image "./cassiifelicisde00rosegoog_0203.png"; bbox 0 0 2414 3924; ppageno 0'>
   <div class='ocr_carea' id='block_1_1' title="bbox 534 209 776 276">
    <p class='ocr_par' dir='ltr' id='par_1_1' title="bbox 534 209 776 276">
     <span class='ocr_line' id='line_1_1' title="bbox 534 209 776 276; baseline -0.004 -1"><span class='ocrx_word' id='word_1_1' title='bbox 534 209 776 276; x_wconf 85' lang='lat'>-188—</span> 
     </span>
    </p>
   </div>
   <div class='ocr_carea' id='block_1_2' title="bbox 110 355 1169 2029">
    <p class='ocr_par' dir='ltr' id='par_1_2' title="bbox 110 355 1169 2029">
     <span class='ocr_line' id='line_1_2' title="bbox 237 355 1164 435; baseline 0.001 -15"><span class='ocrx_word' id='word_1_2' title='bbox 237 361 269 420; x_wconf 88' lang='lat' dir='ltr'><strong>in</strong></span> <span class='ocrx_word' id='word_1_3' title='bbox 296 355 501 419; x_wconf 85' lang='lat' dir='ltr'><strong>curationibus</strong></span> <span class='ocrx_word' id='word_1_4' title='bbox 528 373 600 416; x_wconf 89' lang='lat' dir='ltr'><strong>vero</strong></span> <span class='ocrx_word' id='word_1_5' title='bbox 627 372 780 435; x_wconf 85' lang='lat' dir='ltr'><strong>opopanax</strong></span> <span class='ocrx_word' id='word_1_6' title='bbox 809 363 860 416; x_wconf 91' lang='lat' dir='ltr'><strong>aut</strong></span> <span class='ocrx_word' id='word_1_7' title='bbox 883 355 980 435; x_wconf 91' lang='lat' dir='ltr'><strong>capilli</strong></span> <span class='ocrx_word' id='word_1_8' title='bbox 1003 356 1164 421; x_wconf 81' lang='lat' dir='ltr'>mulierum</span> 
     </span>
     <span class='ocr_line' id='line_1_3' title="bbox 148 440 1165 526; baseline 0 -17"><span class='ocrx_word' id='word_1_9' title='bbox 148 449 247 509; x_wconf 82' lang='lat' dir='ltr'><strong>exusti</strong></span> <span class='ocrx_word' id='word_1_10' title='bbox 273 454 325 508; x_wconf 86' lang='lat' dir='ltr'><strong>aut</strong></span> <span class='ocrx_word' id='word_1_11' title='bbox 352 463 471 526; x_wconf 86' lang='lat' dir='ltr'><strong>caprae,</strong></span> <span class='ocrx_word' id='word_1_12' title='bbox 499 451 551 505; x_wconf 94' lang='lat' dir='ltr'><strong>aut</strong></span> <span class='ocrx_word' id='word_1_13' title='bbox 577 443 627 523; x_wconf 84' lang='lat' dir='ltr'><strong>pix</strong></span> <span class='ocrx_word' id='word_1_14' title='bbox 657 440 812 505; x_wconf 88' lang='lat' dir='ltr'><strong>combusta</strong></span> <span class='ocrx_word' id='word_1_15' title='bbox 838 442 962 505; x_wconf 87' lang='lat' dir='ltr'><strong>naribus</strong></span> <span class='ocrx_word' id='word_1_16' title='bbox 990 444 1165 525; x_wconf 78' lang='lat' dir='ltr'><strong>applicetur.</strong></span> 
     </span>
     <span class='ocr_line' id='line_1_4' title="bbox 148 533 1166 616; baseline 0 -19"><span class='ocrx_word' id='word_1_17' title='bbox 148 537 286 597; x_wconf 84' lang='lat' dir='ltr'>desinent</span> <span class='ocrx_word' id='word_1_18' title='bbox 313 535 550 614; x_wconf 77' lang='lat' dir='ltr'><strong>praelocutiones</strong></span> <span class='ocrx_word' id='word_1_19' title='bbox 584 533 723 592; x_wconf 83' lang='lat' dir='ltr'><strong>matricis.</strong></span> <span class='ocrx_word' id='word_1_20' title='bbox 768 533 895 593; x_wconf 91' lang='lat' dir='ltr'><strong>inferius</strong></span> <span class='ocrx_word' id='word_1_21' title='bbox 927 551 998 594; x_wconf 83' lang='lat' dir='ltr'><strong>vero</strong></span> <span class='ocrx_word' id='word_1_22' title='bbox 1029 535 1061 594; x_wconf 93' lang='lat' dir='ltr'><strong>in</strong></span> <span class='ocrx_word' id='word_1_23' title='bbox 1090 537 1166 616; x_wconf 91' lang='lat' dir='ltr'><strong>ipsis</strong></span> 
     </span>
     <span class='ocr_line' id='line_1_5' title="bbox 148 618 1166 705; baseline -0.001 -20"><span class='ocrx_word' id='word_1_24' title='bbox 148 623 327 705; x_wconf 84' lang='lat' dir='ltr'><strong>genitalibus</strong></span> <span class='ocrx_word' id='word_1_25' title='bbox 349 622 423 683; x_wconf 92' lang='lat' dir='ltr'><strong>locis</strong></span> <span class='ocrx_word' id='word_1_26' title='bbox 447 629 499 684; x_wconf 88' lang='lat' dir='ltr'><strong>aut</strong></span> <span class='ocrx_word' id='word_1_27' title='bbox 518 618 740 700; x_wconf 78' lang='lat' dir='ltr'><strong>opobalsamum</strong></span> <span class='ocrx_word' id='word_1_28' title='bbox 763 630 815 681; x_wconf 89' lang='lat' dir='ltr'><strong>aut</strong></span> <span class='ocrx_word' id='word_1_29' title='bbox 837 620 964 682; x_wconf 93' lang='lat' dir='ltr'><strong>nardum</strong></span> <span class='ocrx_word' id='word_1_30' title='bbox 986 629 1038 682; x_wconf 88' lang='lat' dir='ltr'><strong>aut</strong></span> <span class='ocrx_word' id='word_1_31' title='bbox 1060 623 1166 684; x_wconf 89' lang='lat' dir='ltr'><strong>folium</strong></span> 
     </span>
     <span class='ocr_line' id='line_1_6' title="bbox 120 709 1165 793; baseline -0.001 -19"><span class='ocrx_word' id='word_1_32' title='bbox 120 724 293 793; x_wconf 68' lang='lat' dir='ltr'><strong>tappones,</strong></span> <span class='ocrx_word' id='word_1_33' title='bbox 316 713 405 772; x_wconf 87' lang='lat' dir='ltr'><strong>etiam</strong></span> <span class='ocrx_word' id='word_1_34' title='bbox 424 719 455 772; x_wconf 90' lang='lat' dir='ltr'><strong>et</strong></span> <span class='ocrx_word' id='word_1_35' title='bbox 473 711 585 790; x_wconf 90' lang='lat' dir='ltr'><strong>optimo</strong></span> <span class='ocrx_word' id='word_1_36' title='bbox 609 716 725 789; x_wconf 77' lang='lat' dir='ltr'><strong>styrace</strong></span> <span class='ocrx_word' id='word_1_37' title='bbox 744 709 854 770; x_wconf 86' lang='lat' dir='ltr'><strong>suffles.</strong></span> <span class='ocrx_word' id='word_1_38' title='bbox 893 712 936 771; x_wconf 91' lang='lat' dir='ltr'><strong>sic</strong></span> <span class='ocrx_word' id='word_1_39' title='bbox 958 713 1037 771; x_wconf 91' lang='lat' dir='ltr'><strong>enim</strong></span> <span class='ocrx_word' id='word_1_40' title='bbox 1056 715 1165 773; x_wconf 78' lang='lat' dir='ltr'><strong>matrix</strong></span> 
     </span>
     <span class='ocr_line' id='line_1_7' title="bbox 148 797 1167 883; baseline -0.001 -21"><span class='ocrx_word' id='word_1_41' title='bbox 148 803 260 883; x_wconf 89' lang='lat' dir='ltr'><strong>poterit</strong></span> <span class='ocrx_word' id='word_1_42' title='bbox 282 799 383 861; x_wconf 88' lang='lat' dir='ltr'><strong>fetidis</strong></span> <span class='ocrx_word' id='word_1_43' title='bbox 406 797 549 859; x_wconf 91' lang='lat' dir='ltr'><strong>odoribus</strong></span> <span class='ocrx_word' id='word_1_44' title='bbox 573 815 589 857; x_wconf 96' lang='lat' dir='ltr'><strong>a</strong></span> <span class='ocrx_word' id='word_1_45' title='bbox 613 797 818 876; x_wconf 88' lang='lat' dir='ltr'><strong>superioribus</strong></span> <span class='ocrx_word' id='word_1_46' title='bbox 842 797 878 858; x_wconf 90' lang='lat' dir='ltr'><strong>ad</strong></span> <span class='ocrx_word' id='word_1_47' title='bbox 904 799 1046 859; x_wconf 91' lang='lat' dir='ltr'><strong>inferiora</strong></span> <span class='ocrx_word' id='word_1_48' title='bbox 1068 800 1167 880; x_wconf 88' lang='lat' dir='ltr'><strong>fugari</strong></span> 
     </span>
     <span class='ocr_line' id='line_1_8' title="bbox 149 885 1166 968; baseline -0.001 -18"><span class='ocrx_word' id='word_1_49' title='bbox 149 899 180 950; x_wconf 90' lang='lat' dir='ltr'><strong>et</strong></span> <span class='ocrx_word' id='word_1_50' title='bbox 201 889 267 950; x_wconf 94' lang='lat' dir='ltr'><strong>loco</strong></span> <span class='ocrx_word' id='word_1_51' title='bbox 295 889 417 968; x_wconf 89' lang='lat' dir='ltr'><strong>proprio</strong></span> <span class='ocrx_word' id='word_1_52' title='bbox 441 889 589 967; x_wconf 86' lang='lat' dir='ltr'><strong>revocari,</strong></span> <span class='ocrx_word' id='word_1_53' title='bbox 617 903 686 946; x_wconf 90' lang='lat' dir='ltr'><strong>cum</strong></span> <span class='ocrx_word' id='word_1_54' title='bbox 709 885 882 947; x_wconf 91' lang='lat' dir='ltr'><strong>melioribus</strong></span> <span class='ocrx_word' id='word_1_55' title='bbox 910 894 940 947; x_wconf 93' lang='lat' dir='ltr'><strong>et</strong></span> <span class='ocrx_word' id='word_1_56' title='bbox 967 889 1106 949; x_wconf 90' lang='lat' dir='ltr'><strong>iucundis</strong></span> <span class='ocrx_word' id='word_1_57' title='bbox 1129 890 1166 949; x_wconf 89' lang='lat' dir='ltr'><strong>ad</strong></span> 
     </span>
     <span class='ocr_line' id='line_1_9' title="bbox 148 976 1168 1056; baseline 0.001 -18"><span class='ocrx_word' id='word_1_58' title='bbox 148 979 307 1039; x_wconf 87' lang='lat' dir='ltr'><strong>inferiores</strong></span> <span class='ocrx_word' id='word_1_59' title='bbox 337 983 439 1056; x_wconf 86' lang='lat' dir='ltr'><strong>partes</strong></span> <span class='ocrx_word' id='word_1_60' title='bbox 469 976 561 1036; x_wconf 92' lang='lat' dir='ltr'><strong>fucrit</strong></span> <span class='ocrx_word' id='word_1_61' title='bbox 589 976 711 1035; x_wconf 84' lang='lat' dir='ltr'><strong>inritata</strong></span> <span class='ocrx_word' id='word_1_62' title='bbox 742 981 772 1035; x_wconf 90' lang='lat' dir='ltr'><strong>et</strong></span> <span class='ocrx_word' id='word_1_63' title='bbox 800 983 967 1055; x_wconf 87' lang='lat' dir='ltr'><strong>provocata.</strong></span> <span class='ocrx_word' id='word_1_64' title='bbox 1014 979 1104 1038; x_wconf 81' lang='lat' dir='ltr'><strong>etiam</strong></span> <span class='ocrx_word' id='word_1_65' title='bbox 1136 986 1168 1039; x_wconf 91' lang='lat' dir='ltr'><strong>et</strong></span> 
     </span>
     <span class='ocr_line' id='line_1_10' title="bbox 150 1059 1167 1147; baseline -0.001 -20"><span class='ocrx_word' id='word_1_66' title='bbox 150 1064 322 1127; x_wconf 84' lang='lat' dir='ltr'><strong>cucurbitas</strong></span> <span class='ocrx_word' id='word_1_67' title='bbox 349 1065 433 1125; x_wconf 86' lang='lat' dir='ltr'><strong>cuias</strong></span> <span class='ocrx_word' id='word_1_68' title='bbox 456 1059 507 1144; x_wconf 86' lang='lat' dir='ltr'><strong>&lt;id</strong></span> <span class='ocrx_word' id='word_1_69' title='bbox 536 1072 582 1124; x_wconf 88' lang='lat' dir='ltr'><strong>est</strong></span> <span class='ocrx_word' id='word_1_70' title='bbox 608 1059 688 1143; x_wconf 84' lang='lat' dir='ltr'><strong>levi&gt;</strong></span> <span class='ocrx_word' id='word_1_71' title='bbox 711 1080 780 1123; x_wconf 93' lang='lat' dir='ltr'><strong>cum</strong></span> <span class='ocrx_word' id='word_1_72' title='bbox 803 1065 988 1143; x_wconf 90' lang='lat' dir='ltr'><strong>appositione</strong></span> <span class='ocrx_word' id='word_1_73' title='bbox 1012 1083 1029 1126; x_wconf 88' lang='lat' dir='ltr'><strong>a</strong></span> <span class='ocrx_word' id='word_1_74' title='bbox 1052 1069 1167 1147; x_wconf 92' lang='lat' dir='ltr'><strong>superi·</strong></span> 
     </span>
     <span class='ocr_line' id='line_1_11' title="bbox 110 1149 1027 1234; baseline 0.007 -26"><span class='ocrx_word' id='word_1_75' title='bbox 110 1167 137 1208; x_wconf 85' lang='lat' dir='ltr'><strong>ro</strong></span> <span class='ocrx_word' id='word_1_76' title='bbox 151 1153 254 1215; x_wconf 90' lang='lat' dir='ltr'><strong>oribus</strong></span> <span class='ocrx_word' id='word_1_77' title='bbox 276 1152 411 1234; x_wconf 90' lang='lat' dir='ltr'><strong>partibus</strong></span> <span class='ocrx_word' id='word_1_78' title='bbox 435 1170 530 1232; x_wconf 87' lang='lat' dir='ltr'><strong>usque</strong></span> <span class='ocrx_word' id='word_1_79' title='bbox 554 1150 590 1211; x_wconf 98' lang='lat' dir='ltr'><strong>ad</strong></span> <span class='ocrx_word' id='word_1_80' title='bbox 614 1153 735 1231; x_wconf 81' lang='lat' dir='ltr'><strong>inguina</strong></span> <span class='ocrx_word' id='word_1_81' title='bbox 758 1149 864 1212; x_wconf 85' lang='lat' dir='ltr'><strong>blande</strong></span> <span class='ocrx_word' id='word_1_82' title='bbox 887 1151 1027 1214; x_wconf 88' lang='lat' dir='ltr'><strong>deduces.</strong></span> 
     </span>
     <span class='ocr_line' id='line_1_12' title="bbox 240 1237 1169 1321; baseline 0.001 -19"><span class='ocrx_word' id='word_1_83' title='bbox 240 1241 328 1303; x_wconf 84' lang='lat' dir='ltr'><strong>aliud.</strong></span> <span class='ocrx_word' id='word_1_84' title='bbox 366 1241 477 1303; x_wconf 92' lang='lat' dir='ltr'><strong>cumini</strong></span> <span class='ocrx_word' id='word_1_85' title='bbox 496 1240 649 1301; x_wconf 77' lang='lat' dir='ltr'><strong>torrefacti</strong></span> <span class='ocrx_word' id='word_1_86' title='bbox 668 1237 847 1300; x_wconf 87' lang='lat' dir='ltr'><strong>coclearium</strong></span> <span class='ocrx_word' id='word_1_87' title='bbox 870 1240 883 1300; x_wconf 97' lang='lat' dir='ltr'><strong>l</strong></span> <span class='ocrx_word' id='word_1_88' title='bbox 906 1239 1064 1321; x_wconf 79' lang='lat' dir='ltr'><strong>diligenter</strong></span> <span class='ocrx_word' id='word_1_89' title='bbox 1087 1250 1169 1303; x_wconf 89' lang='lat' dir='ltr'><strong>teres</strong></span> 
     </span>
     <span class='ocr_line' id='line_1_13' title="bbox 151 1325 761 1392; baseline -0.003 -2"><span class='ocrx_word' id='word_1_90' title='bbox 151 1338 181 1392; x_wconf 92' lang='lat' dir='ltr'><strong>et</strong></span> <span class='ocrx_word' id='word_1_91' title='bbox 205 1348 274 1391; x_wconf 90' lang='lat' dir='ltr'><strong>cum</strong></span> <span class='ocrx_word' id='word_1_92' title='bbox 296 1331 364 1390; x_wconf 83' lang='lat' dir='ltr'><strong>vino</strong></span> <span class='ocrx_word' id='word_1_93' title='bbox 387 1331 514 1390; x_wconf 82' lang='lat' dir='ltr'><strong>mixtum</strong></span> <span class='ocrx_word' id='word_1_94' title='bbox 537 1329 646 1389; x_wconf 91' lang='lat' dir='ltr'><strong>ieiunis</strong></span> <span class='ocrx_word' id='word_1_95' title='bbox 669 1325 761 1388; x_wconf 87' lang='lat' dir='ltr'><strong>dabis.</strong></span> 
     </span>
     <span class='ocr_line' id='line_1_14' title="bbox 240 1415 1169 1499; baseline 0.001 -21"><span class='ocrx_word' id='word_1_96' title='bbox 240 1417 327 1479; x_wconf 92' lang='lat' dir='ltr'><strong>aliud.</strong></span> <span class='ocrx_word' id='word_1_97' title='bbox 364 1416 537 1499; x_wconf 87' lang='lat' dir='ltr'><strong>vulpeculae</strong></span> <span class='ocrx_word' id='word_1_98' title='bbox 558 1415 648 1496; x_wconf 90' lang='lat' dir='ltr'><strong>adeps</strong></span> <span class='ocrx_word' id='word_1_99' title='bbox 667 1423 719 1476; x_wconf 92' lang='lat' dir='ltr'><strong>aut</strong></span> <span class='ocrx_word' id='word_1_100' title='bbox 737 1433 842 1495; x_wconf 91' lang='lat' dir='ltr'><strong>caprae</strong></span> <span class='ocrx_word' id='word_1_101' title='bbox 862 1434 931 1477; x_wconf 91' lang='lat' dir='ltr'><strong>cum</strong></span> <span class='ocrx_word' id='word_1_102' title='bbox 949 1417 1066 1478; x_wconf 90' lang='lat' dir='ltr'><strong>modico</strong></span> <span class='ocrx_word' id='word_1_103' title='bbox 1089 1417 1169 1479; x_wconf 91' lang='lat' dir='ltr'><strong>bitu-</strong></span> 
     </span>
     <span class='ocr_line' id='line_1_15' title="bbox 150 1505 1169 1587; baseline 0.001 -21"><span class='ocrx_word' id='word_1_104' title='bbox 150 1508 231 1568; x_wconf 91' lang='lat' dir='ltr'><strong>mine</strong></span> <span class='ocrx_word' id='word_1_105' title='bbox 254 1507 344 1569; x_wconf 91' lang='lat' dir='ltr'><strong>tritus</strong></span> <span class='ocrx_word' id='word_1_106' title='bbox 368 1509 452 1568; x_wconf 92' lang='lat' dir='ltr'><strong>etin</strong></span> <span class='ocrx_word' id='word_1_107' title='bbox 474 1522 563 1587; x_wconf 88' lang='lat' dir='ltr'><strong>passo</strong></span> <span class='ocrx_word' id='word_1_108' title='bbox 587 1505 740 1585; x_wconf 88' lang='lat' dir='ltr'><strong>appositus</strong></span> <span class='ocrx_word' id='word_1_109' title='bbox 763 1505 1015 1585; x_wconf 87' lang='lat' dir='ltr'><strong>praefocationem</strong></span> <span class='ocrx_word' id='word_1_110' title='bbox 1035 1509 1169 1568; x_wconf 92' lang='lat' dir='ltr'><strong>matricis</strong></span> 
     </span>
     <span class='ocr_line' id='line_1_16' title="bbox 111 1597 274 1676; baseline 0 -21"><span class='ocrx_word' id='word_1_111' title='bbox 111 1608 137 1648; x_wconf 84' lang='lat'><strong>1⁵</strong></span> <span class='ocrx_word' id='word_1_112' title='bbox 151 1597 274 1676; x_wconf 88' lang='lat' dir='ltr'><strong>mitigat.</strong></span> 
     </span>
     <span class='ocr_line' id='line_1_17' title="bbox 241 1680 1169 1762; baseline 0 -19"><span class='ocrx_word' id='word_1_113' title='bbox 241 1684 389 1744; x_wconf 92' lang='lat' dir='ltr'><strong>trociscus</strong></span> <span class='ocrx_word' id='word_1_114' title='bbox 416 1684 625 1762; x_wconf 82' lang='lat' dir='ltr'><strong>ypocapnistos</strong></span> <span class='ocrx_word' id='word_1_115' title='bbox 651 1680 683 1742; x_wconf 92' lang='lat' dir='ltr'><strong>id</strong></span> <span class='ocrx_word' id='word_1_116' title='bbox 706 1689 753 1742; x_wconf 91' lang='lat' dir='ltr'><strong>est</strong></span> <span class='ocrx_word' id='word_1_117' title='bbox 780 1682 1032 1761; x_wconf 84' lang='lat' dir='ltr'><strong>suffumigatorius</strong></span> <span class='ocrx_word' id='word_1_118' title='bbox 1056 1682 1169 1743; x_wconf 86' lang='lat' dir='ltr'><strong>faciens</strong></span> 
     </span>
     <span class='ocr_line' id='line_1_18' title="bbox 151 1768 1168 1833; baseline -0.002 0"><span class='ocrx_word' id='word_1_119' title='bbox 151 1773 187 1833; x_wconf 91' lang='lat' dir='ltr'><strong>ad</strong></span> <span class='ocrx_word' id='word_1_120' title='bbox 219 1778 373 1833; x_wconf 88' lang='lat' dir='ltr'><strong>menstrua</strong></span> <span class='ocrx_word' id='word_1_121' title='bbox 404 1769 578 1832; x_wconf 90' lang='lat' dir='ltr'><strong>deducenda</strong></span> <span class='ocrx_word' id='word_1_122' title='bbox 611 1777 642 1830; x_wconf 92' lang='lat' dir='ltr'><strong>et</strong></span> <span class='ocrx_word' id='word_1_123' title='bbox 673 1768 710 1829; x_wconf 92' lang='lat' dir='ltr'><strong>ad</strong></span> <span class='ocrx_word' id='word_1_124' title='bbox 742 1773 875 1831; x_wconf 90' lang='lat' dir='ltr'><strong>matricis</strong></span> <span class='ocrx_word' id='word_1_125' title='bbox 902 1769 1078 1830; x_wconf 90' lang='lat' dir='ltr'><strong>adscensum</strong></span> <span class='ocrx_word' id='word_1_126' title='bbox 1106 1772 1168 1831; x_wconf 91' lang='lat' dir='ltr'><strong>sive</strong></span> 
     </span>
     <span class='ocr_line' id='line_1_19' title="bbox 152 1856 1169 1941; baseline -0.005 -18"><span class='ocrx_word' id='word_1_127' title='bbox 152 1877 316 1941; x_wconf 90' lang='lat' dir='ltr'><strong>supernum</strong></span> <span class='ocrx_word' id='word_1_128' title='bbox 335 1877 502 1940; x_wconf 83' lang='lat' dir='ltr'><strong>recursum,</strong></span> <span class='ocrx_word' id='word_1_129' title='bbox 521 1876 610 1937; x_wconf 93' lang='lat' dir='ltr'><strong>quem</strong></span> <span class='ocrx_word' id='word_1_130' title='bbox 630 1856 736 1919; x_wconf 89' lang='lat' dir='ltr'><strong>Graeci</strong></span> <span class='ocrx_word' id='word_1_131' title='bbox 753 1859 933 1920; x_wconf 86' lang='lat' dir='ltr'><strong>anadromen</strong></span> <span class='ocrx_word' id='word_1_132' title='bbox 952 1857 1064 1939; x_wconf 85' lang='lat' dir='ltr'><strong>dicunt,</strong></span> <span class='ocrx_word' id='word_1_133' title='bbox 1083 1865 1113 1918; x_wconf 91' lang='lat' dir='ltr'><strong>et</strong></span> <span class='ocrx_word' id='word_1_134' title='bbox 1132 1859 1169 1919; x_wconf 91' lang='lat' dir='ltr'><strong>ad</strong></span> 
     </span>
     <span class='ocr_line' id='line_1_20' title="bbox 151 1946 1168 2029; baseline -0.002 -20"><span class='ocrx_word' id='word_1_135' title='bbox 151 1950 402 2029; x_wconf 87' lang='lat' dir='ltr'><strong>praefocationem</strong></span> <span class='ocrx_word' id='word_1_136' title='bbox 429 1949 562 2008; x_wconf 89' lang='lat' dir='ltr'><strong>matricis</strong></span> <span class='ocrx_word' id='word_1_137' title='bbox 590 1948 702 2026; x_wconf 90' lang='lat' dir='ltr'><strong>optime</strong></span> <span class='ocrx_word' id='word_1_138' title='bbox 730 1947 850 2009; x_wconf 87' lang='lat' dir='ltr'><strong>faciens.</strong></span> <span class='ocrx_word' id='word_1_139' title='bbox 891 1949 998 2026; x_wconf 90' lang='lat' dir='ltr'><strong>recipit</strong></span> <span class='ocrx_word' id='word_1_140' title='bbox 1026 1946 1168 2008; x_wconf 89' lang='lat' dir='ltr'><strong>dictamni</strong></span> 
     </span>
    </p>
   </div>
   <div class='ocr_carea' id='block_1_3' title="bbox 113 2034 1168 2119">
    <p class='ocr_par' dir='ltr' id='par_1_3' title="bbox 113 2034 1168 2119">
     <span class='ocr_line' id='line_1_21' title="bbox 113 2034 1168 2119; baseline -0.003 -21"><span class='ocrx_word' id='word_1_141' title='bbox 113 2040 271 2119; x_wconf 75' lang='lat' dir='ltr'><strong>moretiel,</strong></span> <span class='ocrx_word' id='word_1_142' title='bbox 295 2037 476 2119; x_wconf 86' lang='lat' dir='ltr'><strong>artemisiae,</strong></span> <span class='ocrx_word' id='word_1_143' title='bbox 499 2037 655 2117; x_wconf 81' lang='lat' dir='ltr'><strong>paeoniae,</strong></span> <span class='ocrx_word' id='word_1_144' title='bbox 682 2034 789 2115; x_wconf 91' lang='lat' dir='ltr'><strong>lapidis</strong></span> <span class='ocrx_word' id='word_1_145' title='bbox 812 2038 940 2118; x_wconf 83' lang='lat' dir='ltr'><strong>gagatis,</strong></span> <span class='ocrx_word' id='word_1_146' title='bbox 963 2035 1168 2096; x_wconf 88' lang='lat' dir='ltr'><strong>aristolochiae</strong></span> 
     </span>
    </p>
   </div>
   <div class='ocr_carea' id='block_1_4' title="bbox 131 2309 1170 3532">
    <p class='ocr_par' dir='ltr' id='par_1_4' title="bbox 131 2309 1170 3532">
     <span class='ocr_line' id='line_1_22' title="bbox 225 2309 1170 2381; baseline 0 -15"><span class='ocrx_word' id='word_1_147' title='bbox 225 2320 239 2366; x_wconf 87' lang='grc'>1</span> <span class='ocrx_word' id='word_1_148' title='bbox 260 2318 296 2368; x_wconf 82' lang='lat' dir='ltr'><strong>air</strong></span> <span class='ocrx_word' id='word_1_149' title='bbox 319 2328 402 2381; x_wconf 88' lang='lat' dir='ltr'><strong>capre</strong></span> <span class='ocrx_word' id='word_1_150' title='bbox 427 2319 444 2365; x_wconf 80' lang='lat' dir='ltr'><strong>a</strong></span> <span class='ocrx_word' id='word_1_151' title='bbox 466 2311 520 2381; x_wconf 83' lang='lat' dir='ltr'><strong>prc&#39;</strong></span> <span class='ocrx_word' id='word_1_152' title='bbox 544 2310 685 2366; x_wconf 80' lang='lat' dir='ltr'><strong>combusti</strong></span> <span class='ocrx_word' id='word_1_153' title='bbox 707 2327 735 2377; x_wconf 88' lang='lat' dir='ltr'><strong>c,</strong></span> <span class='ocrx_word' id='word_1_154' title='bbox 758 2317 776 2366; x_wconf 73' lang='lat' dir='ltr'><strong>t</strong></span> <span class='ocrx_word' id='word_1_155' title='bbox 802 2315 854 2379; x_wconf 71' lang='lat' dir='ltr'><strong>cap</strong></span> <span class='ocrx_word' id='word_1_156' title='bbox 880 2309 967 2379; x_wconf 76' lang='lat' dir='ltr'><strong>apicis</strong></span> <span class='ocrx_word' id='word_1_157' title='bbox 988 2312 1170 2381; x_wconf 78' lang='lat' dir='ltr'><strong>combustep</strong></span> 
     </span>
     <span class='ocr_line' id='line_1_23' title="bbox 152 2381 1168 2465; baseline -0.002 -27"><span class='ocrx_word' id='word_1_158' title='bbox 152 2384 200 2451; x_wconf 75' lang='lat' dir='ltr'><strong>(cf.</strong></span> <span class='ocrx_word' id='word_1_159' title='bbox 220 2383 283 2439; x_wconf 79' lang='lat' dir='ltr'><strong>Gai.</strong></span> <span class='ocrx_word' id='word_1_160' title='bbox 304 2382 411 2450; x_wconf 89' lang='lat' dir='ltr'><strong><em>XIII,</em></strong></span> <span class='ocrx_word' id='word_1_161' title='bbox 430 2387 497 2438; x_wconf 80' lang='lat'><strong><em>320.</em></strong></span> <span class='ocrx_word' id='word_1_162' title='bbox 529 2383 590 2437; x_wconf 81' lang='lat' dir='ltr'><strong>Aet.</strong></span> <span class='ocrx_word' id='word_1_163' title='bbox 609 2387 661 2449; x_wconf 79' lang='lat'><strong>12,</strong></span> <span class='ocrx_word' id='word_1_164' title='bbox 680 2385 718 2436; x_wconf 85' lang='lat'><strong>68</strong></span> <span class='ocrx_word' id='word_1_165' title='bbox 740 2397 770 2450; x_wconf 80' lang='lat' dir='ltr'><strong>p.</strong></span> <span class='ocrx_word' id='word_1_166' title='bbox 790 2385 853 2436; x_wconf 85' lang='grc'><strong><em>997.</em></strong></span> <span class='ocrx_word' id='word_1_167' title='bbox 889 2381 941 2434; x_wconf 71' lang='lat' dir='ltr'><strong>Ta.</strong></span> <span class='ocrx_word' id='word_1_168' title='bbox 957 2381 1045 2437; x_wconf 69' lang='lat' dir='ltr'><strong>Iliae.</strong></span> <span class='ocrx_word' id='word_1_169' title='bbox 1060 2399 1124 2465; x_wconf 73' lang='lat' dir='ltr'><strong>pyu.</strong></span> <span class='ocrx_word' id='word_1_170' title='bbox 1139 2389 1168 2438; x_wconf 80' lang='lat'><strong>2.</strong></span> 
     </span>
     <span class='ocr_line' id='line_1_24' title="bbox 153 2451 1168 2522; baseline -0.003 -13"><span class='ocrx_word' id='word_1_171' title='bbox 153 2460 249 2509; x_wconf 82' lang='lat' dir='ltr'><strong>contro</strong></span> <span class='ocrx_word' id='word_1_172' title='bbox 268 2455 392 2522; x_wconf 80' lang='lat' dir='ltr'><strong>disputat</strong></span> <span class='ocrx_word' id='word_1_173' title='bbox 410 2453 536 2508; x_wconf 77' lang='lat' dir='ltr'><strong>Soranus</strong></span> <span class='ocrx_word' id='word_1_174' title='bbox 549 2470 580 2522; x_wconf 77' lang='lat' dir='ltr'><strong>p.</strong></span> <span class='ocrx_word' id='word_1_175' title='bbox 599 2454 680 2520; x_wconf 81' lang='lat'><strong><em>256).</em></strong></span> <span class='ocrx_word' id='word_1_176' title='bbox 788 2458 804 2506; x_wconf 77' lang='lat'>2</span> <span class='ocrx_word' id='word_1_177' title='bbox 823 2451 938 2506; x_wconf 88' lang='lat' dir='ltr'><strong>naribus</strong></span> <span class='ocrx_word' id='word_1_178' title='bbox 956 2468 983 2506; x_wconf 90' lang='lat' dir='ltr'><strong>c:</strong></span> <span class='ocrx_word' id='word_1_179' title='bbox 1010 2452 1122 2507; x_wconf 76' lang='lat' dir='ltr'><strong>auribus</strong></span> <span class='ocrx_word' id='word_1_180' title='bbox 1137 2471 1168 2522; x_wconf 76' lang='lat' dir='ltr'><strong>p.</strong></span> 
     </span>
     <span class='ocr_line' id='line_1_25' title="bbox 153 2521 1169 2595; baseline -0.001 -16"><span class='ocrx_word' id='word_1_181' title='bbox 153 2525 297 2595; x_wconf 83' lang='lat' dir='ltr'><strong>applicato</strong></span> <span class='ocrx_word' id='word_1_182' title='bbox 316 2540 343 2589; x_wconf 87' lang='lat' dir='ltr'><strong>c,</strong></span> <span class='ocrx_word' id='word_1_183' title='bbox 362 2524 487 2593; x_wconf 86' lang='lat' dir='ltr'><strong>aplicata</strong></span> <span class='ocrx_word' id='word_1_184' title='bbox 499 2541 530 2593; x_wconf 72' lang='lat' dir='ltr'><strong>p</strong></span> <span class='ocrx_word' id='word_1_185' title='bbox 620 2521 788 2578; x_wconf 80' lang='lat' dir='ltr'><strong>3desinunt</strong></span> <span class='ocrx_word' id='word_1_186' title='bbox 800 2538 836 2591; x_wconf 79' lang='lat' dir='ltr'><strong>p,</strong></span> <span class='ocrx_word' id='word_1_187' title='bbox 860 2522 970 2576; x_wconf 79' lang='lat' dir='ltr'><strong>desmn‘t</strong></span> <span class='ocrx_word' id='word_1_188' title='bbox 989 2539 1011 2578; x_wconf 83' lang='lat' dir='ltr'><strong>c.</strong></span> <span class='ocrx_word' id='word_1_189' title='bbox 1100 2541 1169 2579; x_wconf 86' lang='lat' dir='ltr'><strong>vero</strong></span> 
     </span>
     <span class='ocr_line' id='line_1_26' title="bbox 153 2592 1168 2664; baseline 0.001 -14"><span class='ocrx_word' id='word_1_190' title='bbox 153 2612 203 2650; x_wconf 84' lang='lat' dir='ltr'><strong>om.</strong></span> <span class='ocrx_word' id='word_1_191' title='bbox 223 2612 245 2651; x_wconf 89' lang='lat' dir='ltr'><strong>c.</strong></span> <span class='ocrx_word' id='word_1_192' title='bbox 354 2601 371 2648; x_wconf 82' lang='lat'>4</span> <span class='ocrx_word' id='word_1_193' title='bbox 390 2595 440 2650; x_wconf 86' lang='lat' dir='ltr'><strong>aut</strong></span> <span class='ocrx_word' id='word_1_194' title='bbox 458 2611 484 2650; x_wconf 88' lang='lat' dir='ltr'><strong>c:</strong></span> <span class='ocrx_word' id='word_1_195' title='bbox 504 2593 628 2650; x_wconf 86' lang='lat' dir='ltr'><strong>matricis</strong></span> <span class='ocrx_word' id='word_1_196' title='bbox 642 2610 673 2664; x_wconf 81' lang='lat' dir='ltr'><strong>p.</strong></span> <span class='ocrx_word' id='word_1_197' title='bbox 777 2594 917 2648; x_wconf 80' lang='lat' dir='ltr'><strong>bstorace</strong></span> <span class='ocrx_word' id='word_1_198' title='bbox 931 2609 967 2661; x_wconf 82' lang='lat' dir='ltr'><strong>p,</strong></span> <span class='ocrx_word' id='word_1_199' title='bbox 989 2592 1127 2647; x_wconf 73' lang='lat' dir='ltr'><strong>senecam</strong></span> <span class='ocrx_word' id='word_1_200' title='bbox 1147 2613 1168 2650; x_wconf 89' lang='lat' dir='ltr'><strong>c.</strong></span> 
     </span>
     <span class='ocr_line' id='line_1_27' title="bbox 153 2663 1169 2735; baseline 0 -15"><span class='ocrx_word' id='word_1_201' title='bbox 153 2666 230 2721; x_wconf 89' lang='lat' dir='ltr'><strong>suffis</strong></span> <span class='ocrx_word' id='word_1_202' title='bbox 240 2682 273 2735; x_wconf 76' lang='lat' dir='ltr'><strong>p,</strong></span> <span class='ocrx_word' id='word_1_203' title='bbox 287 2664 356 2720; x_wconf 87' lang='lat' dir='ltr'><strong>fusis</strong></span> <span class='ocrx_word' id='word_1_204' title='bbox 370 2682 392 2720; x_wconf 90' lang='lat' dir='ltr'><strong>c.</strong></span> <span class='ocrx_word' id='word_1_205' title='bbox 465 2684 487 2720; x_wconf 92' lang='lat' dir='ltr'><strong>s.</strong></span> <span class='ocrx_word' id='word_1_206' title='bbox 502 2682 525 2720; x_wconf 92' lang='lat' dir='ltr'><strong>e.</strong></span> <span class='ocrx_word' id='word_1_207' title='bbox 540 2667 600 2734; x_wconf 88' lang='lat' dir='ltr'><strong>pot.</strong></span> <span class='ocrx_word' id='word_1_208' title='bbox 614 2663 717 2720; x_wconf 82' lang='lat' dir='ltr'><strong>matrix</strong></span> <span class='ocrx_word' id='word_1_209' title='bbox 730 2680 762 2734; x_wconf 76' lang='lat' dir='ltr'><strong>p.</strong></span> <span class='ocrx_word' id='word_1_210' title='bbox 836 2663 979 2734; x_wconf 79' lang='lat' dir='ltr'><strong>iproprio</strong></span> <span class='ocrx_word' id='word_1_211' title='bbox 993 2679 1019 2718; x_wconf 87' lang='lat' dir='ltr'><strong>e:</strong></span> <span class='ocrx_word' id='word_1_212' title='bbox 1033 2663 1125 2732; x_wconf 89' lang='lat' dir='ltr'><strong>primo</strong></span> <span class='ocrx_word' id='word_1_213' title='bbox 1137 2683 1169 2734; x_wconf 80' lang='lat' dir='ltr'><strong>p.</strong></span> 
     </span>
     <span class='ocr_line' id='line_1_28' title="bbox 153 2736 1169 2806; baseline 0 -16"><span class='ocrx_word' id='word_1_214' title='bbox 153 2736 280 2791; x_wconf 90' lang='lat' dir='ltr'><strong>iocundis</strong></span> <span class='ocrx_word' id='word_1_215' title='bbox 299 2752 340 2806; x_wconf 80' lang='lat' dir='ltr'><strong>cp.</strong></span> <span class='ocrx_word' id='word_1_216' title='bbox 426 2738 558 2806; x_wconf 86' lang='lat' dir='ltr'><strong>8partes</strong></span> <span class='ocrx_word' id='word_1_217' title='bbox 576 2752 626 2791; x_wconf 85' lang='lat' dir='ltr'><strong>om.</strong></span> <span class='ocrx_word' id='word_1_218' title='bbox 646 2751 669 2790; x_wconf 90' lang='lat' dir='ltr'><strong>e.</strong></span> <span class='ocrx_word' id='word_1_219' title='bbox 754 2737 860 2790; x_wconf 77' lang='lat' dir='ltr'><strong>inarata</strong></span> <span class='ocrx_word' id='word_1_220' title='bbox 873 2752 909 2804; x_wconf 77' lang='lat' dir='ltr'><strong>p,</strong></span> <span class='ocrx_word' id='word_1_221' title='bbox 930 2736 1022 2789; x_wconf 74' lang='lat' dir='ltr'><strong>iuncta</strong></span> <span class='ocrx_word' id='word_1_222' title='bbox 1044 2750 1066 2789; x_wconf 88' lang='lat' dir='ltr'><strong>c.</strong></span> <span class='ocrx_word' id='word_1_223' title='bbox 1153 2743 1169 2790; x_wconf 84' lang='lat'>9</span> 
     </span>
     <span class='ocr_line' id='line_1_29' title="bbox 153 2805 1169 2877; baseline -0.003 -15"><span class='ocrx_word' id='word_1_224' title='bbox 153 2807 312 2863; x_wconf 87' lang='lat' dir='ltr'><strong>cucurbitas</strong></span> <span class='ocrx_word' id='word_1_225' title='bbox 336 2807 424 2876; x_wconf 78' lang='lat' dir='ltr'><strong>(cusas</strong></span> <span class='ocrx_word' id='word_1_226' title='bbox 443 2809 507 2862; x_wconf 83' lang='lat' dir='ltr'><strong>add.</strong></span> <span class='ocrx_word' id='word_1_227' title='bbox 527 2809 551 2876; x_wconf 90' lang='lat' dir='ltr'><strong>c)</strong></span> <span class='ocrx_word' id='word_1_228' title='bbox 576 2824 639 2861; x_wconf 89' lang='lat' dir='ltr'><strong>cum</strong></span> <span class='ocrx_word' id='word_1_229' title='bbox 658 2806 834 2877; x_wconf 86' lang='lat' dir='ltr'><strong>appositione</strong></span> <span class='ocrx_word' id='word_1_230' title='bbox 857 2822 898 2874; x_wconf 79' lang='lat' dir='ltr'><strong>cp.</strong></span> <span class='ocrx_word' id='word_1_231' title='bbox 1009 2810 1043 2859; x_wconf 90' lang='lat'><strong>10</strong></span> <span class='ocrx_word' id='word_1_232' title='bbox 1065 2805 1169 2860; x_wconf 80' lang='lat' dir='ltr'><strong>blande</strong></span> 
     </span>
     <span class='ocr_line' id='line_1_30' title="bbox 153 2876 1169 2946; baseline -0.002 -14"><span class='ocrx_word' id='word_1_233' title='bbox 153 2878 231 2933; x_wconf 87' lang='lat' dir='ltr'><strong>ducis</strong></span> <span class='ocrx_word' id='word_1_234' title='bbox 251 2896 285 2946; x_wconf 85' lang='lat' dir='ltr'><strong>p,</strong></span> <span class='ocrx_word' id='word_1_235' title='bbox 308 2877 372 2933; x_wconf 91' lang='lat' dir='ltr'><strong>albe</strong></span> <span class='ocrx_word' id='word_1_236' title='bbox 395 2878 498 2933; x_wconf 77' lang='lat' dir='ltr'><strong>blande</strong></span> <span class='ocrx_word' id='word_1_237' title='bbox 521 2877 628 2932; x_wconf 87' lang='lat' dir='ltr'><strong>delucis</strong></span> <span class='ocrx_word' id='word_1_238' title='bbox 652 2893 673 2933; x_wconf 86' lang='lat' dir='ltr'><strong>e.</strong></span> <span class='ocrx_word' id='word_1_239' title='bbox 755 2876 1060 2932; x_wconf 62' lang='lat' dir='ltr'><strong>transactione.</strong></span> <span class='ocrx_word' id='word_1_240' title='bbox 1136 2883 1169 2930; x_wconf 80' lang='lat'><strong>12</strong></span> 
     </span>
     <span class='ocr_line' id='line_1_31' title="bbox 154 2947 1169 3018; baseline -0.004 -15"><span class='ocrx_word' id='word_1_241' title='bbox 154 2954 189 3003; x_wconf 79' lang='lat' dir='ltr'><strong>cu</strong></span> <span class='ocrx_word' id='word_1_242' title='bbox 203 2966 229 3004; x_wconf 84' lang='lat' dir='ltr'><strong>c:</strong></span> <span class='ocrx_word' id='word_1_243' title='bbox 248 2965 299 3004; x_wconf 88' lang='lat' dir='ltr'><strong>om.</strong></span> <span class='ocrx_word' id='word_1_244' title='bbox 309 2966 340 3018; x_wconf 80' lang='lat' dir='ltr'><strong>p.</strong></span> <span class='ocrx_word' id='word_1_245' title='bbox 423 2948 512 3004; x_wconf 87' lang='lat' dir='ltr'><strong>mixto</strong></span> <span class='ocrx_word' id='word_1_246' title='bbox 525 2964 567 3018; x_wconf 74' lang='lat' dir='ltr'><strong>cp.</strong></span> <span class='ocrx_word' id='word_1_247' title='bbox 648 2948 756 3003; x_wconf 87' lang='lat' dir='ltr'><strong>ieiunos</strong></span> <span class='ocrx_word' id='word_1_248' title='bbox 775 2948 856 3003; x_wconf 86' lang='lat' dir='ltr'><strong>dabis</strong></span> <span class='ocrx_word' id='word_1_249' title='bbox 882 2965 909 3016; x_wconf 92' lang='lat' dir='ltr'><strong>c,</strong></span> <span class='ocrx_word' id='word_1_250' title='bbox 934 2947 1061 3002; x_wconf 87' lang='lat' dir='ltr'><strong>ieiunans</strong></span> <span class='ocrx_word' id='word_1_251' title='bbox 1086 2949 1169 3015; x_wconf 88' lang='lat' dir='ltr'><strong>pota-</strong></span> 
     </span>
     <span class='ocr_line' id='line_1_32' title="bbox 153 3028 1169 3117; baseline -0.001 -25"><span class='ocrx_word' id='word_1_252' title='bbox 153 3037 196 3092; x_wconf 87' lang='lat' dir='ltr'><strong>bis</strong></span> <span class='ocrx_word' id='word_1_253' title='bbox 210 3056 241 3108; x_wconf 83' lang='lat' dir='ltr'><strong>p.</strong></span> <span class='ocrx_word' id='word_1_254' title='bbox 316 3044 348 3092; x_wconf 89' lang='grc'><strong>13</strong></span> <span class='ocrx_word' id='word_1_255' title='bbox 369 3037 521 3105; x_wconf 81' lang='lat' dir='ltr'><strong>adipem..</strong></span> <span class='ocrx_word' id='word_1_256' title='bbox 538 3035 656 3091; x_wconf 80' lang='lat' dir='ltr'><strong>,tritum</strong></span> <span class='ocrx_word' id='word_1_257' title='bbox 676 3053 717 3105; x_wconf 81' lang='lat' dir='ltr'><strong>cp.</strong></span> <span class='ocrx_word' id='word_1_258' title='bbox 796 3042 848 3106; x_wconf 69' lang='lat' dir='ltr'><strong>cap</strong></span> <span class='ocrx_word' id='word_1_259' title='bbox 868 3052 895 3104; x_wconf 89' lang='lat' dir='ltr'><strong>c,</strong></span> <span class='ocrx_word' id='word_1_260' title='bbox 914 3028 982 3117; x_wconf 61' lang='lat' dir='ltr'><strong>cap‘e</strong></span> <span class='ocrx_word' id='word_1_261' title='bbox 1002 3036 1122 3103; x_wconf 75' lang='lat' dir='ltr'><strong>(capace)</strong></span> <span class='ocrx_word' id='word_1_262' title='bbox 1136 3051 1169 3103; x_wconf 79' lang='lat' dir='ltr'><strong>p.</strong></span> 
     </span>
     <span class='ocr_line' id='line_1_33' title="bbox 155 3105 1170 3179; baseline -0.005 -17"><span class='ocrx_word' id='word_1_263' title='bbox 155 3115 189 3164; x_wconf 88' lang='grc'><strong>14</strong></span> <span class='ocrx_word' id='word_1_264' title='bbox 208 3110 237 3165; x_wconf 90' lang='lat' dir='ltr'><strong>et</strong></span> <span class='ocrx_word' id='word_1_265' title='bbox 255 3109 382 3179; x_wconf 85' lang='lat' dir='ltr'><strong>inpresso</strong></span> <span class='ocrx_word' id='word_1_266' title='bbox 401 3106 563 3177; x_wconf 87' lang='lat' dir='ltr'><strong>appositum</strong></span> <span class='ocrx_word' id='word_1_267' title='bbox 577 3123 603 3173; x_wconf 86' lang='lat' dir='ltr'><strong>c,</strong></span> <span class='ocrx_word' id='word_1_268' title='bbox 624 3108 653 3160; x_wconf 92' lang='lat' dir='ltr'><strong>et</strong></span> <span class='ocrx_word' id='word_1_269' title='bbox 669 3105 794 3176; x_wconf 87' lang='lat' dir='ltr'><strong>inpresso</strong></span> <span class='ocrx_word' id='word_1_270' title='bbox 814 3112 844 3163; x_wconf 92' lang='lat' dir='ltr'><strong>et</strong></span> <span class='ocrx_word' id='word_1_271' title='bbox 861 3109 992 3177; x_wconf 76' lang='lat' dir='ltr'><strong>apposita</strong></span> <span class='ocrx_word' id='word_1_272' title='bbox 1005 3121 1035 3174; x_wconf 80' lang='lat' dir='ltr'><strong>p.</strong></span> <span class='ocrx_word' id='word_1_273' title='bbox 1108 3121 1170 3158; x_wconf 84' lang='lat' dir='ltr'><strong>ma-</strong></span> 
     </span>
     <span class='ocr_line' id='line_1_34' title="bbox 131 3176 1170 3250; baseline -0.007 -14"><span class='ocrx_word' id='word_1_274' title='bbox 131 3239 134 3244; x_wconf 67' lang='lat'><em>,</em></span> <span class='ocrx_word' id='word_1_275' title='bbox 152 3181 232 3236; x_wconf 87' lang='lat' dir='ltr'><strong>tricis</strong></span> <span class='ocrx_word' id='word_1_276' title='bbox 246 3197 282 3250; x_wconf 78' lang='lat' dir='ltr'><strong>p:</strong></span> <span class='ocrx_word' id='word_1_277' title='bbox 302 3180 352 3234; x_wconf 85' lang='lat' dir='ltr'><strong>aut</strong></span> <span class='ocrx_word' id='word_1_278' title='bbox 370 3195 385 3234; x_wconf 91' lang='lat' dir='ltr'><strong>c</strong></span> <span class='ocrx_word' id='word_1_279' title='bbox 404 3181 468 3247; x_wconf 80' lang='lat' dir='ltr'><strong>(pro</strong></span> <span class='ocrx_word' id='word_1_280' title='bbox 487 3177 611 3232; x_wconf 82' lang='lat' dir='ltr'><strong>matricis</strong></span> <span class='ocrx_word' id='word_1_281' title='bbox 630 3179 787 3246; x_wconf 78' lang='lat' dir='ltr'><strong>compendio</strong></span> <span class='ocrx_word' id='word_1_282' title='bbox 805 3184 834 3230; x_wconf 74' lang='lat' dir='ltr'><strong>m</strong></span> <span class='ocrx_word' id='word_1_283' title='bbox 848 3179 923 3244; x_wconf 68' lang='lat' dir='ltr'><strong>ledo,</strong></span> <span class='ocrx_word' id='word_1_284' title='bbox 941 3181 973 3232; x_wconf 79' lang='lat' dir='ltr'><strong>at</strong></span> <span class='ocrx_word' id='word_1_285' title='bbox 990 3191 1069 3244; x_wconf 80' lang='lat' dir='ltr'><strong>saepe</strong></span> <span class='ocrx_word' id='word_1_286' title='bbox 1081 3176 1170 3245; x_wconf 72' lang='lat' dir='ltr'><strong>infra,</strong></span> 
     </span>
     <span class='ocr_line' id='line_1_35' title="bbox 153 3245 1169 3319; baseline -0.003 -13"><span class='ocrx_word' id='word_1_287' title='bbox 153 3256 198 3318; x_wconf 79' lang='lat' dir='ltr'><strong>ari,</strong></span> <span class='ocrx_word' id='word_1_288' title='bbox 218 3258 237 3307; x_wconf 77' lang='lat' dir='ltr'><strong>ir</strong></span> <span class='ocrx_word' id='word_1_289' title='bbox 301 3253 406 3317; x_wconf 87' lang='lat' dir='ltr'><strong>autem,</strong></span> <span class='ocrx_word' id='word_1_290' title='bbox 424 3251 482 3317; x_wconf 89' lang='lat' dir='ltr'><strong>aut,</strong></span> <span class='ocrx_word' id='word_1_291' title='bbox 500 3250 551 3317; x_wconf 88' lang='lat' dir='ltr'><strong>ut).</strong></span> <span class='ocrx_word' id='word_1_292' title='bbox 626 3254 658 3302; x_wconf 86' lang='grc'><strong>16</strong></span> <span class='ocrx_word' id='word_1_293' title='bbox 672 3248 896 3317; x_wconf 85' lang='lat' dir='ltr'><strong>ypocspmistros</strong></span> <span class='ocrx_word' id='word_1_294' title='bbox 910 3265 932 3318; x_wconf 84' lang='lat' dir='ltr'><strong>e,</strong></span> <span class='ocrx_word' id='word_1_295' title='bbox 948 3245 1126 3319; x_wconf 85' lang='lat' dir='ltr'><strong>opocanistes</strong></span> <span class='ocrx_word' id='word_1_296' title='bbox 1140 3265 1169 3316; x_wconf 82' lang='lat' dir='ltr'><strong>p.</strong></span> 
     </span>
     <span class='ocr_line' id='line_1_36' title="bbox 153 3318 1170 3390; baseline -0.003 -16"><span class='ocrx_word' id='word_1_297' title='bbox 153 3321 362 3378; x_wconf 84' lang='lat' dir='ltr'><strong>suffumatorius</strong></span> <span class='ocrx_word' id='word_1_298' title='bbox 386 3336 426 3389; x_wconf 82' lang='lat' dir='ltr'><strong>ep.</strong></span> <span class='ocrx_word' id='word_1_299' title='bbox 502 3325 534 3373; x_wconf 79' lang='grc'><strong>11</strong></span> <span class='ocrx_word' id='word_1_300' title='bbox 553 3318 690 3374; x_wconf 73' lang='lat' dir='ltr'><strong>adscensio</strong></span> <span class='ocrx_word' id='word_1_301' title='bbox 709 3334 736 3386; x_wconf 90' lang='lat' dir='ltr'><strong>c,</strong></span> <span class='ocrx_word' id='word_1_302' title='bbox 755 3319 872 3375; x_wconf 69' lang='lat' dir='ltr'><strong>odessus</strong></span> <span class='ocrx_word' id='word_1_303' title='bbox 885 3336 916 3390; x_wconf 76' lang='lat' dir='ltr'><strong>p.</strong></span> <span class='ocrx_word' id='word_1_304' title='bbox 1001 3325 1033 3374; x_wconf 90' lang='lat'><strong>18</strong></span> <span class='ocrx_word' id='word_1_305' title='bbox 1052 3318 1170 3372; x_wconf 88' lang='lat' dir='ltr'><strong>anadro·</strong></span> 
     </span>
     <span class='ocr_line' id='line_1_37' title="bbox 153 3388 1170 3461; baseline -0.001 -18"><span class='ocrx_word' id='word_1_306' title='bbox 153 3409 219 3445; x_wconf 89' lang='lat' dir='ltr'><strong>mon</strong></span> <span class='ocrx_word' id='word_1_307' title='bbox 237 3410 264 3461; x_wconf 86' lang='lat' dir='ltr'><strong>c,</strong></span> <span class='ocrx_word' id='word_1_308' title='bbox 284 3394 399 3447; x_wconf 74' lang='lat' dir='ltr'><strong>-droffi</strong></span> <span class='ocrx_word' id='word_1_309' title='bbox 412 3407 443 3460; x_wconf 80' lang='lat' dir='ltr'><strong>p.</strong></span> <span class='ocrx_word' id='word_1_310' title='bbox 519 3394 552 3443; x_wconf 83' lang='grc'><strong>19</strong></span> <span class='ocrx_word' id='word_1_311' title='bbox 570 3388 642 3444; x_wconf 88' lang='lat' dir='ltr'><strong>facit</strong></span> <span class='ocrx_word' id='word_1_312' title='bbox 659 3405 680 3444; x_wconf 88' lang='lat' dir='ltr'><strong>c.</strong></span> <span class='ocrx_word' id='word_1_313' title='bbox 753 3391 838 3461; x_wconf 69' lang='lat' dir='ltr'><strong>licp.</strong></span> <span class='ocrx_word' id='word_1_314' title='bbox 927 3388 1045 3447; x_wconf 88' lang='lat' dir='ltr'><strong>dictami</strong></span> <span class='ocrx_word' id='word_1_315' title='bbox 1063 3405 1089 3458; x_wconf 84' lang='lat' dir='ltr'><strong>e,</strong></span> <span class='ocrx_word' id='word_1_316' title='bbox 1109 3389 1170 3458; x_wconf 89' lang='lat' dir='ltr'><strong>dip-</strong></span> 
     </span>
     <span class='ocr_line' id='line_1_38' title="bbox 153 3461 570 3532; baseline 0.002 -19"><span class='ocrx_word' id='word_1_317' title='bbox 153 3461 223 3515; x_wconf 86' lang='lat' dir='ltr'><strong>tami</strong></span> <span class='ocrx_word' id='word_1_318' title='bbox 237 3479 268 3532; x_wconf 79' lang='lat' dir='ltr'><strong>p.</strong></span> <span class='ocrx_word' id='word_1_319' title='bbox 341 3467 376 3517; x_wconf 77' lang='lat'><strong>20</strong></span> <span class='ocrx_word' id='word_1_320' title='bbox 395 3461 525 3532; x_wconf 82' lang='lat' dir='ltr'><strong>agagatis</strong></span> <span class='ocrx_word' id='word_1_321' title='bbox 539 3476 570 3530; x_wconf 81' lang='lat' dir='ltr'><strong>p.</strong></span> 
     </span>
    </p>
   </div>
   <div class='ocr_carea' id='block_1_5' title="bbox 0 0 1216 3924">
    <p class='ocr_par' dir='ltr' id='par_1_5' title="bbox 0 0 1216 3924">
     <span class='ocr_line' id='line_1_39' title="bbox 0 0 1216 3924; baseline 0 0"><span class='ocrx_word' id='word_1_322' title='bbox 0 0 1216 3924; x_wconf 95' lang='lat' dir='ltr'><strong> </strong></span> 
     </span>
    </p>
   </div>
  </div>
 </body>
</html>
