2414 3924
467 209 706 275 -181-

66 350 204 434 pellatur
227 352 364 414 similiter
386 370 525 433 appones.
562 355 723 415 novissimo
746 372 817 415 vero
846 357 872 415 si
895 355 992 434 aliqua
1015 357 1093 419 torte

67 442 290 523 remanserint,
313 441 360 503 dia
379 441 511 522 thapsias
534 443 612 503 sicut
633 444 666 503 in
688 442 857 505 ischiadicis
880 446 983 506 uteris.

353 600 479 662 LXXVl.
516 601 564 661 lu
588 600 816 682 hydropicos.

162 724 221 786 Est
243 733 343 786 autem
371 724 533 805 hydropica
559 728 657 805 passio
685 726 804 787 diffusio
831 726 966 787 humoris
989 731 1093 806 aquosi

68 833 141 878 cnm
175 813 330 875 inflatione
358 813 524 875 secundum
552 817 749 876 retentionem
778 817 901 895 spiritus
931 815 1027 878 isdem
1053 814 1119 877 lua

67 901 252 965 horantihus
290 903 402 964 allecta.
457 909 488 963 et
523 911 595 963 sunt
633 903 789 965 distantiae
825 906 971 983 passionis
1008 904 1093 986 duae,

69 1009 203 1072 quarum
232 1008 291 1051 una
318 1009 335 1051 a
361 990 514 1052 veteribus
541 993 649 1052 ascitas
676 995 859 1074 nominatur,
886 993 917 1053 id
945 1001 991 1054 est
1018 995 1092 1054 utri-

69 1081 191 1161 culosa,
225 1078 262 1139 ah
294 1081 388 1159 epatis
419 1078 467 1139 vel
499 1079 609 1159 splenis
642 1087 694 1141 aut
727 1081 872 1142 stomachi
903 1082 950 1142 vel
985 1099 1092 1142 renum

69 1171 219 1230 saxietate
243 1176 350 1228 creata.
387 1168 479 1229 altera
500 1186 570 1228 vero
594 1186 670 1247 quae
692 1171 871 1248 tympanites
894 1170 1093 1250 appellatura

69 1257 218 1338 pulmone
246 1258 404 1335 contingit,
433 1275 469 1317 ex
497 1274 557 1334 quo
585 1256 725 1336 pulmone
749 1257 805 1318 suh
827 1260 942 1338 ingenti
965 1261 1135 1320 ventosi-10

70 1355 134 1408 tate
155 1352 262 1405 venter
279 1344 400 1406 inilatus
419 1346 600 1427 ostenditur,
622 1348 664 1406 ita
683 1354 716 1406 ut
735 1364 803 1407 cum
824 1347 916 1409 luerit
933 1349 1092 1428 inspicien-

69 1437 110 1497 tis
140 1432 239 1514 palma
262 1432 411 1515 pulsatus,
440 1434 572 1513 tympani
595 1437 725 1495 sonitum
753 1435 854 1516 faciat,
881 1436 960 1496 unde
984 1455 1093 1497 nomen

70 1531 105 1585 ut
124 1539 220 1603 supra
239 1520 300 1582 dixi
317 1524 416 1601 passio
435 1523 614 1602 tympanites
633 1525 756 1602 accepit.
794 1523 846 1585 sed
865 1522 945 1584 illam
966 1526 1093 1604 primam

70 1629 165 1692 quam
200 1612 312 1671 asciten
346 1610 474 1672 diximus
502 1610 575 1672 haec
603 1613 686 1690 signa
715 1620 867 1674 secuntur.
912 1614 1092 1674 insurrectio

69 1701 189 1762 ventris
212 1699 436 1779 superdistensa
458 1707 489 1760 et
513 1695 647 1780 (super)
670 1702 793 1779 inguina
816 1711 847 1761 et
872 1718 974 1782 crura,
998 1701 1092 1762 albida
1106 1715 1133 1754 1⁵

71 1790 216 1850 efficitur.
258 1805 332 1867 quae
361 1787 473 1849 inllatic
502 1805 572 1849 cum
599 1788 699 1866 digitis
727 1789 819 1849 fuerit
845 1790 990 1869 impressa
1022 1807 1091 1849 con·

72 1879 210 1938 cantatis
239 1877 365 1938 formam
388 1876 531 1957 ostendit,
557 1877 638 1955 quod
661 1875 767 1936 Graeci
794 1879 946 1956 entyposis
978 1883 1092 1937 vocant.

72 1975 194 2027 ceterae
226 1983 297 2025 vero
331 1967 535 2044 superpositae
572 1971 672 2043 partes
705 1966 798 2024 macic
831 1972 997 2024 attenuatae
1030 1965 1092 2024 eiti-

72 2057 211 2133 ciuntur,
240 2061 273 2113 ut
297 2053 402 2113 thorax
424 2062 531 2132 pectus
554 2052 683 2113 brachia.
726 2054 813 2113 etiam
837 2059 868 2112 et
889 2059 979 2130 potus
1002 2054 1092 2112 nimia

73 2144 219 2223 appetitio
248 2145 384 2220 sequitur
412 2160 480 2203 cum
509 2143 676 2202 retentione
705 2140 853 2220 humoris,
886 2159 922 2201 ex
955 2159 1013 2220 qua
1044 2159 1090 2201 re·
1106 2156 1133 2197 ao

71 2232 210 2293 tentione
242 2230 351 2290 humor
387 2233 464 2291 intra
497 2232 590 2308 spatia
622 2231 734 2289 ventris
766 2229 901 2290 inclusus
938 2229 1093 2309 semipleni

149 2389 164 2437 1
185 2374 334 2437 novhsime
354 2400 375 2437 c.
484 2381 579 2451 alique
598 2383 670 2436 forte
689 2399 715 2449 c,
737 2382 809 2437 forte
828 2382 924 2451 aliqua
936 2399 967 2452 p.
1076 2388 1092 2436 2

73 2455 175 2524 diapta
193 2454 255 2524 psia
274 2471 295 2508 c.
369 2453 491 2507 sciaticis
506 2470 541 2522 p,
561 2458 631 2507 —eu
650 2470 664 2507 c
681 2455 728 2521 (cf.
748 2470 770 2508 c.
786 2459 844 2522 52).
918 2461 933 2509 3
952 2454 996 2507 Ad
1009 2453 1092 2523 ydro-

71 2526 276 2650 aaarr·
292 2528 342 2663 a
362 2595 798 2661 o
862 2524 1091 2649 reatae·

73 2665 185 2761 attius
199 2612 274 2753 po
339 2684 490 2738 articulosa
514 2700 535 2738 c.
645 2612 873 2765 apohidetatep,
897 2682 1052 2765 sanxietate
1071 2637 1093 2739 οἵ

73 2757 130 2827 ti(y
143 2753 312 2825 c)mpanites
327 2771 368 2823 op.
443 2760 474 2808 11
490 2755 599 2808 venter:
618 2757 737 2822 venep,
756 2757 871 2809 tenu1c.
943 2754 1093 2823 inspicien-

74 2829 118 2884 tes
137 2843 153 2881 c
172 2831 196 2879 et
211 2831 279 2907 ,uoto
297 2841 365 2880 corr.
381 2841 412 2894 p.
500 2831 533 2879 12
550 2824 672 2905 timpani
686 2842 730 2906 cp.
783 2896 788 2907 1
814 2824 1044 2907 εοηίὲυωιῖαοίᾳὲ
1057 2840 1093 2894 p:

74 2899 417 3036 tatttttttapffi
436 2895 969 3035 iddssittthtttttzrttt
982 2898 1093 3031 tata

74 3038 188 3108 accepit
203 3055 225 3093 c.
291 3044 322 3091 13
338 3038 419 3092 illum
433 3039 554 3106 primum
569 3053 652 3105 quem
661 3053 692 3105 p.
758 3043 791 3090 14
806 3037 913 3091 usciten
923 3053 954 3105 p,
969 3037 1056 3090 asitos
1071 3052 1092 3088 c.

75 3111 232 3181 sequuntur
251 3124 291 3177 cp.
364 3108 594 3162 insurrectionem
614 3123 635 3160 c.
709 3112 741 3160 15
762 3124 844 3176 super
862 3107 988 3161 distensa
1006 3107 1036 3158 et
1052 3105 1093 3158 in-

74 3183 193 3251 guinum
213 3181 309 3248 (-n1i)
328 3180 357 3233 et
376 3197 456 3234 crura
475 3179 571 3234 albida
589 3177 669 3244 (—de
689 3179 712 3244 e)
732 3176 890 3230 efficiuntur
908 3193 950 3244 cp.
1059 3181 1091 3228 17

75 3250 213 3321 entiposis
238 3266 264 3318 c,
288 3250 400 3319 etipoiis
415 3268 445 3319 p.
556 3254 588 3303 18
608 3247 708 3301 maciei
731 3247 869 3301 tenuitate
888 3245 1047 3300 afficiuntur
1061 3262 1092 3312 p.

75 3329 109 3378 19
127 3325 162 3377 ut
180 3338 208 3375 c:
228 3323 257 3375 et
270 3337 301 3390 p.
374 3323 404 3376 et
420 3320 537 3375 brachia
548 3337 579 3388 p.
653 3316 802 3373 etiamom.
819 3333 839 3370 e.
913 3321 948 3370 20
967 3332 1001 3370 ex
1018 3331 1093 3383 aqua

73 3395 197 3449 redde&
214 3392 306 3445 fumor
324 3390 377 3446 t'ra
396 3409 483 3461 spana
501 3394 607 3447 vehem
626 3387 723 3458 pulsus
742 3405 763 3441 e
778 3405 803 3443 v.
819 3404 846 3458 c,
866 3387 915 3457 qui
935 3384 1094 3442 retentione

73 3465 151 3520 intra
169 3462 265 3534 spatia
282 3463 386 3517 ventris
404 3463 529 3516 inclusus
548 3480 567 3514 s.
587 3478 612 3516 v.
628 3476 659 3528 p.
