2414 3924
123 197 165 262 26
368 208 417 256 nn
440 208 502 255 uno
523 208 655 256 utram
678 207 753 256 cnr.
770 207 842 256 xrv.

124 351 193 412 bem
208 367 367 429 apparere,
383 350 413 408 in
429 349 515 408 tertia
530 345 655 408 barbam
671 348 769 418 nasci,
786 347 817 407 in
831 353 938 426 quarta
955 349 1050 417 vires,
1068 350 1099 410 in

125 437 227 515 quinta
251 434 451 496 maturitatem
478 432 514 493 ad
542 433 664 509 stirpem
684 430 925 510 relinquendam,
956 433 990 491 in
1016 439 1101 494 sexta

125 518 335 599 cupiditatibus
354 517 530 594 temperari,
552 516 582 577 in
599 517 724 595 septima
738 516 927 596 prudentiam
948 516 1099 594 linguam·

125 621 184 683 que
204 603 420 671 consummari,
451 602 482 660 in
502 606 602 661 octava
626 600 730 661 eadem
752 618 874 661 manere
905 601 944 681 (in
966 620 1028 680 qua
1050 602 1100 662 alii

125 688 264 748 dixerunt
284 683 387 746 oculos
408 682 592 764 albescere),
624 686 655 744 in
677 703 755 746 nona
777 686 876 747 omnia
891 685 957 747 lieri
980 685 1131 765 langui-5

125 771 217 841 diora,
233 772 262 830 in
279 770 392 831 decima
407 769 557 830 hominem
574 770 663 830 morti
678 770 744 830 fieri
758 776 916 831 maturum.
949 790 990 832 aa
1000 779 1099 833 tamen

125 857 155 916 in
171 855 300 917 secunda
316 853 503 915 hebdomade
517 852 562 914 vel
577 854 737 934 incipiente
751 856 838 915 tertia
849 872 951 916 vocem
969 858 1101 917 crassio-

125 957 189 1000 rem
211 947 240 1001 et
260 936 476 1017 inaequabilem
491 938 571 1007 fieri,
592 939 672 1017 quod
687 937 862 1000 Aristotcles
884 938 1017 1019 appellat
1037 948 1100 1002 tra·

126 1024 218 1100 giziu,
254 1024 366 1103 antiqui
395 1024 487 1082 nostri
513 1021 701 1103 irquitallire,
733 1029 763 1083 et
787 1023 857 1083 inde
881 1025 962 1102 ipsos
991 1032 1102 1102 putant

126 1106 290 1188 irquitallos
310 1106 468 1187 appellari,
497 1107 576 1186 quod
595 1113 658 1168 tum
681 1124 789 1187 corpus
803 1108 898 1169 ircum
920 1107 1004 1170 olere
1025 1111 1101 1171 inci·
1119 1123 1144 1172 tc

92 1203 108 1253 8
126 1193 195 1269 piat.
226 1192 263 1253 de
277 1193 365 1252 tertia
382 1200 479 1252 autem
496 1199 590 1252 aetate
606 1191 895 1254 adulescentulorum
911 1200 973 1254 tres
986 1194 1101 1272 gradem

126 1293 191 1337 esse
214 1275 307 1336 iactos
327 1277 357 1335 in
379 1277 502 1338 Graecia
523 1277 606 1355 prius
625 1294 715 1356 quam
737 1277 773 1338 ad
794 1277 874 1338 viros
896 1279 1099 1355 perveniatur,

125 1359 203 1438 quod
225 1367 332 1421 vocent
353 1376 498 1421 annorum
520 1372 599 1419 x1111
621 1362 736 1430 παῖδα,
765 1360 972 1440 μελλέφηβον
996 1370 1100 1426 antem

125 1456 189 1514 xv,
211 1444 280 1505 dein
296 1442 424 1506 sedecim
440 1441 581 1522 ἔφηβον,
603 1452 674 1506 tunc
690 1445 900 1525 septemdecim
920 1444 1098 1527 ἑξέφηβον.

91 1539 108 1590 t
126 1535 278 1607 praeterea
294 1526 385 1589 multa
402 1536 471 1589 suut
486 1527 523 1590 de
536 1528 582 1588 bis
597 1528 833 1591 hebdomadibus
848 1547 925 1609 quae
936 1532 1049 1593 medici
1064 1551 1100 1594 ac
1118 1544 1143 1595 tt

125 1611 293 1692 philosophi
308 1611 391 1674 libris
405 1612 628 1683 mandaverunt,
645 1613 725 1675 unde
740 1622 871 1694 apparel,
888 1623 921 1678 ut
934 1617 966 1675 in
983 1616 1100 1680 morbis

126 1699 188 1758 dies
209 1698 326 1778 septimi
346 1700 476 1777 suspecti
495 1704 565 1759 sunt
590 1706 619 1759 et
639 1700 776 1760 crisimoe
797 1699 952 1769 dicuntur,
980 1701 1021 1762 ita
1043 1720 1099 1781 per

125 1799 244 1844 omnem
264 1783 352 1843 vitam
368 1784 526 1861 septimum
548 1801 696 1863 quemque
717 1801 826 1845 anuum
841 1785 1049 1862 periculosum
1071 1793 1100 1848 ct

76 1879 108 1928 ιο
125 1865 205 1931 velut
220 1868 361 1929 crisimon
384 1884 449 1928 esse
469 1875 499 1928 et
515 1866 747 1929 climactericum
763 1868 891 1929 vocitari.
927 1869 980 1930 scd
998 1888 1035 1932 ex
1051 1870 1098 1931 his

126 1951 302 2030 genethliaci
322 1950 394 2012 alios
417 1951 481 2012 aliis
502 1950 685 2032 difficiliores
708 1969 773 2013 csse
794 1952 946 2024 dixerunt,
975 1961 1006 2015 et
1021 1972 1096 2016 nou·
1112 1966 1138 2014 to

125 2035 199 2097 nulli
220 2054 271 2096 eos
286 2037 469 2113 potissimum
490 2053 565 2115 quos
585 2044 689 2097 ternae
710 2036 911 2098 hebdomades
934 2039 1098 2101 conticiunt

125 2128 230 2199 putant
256 2120 473 2191 observandos,
505 2121 562 2180 boc
589 2127 634 2180 est
653 2138 746 2181 unum
774 2128 804 2180 et
824 2123 1036 2193 vicensimum,
1069 2131 1097 2184 et

125 2206 405 2284 quadragensimum
429 2204 608 2276 secundum,
641 2204 709 2265 dein
733 2207 851 2265 tertium
873 2213 902 2266 et
922 2210 1096 2284 sexagensi-

124 2308 220 2360 mum,
236 2298 421 2369 postremum
438 2291 672 2366 octogensimum
688 2297 718 2350 et
732 2297 884 2368 quartum,
905 2292 936 2350 in
952 2309 1013 2369 quo
1030 2293 1097 2354 Sta·

76 2384 105 2431 tt
125 2392 190 2434 scas
211 2375 370 2434 terminum
392 2375 468 2434 vitae
489 2372 597 2435 defixit.
634 2372 681 2434 alii
704 2380 800 2434 autem
817 2393 876 2434 non
892 2377 980 2454 pauci
1002 2395 1097 2438 unum
1112 2384 1138 2434 tt

125 2461 257 2517 omnium
279 2456 483 2518 difficillimum
506 2456 674 2520 climactera
689 2458 898 2538 prodiderunt,
921 2478 1000 2522 anuo
1015 2462 1095 2522 scili·

179 2600 327 2607 ...ἡ

193 2674 216 2725 1.
241 2686 364 2724 resrtam
388 2677 413 2724 D
482 2692 565 2728 usses
588 2679 626 2739 D,
650 2678 724 2726 uires
743 2677 803 2727 dV
866 2682 891 2730 3.
915 2680 1048 2744 temptari
1072 2681 1098 2729 V

123 2741 149 2791 4.
178 2754 284 2791 corana
306 2743 331 2792 D
399 2743 428 2792 in
451 2759 507 2808 qua
531 2771 559 2782 —
584 2744 763 2808 languidiora
789 2761 836 2799 om.
863 2746 889 2794 V
956 2748 980 2796 7.
1012 2746 1095 2798 eubo-

124 2808 201 2859 mobe
219 2810 279 2859 DV
346 2811 371 2862 8.
390 2825 565 2863 astsrorects
584 2813 608 2860 D
663 2809 804 2874 τραγίζειν
822 2815 893 2876 culpo
962 2815 988 2867 9.
1008 2827 1093 2878 trqm-

124 2891 240 2927 rannone
260 2876 427 2940 (rdine-aa.)
447 2881 471 2928 D
540 2881 580 2929 10.
599 2893 795 2943 *requirentes
808 2882 842 2944 D,
861 2879 1020 2945 irquitallos
1039 2884 1060 2932 d
1071 2882 1097 2931 V

124 2959 211 2995 acere
229 2945 254 2994 D
324 2949 364 2997 13.
382 2945 457 2998 παδα
474 2948 507 3007 D,
527 2944 600 2996 παδδ
622 2947 655 3010 V,
674 2945 759 2997 παιδα
777 2963 845 2998 corr.
862 2964 915 2999 rec.
935 2965 966 3002 m.
986 2952 1013 2998 ta
1035 2950 1064 2998 V

124 3012 352 3077 mecnephoebon
376 3014 432 3062 DV
503 3015 544 3065 14.
573 3013 734 3079 sepboeson
757 3015 794 3078 D,
828 3015 972 3079 ephoebon
1001 3016 1030 3065 V

123 3078 271 3142 eteqornor
290 3082 322 3137 D,
341 3080 472 3143 eieqtsou
490 3082 518 3130 V
583 3084 622 3132 15.
642 3080 834 3132 enbomabmus
853 3084 909 3132 DV
975 3084 1016 3133 tr.
1035 3098 1094 3135 cnr·

124 3159 200 3197 srmre
219 3148 255 3209 D,
276 3148 413 3198 crisimiae
436 3149 463 3197 V
535 3151 576 3201 19.
597 3145 831 3215 climactericum]
857 3152 917 3201 odd.
940 3151 1013 3200 Vm.
1033 3156 1049 3200 1
1067 3154 1094 3201 in

121 3229 203 3330 agripp.
223 3215 351 3330 (gerrici,
375 3232 405 3264 m.
424 3218 441 3265 2
458 3232 537 3334 εὖρον
557 3233 658 3335 ἔῖνειιηι
679 3218 805 3348 ἱηοοῖτῖιά
825 3287 831 3298 1
859 3220 900 3269 20.
920 3233 1001 3347 antJas
1021 3233 1093 3269 antes

244 3293 447 3334 trrtcrnmones
592 3300 723 3336 .resuaa
754 3301 786 3336 s*
821 3300 847 3334 to
864 3301 917 3336 roe.
1045 3302 1093 3336 eu·

122 3346 249 3400 bomabes
268 3349 324 3399 DV
394 3352 438 3400 tt.
455 3367 488 3401 oc
510 3353 536 3401 V
585 3351 747 3404 uicesimum
769 3353 797 3401 V
860 3355 904 3404 23.
923 3351 1095 3419 quartaeque-

123 3428 219 3468 srmum
238 3419 276 3483 D,
297 3416 539 3482 quadragesimum
562 3421 588 3469 V
656 3432 860 3487 sexaqtastmum
880 3422 917 3485 D,
946 3423 1095 3486 sexagesi-

122 3494 194 3533 mum
217 3486 243 3534 V
309 3486 349 3537 tt.
368 3500 440 3535 cxxx
458 3487 522 3535 DV
586 3503 655 3553 quos
672 3489 697 3538 D
