2414 3924
514 208 779 273 -122-·

128 355 298 435 accipienda
321 355 434 414 curatio
462 355 493 414 in
522 355 713 414 reumatismo
741 351 885 414 stomachi
912 355 1051 432 superius
1078 372 1141 415 me·

128 452 248 504 morata.

393 581 518 644 XLVIII.
554 581 602 642 Ad
626 582 881 662 dysenteriam.

150 747 155 755 ·
215 705 270 768 Est
297 715 396 768 autern
423 706 610 786 dysenterica
640 707 739 785 passio
769 708 979 768 intestinorum
1009 710 1140 769 causatio

101 805 196 856 ocum
214 795 410 876 ulceratione,
439 812 474 855 ex
502 811 561 872 qua
583 793 751 855 excluditur
780 796 892 874 egestio
916 796 1141 874 sanguinolenta

127 892 178 945 aut
210 883 301 944 fellita
338 891 368 944 et
400 883 455 943 alia
489 883 655 942 immutatio
682 881 826 943 humoris.
867 891 898 943 et
928 883 978 944 Illa
1007 887 1094 945 noxia
1125 904 1140 944 a

126 971 278 1033 veteribus
305 977 496 1051 nuncupatur
523 987 599 1049 quae
628 971 744 1050 nigram
775 972 957 1050 egestionem
987 971 1023 1032 ab
1055 975 1140 1034 initio

127 1059 299 1121 ostenderit.
341 1077 409 1121 nam
435 1058 677 1138 Hippocrates
700 1061 731 1119 in
755 1059 903 1121 aforismis
926 1061 969 1121 sic
992 1063 1033 1121 ait
1054 1061 1140 1143 „dys-

127 1151 258 1209 enteriae
287 1166 303 1208 a
331 1148 398 1209 telle
432 1149 518 1227 nigro
550 1148 727 1226 Inprieutes
760 1142 957 1210 mortiferae“.
1004 1153 1141 1229 sequitur

88 1249 114 1291 1o
127 1244 227 1297 autem
244 1239 392 1316 patientes
410 1237 488 1314 iugIs
506 1234 654 1296 assellatio
672 1235 823 1296 inferioris
841 1238 962 1315 ventris,
981 1237 1139 1317 ailquando

128 1323 231 1399 fellita,
254 1324 411 1403 ailquando
429 1323 532 1384 viridis
549 1331 582 1384 et
599 1321 836 1404 sanguinolenta,
859 1323 1016 1402 aliquando
1035 1327 1139 1387 mucil-

127 1411 266 1491 laginosa.
308 1419 339 1473 et
365 1430 484 1474 rasuras
513 1429 581 1473 cum
608 1418 692 1491 gutta
715 1411 867 1489 sanguinis
890 1413 1042 1493 emittunt,
1070 1433 1138 1474 eum

127 1518 229 1561 morsu
252 1503 462 1562 intestinorum
485 1508 516 1560 et
538 1499 679 1560 umbilici
722 1500 962 1561 insomnietatem
985 1503 1140 1579 patiuntur

128 1598 158 1649 et
185 1588 349 1670 fastidium,
376 1591 549 1668 frequenter
577 1594 607 1648 et
634 1585 818 1649 lebrIculam.
863 1586 1020 1667 aliquando
1051 1591 1139 1650 etiarn

88 1691 114 1732 15
128 1685 158 1737 et
189 1677 342 1756 longaonIs
374 1677 505 1739 exclusio
537 1677 694 1756 contingit,
729 1677 855 1736 maxime
887 1675 1058 1738 infantibus.
1109 1687 1140 1747 et

127 1765 256 1827 efficitur
287 1765 444 1844 aliquando
477 1783 513 1826 ex
543 1763 751 1846 permotione,
782 1763 939 1842 aliquando
971 1772 1070 1825 autem
1103 1784 1138 1825 ex

127 1856 318 1933 corruptione
342 1856 490 1916 acriorum
516 1851 660 1914 ciborum.

215 1953 350 2022 tempore
373 1952 472 2005 autem
495 1943 658 2002 curationis
681 1938 757 2001 mala
783 1940 907 2020 cydoma
936 1943 968 2001 iu
991 1959 1066 2021 aqua
1089 1943 1140 2003 de-

128 2031 282 2109 coquenda
300 2049 396 2111 usque
415 2031 451 2092 ad
470 2032 589 2092 tertiam
611 2036 740 2110 partem,
763 2037 794 2089 et
815 2031 880 2108 ipsa
903 2029 1037 2092 decoctio
1056 2035 1141 2110 potui

88 2118 195 2179 rodata
218 2119 347 2181 abstinet
368 2128 512 2181 ventrem.

216 2208 304 2269 aliud.
344 2206 515 2290 palumbus,
544 2222 634 2286 quem
661 2205 767 2267 Graeci
792 2205 892 2266 Iassau
920 2206 1081 2286 appellant,
1110 2211 1140 2268 in

127 2313 217 2374 posca
240 2296 382 2357 decoctus
405 2305 436 2356 et
458 2302 608 2356 comestus
632 2292 768 2355 similiter
791 2293 928 2355 abstinet.

216 2387 287 2446 item
310 2401 399 2445 ovum
422 2385 453 2443 in
477 2389 560 2443 aceto
584 2389 702 2443 coctum
727 2382 797 2443 lacit
819 2382 964 2443 similiter.

197 2542 213 2617 .¹
235 2536 277 2591 in:
296 2551 331 2590 ex
345 2551 367 2603 c,
386 2537 416 2590 et
429 2535 520 2617 (²).st
581 2540 597 2616 ξ
612 2534 655 2588 Ad
672 2533 860 2618 dissintericm
874 2550 897 2602 c,
916 2534 958 2589 De
978 2533 1141 2588 disinteriea

127 2622 312 2758 arenam
341 2676 376 2744 n
401 2605 736 2758 attenuante
752 2609 993 2758 terrete„
1015 2621 1140 2758 naeu

128 2746 253 2815 Archon)
270 2752 297 2812 9,
315 2751 360 2802 43.
433 2753 449 2802 6
469 2748 498 2802 et
515 2745 705 2801 clumrmtatro
723 2745 848 2802 humone
867 2761 889 2813 c,
908 2747 938 2800 et
956 2745 1013 2801 ahc
1030 2752 1043 2800 1
1061 2748 1139 2801 muto

128 2816 299 2886 (inmutatio)
313 2817 437 2873 humoris
446 2834 478 2887 p.
551 2817 765 2886 inuncupctur.
799 2832 854 2886 que
871 2819 1057 2886 nuncupatur.
1086 2833 1140 2886 que

127 2887 210 2958 nigre
226 2892 275 2943 ete.
288 2905 320 2958 p.
421 2889 604 2957 8ypocrctes
618 2904 654 2957 p,
672 2887 823 2956 ipocrcrc.
932 2887 1099 2943 emtorismis
1118 2904 1140 2941 c.

127 2958 293 3014 Dissinterie
312 2975 352 3028 ep.
451 2965 467 3013 9
485 2974 504 3012 a
521 2973 572 3013 om.
591 2975 613 3013 c.
703 2956 848 3013 mortifero
872 2973 901 3026 c,
924 2957 1091 3014 mortificare
1109 2972 1141 3024 p.

129 3036 162 3085 11
182 3029 290 3100 mucilss
299 3029 450 3100 plaginose
468 3045 508 3098 cp.
614 3034 647 3083 12
666 3029 696 3083 et
713 3045 740 3084 c:
764 3027 851 3085 etiam
864 3044 895 3096 p.
995 3025 1100 3082 emittit
1119 3042 1139 3081 c.

129 3107 163 3156 14
177 3105 207 3156 et
219 3100 365 3156 fasfidium
378 3100 540 3169 frequenter
553 3101 582 3154 et
594 3097 734 3154 febricula
740 3115 772 3168 p,
786 3100 818 3154 et
830 3096 966 3167 sunguine
979 3096 1141 3165 frequentat

128 3175 157 3227 et
175 3171 312 3228 febrIcula
329 3189 350 3228 e.
426 3177 458 3226 15
478 3172 506 3227 et
524 3186 574 3226 om.
589 3187 620 3239 p.
696 3169 728 3224 in
744 3168 898 3224 Mentibus
913 3184 944 3237 p.
1026 3174 1060 3222 16
1079 3184 1140 3236 per-

127 3242 273 3298 fructione
294 3260 324 3313 p.
416 3241 566 3311 aliquando
588 3241 698 3298 aulem:
721 3241 771 3294 aut
792 3254 833 3308 ep.
925 3243 958 3294 18
981 3237 1094 3293 cidonic
1118 3254 1141 3304 e,

129 3313 234 3368 cilonia
254 3331 284 3383 p.
374 3313 556 3383 decoquenda
577 3313 625 3380 (ef.
649 3327 671 3366 e.
690 3314 750 3379 43):
773 3309 892 3365 decocto
914 3325 955 3378 ep.
1046 3314 1080 3362 20
1098 3325 1141 3363 re·

127 3382 201 3437 tinet
213 3400 244 3451 p.
326 3390 359 3438 21
378 3384 506 3454 polumb5
521 3399 558 3451 p,
578 3383 684 3464 plubufi
702 3396 724 3436 c.
805 3396 832 3449 (b
846 3377 923 3449 greci
941 3378 1142 3462 pnlubuffissa.

129 3469 193 3521 app.
212 3469 234 3508 c.
307 3459 341 3507 23
359 3454 429 3509 item
448 3484 481 3495 -
501 3452 630 3510 simililer
647 3467 674 3508 c:
692 3467 743 3507 cm.
758 3466 790 3519 p.
