2416 3936
442 245 512 291 urs.
529 245 576 291 vu.
600 245 737 292 car.v1.
1032 236 1093 298 229

159 398 188 460 8.
210 398 369 478 Euelpides
386 408 497 474 autem,
516 401 562 478 qui
579 409 674 459 aetate
690 410 787 460 nostra
803 405 942 462 maximus
959 405 1011 464 fuit
1026 423 1093 464 ocu·

96 486 183 545 larius
199 483 344 560 medicus,
366 482 498 542 utebatur
514 501 566 561 eo,
590 484 668 562 quod
683 486 746 563 ipse
763 497 980 565 composuerat:
994 497 1093 566 trygo-

96 570 147 628 des
163 566 341 628 nominabat:
380 566 512 628 Gastorei
529 586 557 646 p.
573 568 628 646 )·(.
645 587 699 626 zu.
716 568 802 646 lycii,
824 569 920 646 uar'di,
939 573 1094 650 papaveris

95 653 248 728 lacrimae,
273 652 452 728 singulorum
468 671 496 730 p.
513 652 569 732 )·(.
587 665 609 711 1.
628 654 725 729 croci,
747 654 897 729 myrrhae,
920 655 1020 729 aloes,
1037 658 1093 715 sin·

72 737 227 813 sgulorum
247 754 274 814 p.
291 735 347 814 )·(.
368 750 414 795 tv.
438 737 513 795 aeris
535 736 675 796 combusti
697 756 725 816 p.
742 737 798 817 )·(.
818 749 897 796 v111.«
916 739 1043 798 cadmiae
1065 749 1095 798 et

96 820 193 896 stibis,
216 819 395 896 singulorum
419 840 447 899 p.
467 819 523 899 )·(.
546 835 607 879 xit.
632 823 750 880 acaciae
774 823 854 880 succi
875 840 903 899 p.
922 821 978 900 )·(.
996 837 1091 880 XXVI.

95 906 199 980 gummi
216 903 398 962 tantumdem.

158 988 222 1062 Quo
243 990 363 1064 gravior
386 1007 458 1048 vero
483 1007 614 1067 quaeque
636 990 819 1048 inflammatio
846 999 905 1066 est,
936 1008 972 1049 eo
999 992 1093 1068 magis

96 1073 179 1131 leniri
194 1071 431 1130 medicamentum
450 1072 554 1147 debet,
571 1073 686 1148 adjecto
702 1072 750 1131 vel
765 1072 832 1131 albo
849 1077 913 1150 ovi,
931 1075 977 1133 vel
993 1074 1093 1134 mulie-

62 1156 138 1217 tobri
154 1157 240 1216 lacte.
273 1154 317 1214 nc
334 1157 467 1234 sineque
485 1156 631 1231 medicus,
647 1175 742 1235 neque
758 1156 994 1218 medicamentum
1010 1176 1093 1237 prae·
1189 1212 1192 1222 r

63 1254 65 1258 ’
94 1251 140 1301 sto
160 1251 219 1315 est,
245 1241 361 1317 saepius
383 1240 547 1300 utrumlibet
569 1240 669 1300 borum
691 1244 719 1298 in
742 1241 845 1300 oculos
862 1242 1000 1320 penicillo
1016 1242 1093 1302 adid

95 1329 186 1404 ipsum
206 1325 284 1384 iacto
300 1325 439 1402 inlusum,
456 1324 484 1383 id
499 1325 602 1384 malum
618 1326 698 1384 lenit.
735 1324 791 1384 Ubi
809 1343 881 1385 vero
898 1326 1001 1404 aliquis
1019 1326 1092 1386 rele-

94 1418 177 1468 vatus
193 1417 254 1483 est,
268 1409 387 1487 jamque
404 1427 506 1476 cursus
525 1410 643 1487 pituitae
656 1411 800 1484 constitit,
816 1409 954 1487 reliquias
968 1398 1093 1471 sortisse

95 1495 224 1553 leviores
246 1493 355 1552 futuras
377 1493 530 1552 discutiunt
552 1491 684 1551 balneum
708 1503 737 1552 et
751 1495 856 1552 vinum.
895 1492 986 1571 lgitur
1002 1495 1094 1555 lavari

59 1577 195 1653 redebet,
216 1578 321 1636 leviter
341 1586 407 1636 ante
429 1596 467 1635 ex
486 1577 553 1636 oleo
571 1577 760 1656 perfricatus,
784 1577 945 1656 diutiusque
960 1580 988 1636 in
1005 1579 1092 1638 cruri-

92 1662 145 1721 bus
169 1671 197 1721 et
218 1661 385 1726 feminibus:
410 1661 555 1739 multaque
577 1660 670 1720 calida
692 1679 765 1738 aqua
782 1661 885 1720 fovere
902 1662 1021 1730 oculos;
1044 1662 1092 1721 de-

92 1746 158 1804 iude
174 1764 227 1823 per
247 1755 333 1823 caput
349 1748 428 1824 prius
444 1745 553 1820 calida,
577 1755 633 1804 tum
654 1744 771 1822 egelida
787 1745 935 1823 perfundi:
957 1745 1092 1805 abalneo

94 1847 199 1888 cavere
221 1846 257 1886 ne
283 1845 340 1904 quo
362 1830 473 1906 frigore
496 1830 632 1890 afflatuve
656 1829 802 1889 laedatur:
833 1839 899 1908 post
924 1830 998 1889 baec
1026 1828 1092 1888 cibo

95 1913 181 1992 paulo
204 1912 352 1989 pleniore,
377 1931 460 1990 quam
481 1933 519 1973 ex
542 1931 640 1972 eorum
663 1913 772 1972 dierum
795 1913 1016 1988 consuetudine,
1043 1913 1093 1989 uti,

58 1997 190 2058 novitatis
212 2004 305 2054 tamen
327 1996 457 2054 omnibus
478 2000 605 2075 pituitam
621 1997 856 2065 extenuantibus3
883 1998 977 2055 vinum
993 1996 1094 2057 bibere

94 2083 174 2155 leve,
207 2079 423 2156 subausterum,
453 2080 566 2140 modice
596 2092 700 2155 vetus,
730 2100 826 2159 neque
854 2081 967 2157 effuse,
999 2099 1094 2158 neque

94 2163 205 2232 timide:
227 2173 257 2222 ut
272 2182 366 2241 neque
383 2163 508 2223 cruditas
524 2183 562 2223 en
577 2183 631 2239 eo,
649 2175 677 2224 et
693 2174 787 2224 tamen
806 2183 922 2224 somnus
938 2167 1006 2242 liat,
1022 2165 1092 2224 leui-

93 2258 232 2326 anturque
254 2250 328 2307 intus
350 2248 467 2307 latentia
490 2250 578 2307 acria.
616 2248 673 2308 Sed
693 2252 717 2308 si
740 2251 803 2326 quis
829 2251 857 2307 in
883 2248 987 2308 balneo
1004 2247 1094 2307 sensit

94 2333 233 2406 majorem
256 2332 405 2391 oculorum
429 2332 693 2411 perturbationem,
724 2352 807 2411 quam
830 2333 980 2399 attulerat;
1017 2330 1093 2410 quod

58 2436 84 2473 25
95 2416 222 2474 incidere
242 2417 277 2474 iis
296 2416 390 2493 solet,
416 2419 464 2494 qui
482 2426 614 2475 manente
632 2416 723 2476 adbuc
740 2419 859 2494 pituitae
875 2435 960 2476 cursu
977 2417 1092 2476 festina·

94 2510 173 2569 runt;
198 2503 405 2578 quamprimum
426 2500 579 2560 discedere
602 2500 703 2568 debet;
726 2501 795 2559 nibil
819 2519 855 2560 eo
874 2500 920 2559 die
939 2502 998 2559 vini
1014 2518 1092 2560 assu-

91 2584 188 2660 mere,
214 2583 271 2643 cibi
292 2586 382 2643 minus
398 2587 500 2660 etiam,
522 2602 604 2662 quam
621 2584 726 2663 pridie:
749 2585 854 2643 deinde
872 2603 957 2662 quum
974 2585 1094 2664 primurn

94 2670 163 2727 satis
185 2670 284 2746 pituita
308 2668 450 2743 substitit,
474 2670 576 2727 iterum
603 2669 638 2728 ad
659 2688 739 2728 usum
754 2668 850 2727 balnei
867 2669 972 2728 redire.
1013 2669 1095 2727 Solet

93 2762 187 2811 tamen
212 2753 331 2810 evenire
354 2771 581 2830 nonnumquam,
608 2755 672 2811 sive
691 2761 892 2830 tempestatum
916 2753 1004 2829 vitio,
1032 2753 1094 2809 sive

58 2852 83 2891 ao
94 2837 245 2912 corporis,
262 2845 291 2894 ut
307 2836 435 2914 pluribus
452 2836 552 2895 dicbus
568 2854 663 2913 neque
675 2835 776 2911 dolor,
792 2854 886 2912 neque
899 2835 1093 2905 inflammatio,

93 2929 122 2978 et
142 2920 255 2977 minime
273 2921 390 2997 pituitae
407 2939 508 2979 cursus
525 2922 646 2979 liniatur.
682 2919 765 2993 Quod
781 2919 829 2979 ubi
844 2917 959 2989 incidit,
976 2919 1094 2992 jamque

93 3007 155 3080 ipsa
179 3012 321 3062 vetustate
338 3022 387 3062 res
405 3013 514 3064 matura
532 3014 593 3078 est,
616 3003 652 3062 ab
672 3001 772 3061 iisdem
788 3002 923 3063 arruilium
939 3000 1095 3078 petendum

93 3097 153 3161 est,
172 3087 201 3146 id
218 3096 263 3146 est
280 3087 386 3147 balneo
402 3106 436 3147 ac
453 3090 529 3147 vino.
552 3089 632 3146 Haec
651 3089 725 3144 enim
742 3096 771 3144 ut
787 3089 814 3144 in
830 3085 996 3144 recentibus
1012 3083 1095 3142 malis

93 3172 186 3231 aliena
208 3181 291 3246 sunt,
320 3175 384 3250 quia
408 3174 555 3231 concitare
572 3190 605 3230 ea
622 3179 743 3249 possunt
761 3180 790 3228 et
806 3168 984 3246 accendere;
1008 3169 1094 3227 sicin

56 3276 82 3315 as
95 3256 257 3332 veteribus,
281 3274 355 3333 quae
372 3256 459 3316 nullis
477 3256 589 3316 auxiliis
607 3262 772 3331 cesserunt,
797 3253 944 3313 admodum
962 3253 1095 3312 efficacia

94 3357 161 3397 esse
184 3349 376 3399 consuerunt:
400 3340 539 3399 videlicet
559 3340 606 3398 hic
630 3356 765 3417 quoque,
790 3347 820 3397 ut
843 3338 925 3413 alibi,
947 3355 1031 3415 quum
1048 3353 1093 3394 se·

93 3423 183 3483 cunda
198 3443 272 3483 vana
288 3424 411 3500 fuerint,
429 3425 580 3483 contrariis
595 3423 805 3498 adjuvantibus.
829 3423 887 3482 Sed
900 3431 965 3481 ante
980 3419 1093 3480 tonderi

92 3505 127 3564 ad
145 3516 237 3565 cutem
253 3510 403 3566 convenit:
424 3507 526 3567 deinde
538 3510 565 3566 in
576 3507 682 3567 balneo
696 3525 774 3588 aqua
785 3507 885 3568 calida
893 3502 1118 3585 quamplurima
