2414 3924
517 183 759 248 -216-

142 322 234 378 iecore
250 363 256 376 .
271 362 277 374 .
294 365 300 378 .
315 319 420 376 duritia
434 322 520 389 atque
534 320 607 377 saxi·

142 395 217 460 tate,
240 408 325 462 quam
345 390 476 446 scirrosin
494 393 606 448 vocant.

126 458 607 530 cxocmaccsxdszsdtencbrosos

143 551 214 605 quos
241 533 438 590 scotomaticos
460 533 559 589 dicunt
582 539 605 588 1.

142 603 333 662 scotomaticis
346 604 376 659 id
390 606 434 660 est
449 603 499 673 qui
512 603 607 660 subito

142 678 209 800 stante
227 676 324 733 oculos
346 675 477 732 tenebras
494 674 606 745 patiun-

157 765 191 802 ur
209 752 251 802 71.

126 813 320 884 σταλτικόςτ
339 815 499 874 cucurbitas
516 817 607 872 stalti-

142 906 190 944 cas
212 889 243 943 id
266 890 310 944 est
336 886 545 943 constrictorias
564 894 607 943 33.

142 966 176 1015 47
196 959 242 1029 (cf.
263 958 335 1016 Occl.
354 960 425 1014 Ascr.
444 959 500 1014 ulcr.
515 965 540 1027 2,
557 965 607 1014 103

143 1030 317 1087 cucurbitam
376 1029 607 1100 constrictiram).

143 1101 265 1157 stalticis
287 1101 318 1155 id
341 1102 385 1156 est
404 1099 606 1156 constrictoriis

143 1179 186 1228 to.
229 1172 264 1240 cf.
284 1170 353 1226 Sim.
376 1187 398 1226 a
420 1171 605 1228 c....Oass.

141 1243 189 1297 Fe.
223 1242 349 1312 capitulo
381 1243 438 1311 (33)
471 1243 507 1297 de
535 1242 606 1298 tussi

142 1312 271 1368 humida:
295 1312 423 1369 stalticas
441 1312 523 1368 Greci
543 1330 605 1370 con·

144 1383 284 1439 strictivas
302 1387 414 1439 vocant.

125 1449 295 1525 σταφυλήε
313 1455 416 1524 stafyle
431 1454 533 1525 (stafile
546 1456 574 1524 p)
589 1472 606 1509 a

143 1525 257 1582 Graecis
270 1526 440 1596 appellatur,
456 1542 542 1594 quam
555 1541 606 1580 nos

143 1614 228 1652 uvam
247 1595 365 1652 dicimus
384 1602 427 1653 36.

123 1664 243 1741 orico:
279 1668 374 1723 unde.
391 1667 606 1722 ..steatomata

143 1741 287 1795 vocantur.
306 1755 372 1794 nam
383 1737 483 1794 Graeci
492 1737 606 1808 adipem

143 1813 218 1866 stear
236 1809 334 1866 dicunt
352 1815 395 1865 27.

125 1877 276 1954 coacedet
289 1881 414 1937 ciborum
428 1879 605 1950 qualitas...

143 1955 255 2022 oportet
278 1969 338 2009 csse
358 1951 433 2008 sicca
451 1951 497 2006 vel
516 1949 607 2006 solida

143 2026 193 2079 aut
207 2024 386 2093 corpulenta,
405 2039 489 2092 quam
507 2021 607 2077 Graeci

143 2098 254 2150 sterean
272 2096 375 2163 (sterea
397 2094 485 2162 codd.)
504 2094 608 2149 vocant

125 2234 264 2301 στὶγματ
305 2234 441 2304 stigmata
477 2232 607 2289 dicuntur

144 2306 319 2360 characteres
350 2304 502 2373 nominati,
536 2321 606 2374 quos

142 2374 327 2430 militantium
345 2391 445 2430 manus
463 2374 510 2429 vel
526 2374 606 2429 femi-

142 2446 607 2501 narumMaurarumvultusosten-

143 2517 186 2572 dit
201 2523 242 2572 13.
266 2519 302 2583 cf.
312 2516 379 2573 sim.
390 2534 411 2571 a.
421 2533 446 2571 c.
461 2558 468 2572 .
485 2559 491 2572 .
506 2557 512 2570 .
529 2515 605 2570 Cass.

142 2588 190 2644 Fe.
210 2588 344 2657 stigmata
362 2587 515 2642 cicatrices.

126 2654 329 2727 στοματικὴε
353 2657 492 2713 confectio
514 2656 606 2724 oralia,

144 2744 228 2796 quam
248 2728 349 2784 Graeci
375 2727 542 2783 stomaticen
558 2745 606 2783 vo·

144 2802 210 2855 eant
229 2806 272 2855 36.

126 2869 432 2941 στρογγυλοτομὶαε
459 2868 608 2925 rotundam

145 2941 317 3011 (incisuram)
373 2958 458 3010 quam
509 2939 608 2996 Graeci

680 327 711 390 6,
729 326 764 376 21
783 320 903 390 quedam
925 322 1004 378 ruine
1029 323 1143 380 virtutis

680 408 751 461 quas
778 391 855 462 greci
882 391 1012 463 sincopas
1040 399 1144 451 vocant

680 464 730 546 (sic
748 464 830 547 etism
847 461 1010 520 Galateam
1027 467 1144 522 retinuit

674 537 1144 675 6166166666.

679 677 719 732 ec.
738 675 807 732 Bas.
828 681 897 732 ross
911 694 943 746 p.
963 678 1035 745 aar).

663 743 873 833 συγκριτιξός
904 778 939 790 -
970 749 1025 804 vid.
1058 767 1141 817 μετοιν

680 835 865 887 commanos.

662 883 823 954 σύκωσιςε
846 889 883 943 ad
906 889 1017 960 sycosin
1035 890 1142 960 (palpe-

679 960 803 1029 brarum)
827 976 912 1028 quam
934 978 985 1016 nos
1007 961 1144 1016 ficitatem

679 1028 815 1115 dicimus,
836 1100 843 1112 ι
861 1031 1000 1113 siquidem
1043 1031 1145 1115 similis

678 1102 909 1242 stultiut
922 1103 1144 1242 {tiridatis

678 1244 724 1311 (cf.
749 1243 887 1298 Demostt.
910 1261 956 1313 cp.
980 1244 1144 1300 866661-

678 1313 769 1382 cosis).
793 1344 827 1354 -
852 1313 967 1369 sicotice
992 1317 1080 1383 (med.)
1101 1321 1143 1370 74.

660 1379 865 1451 σύμπασματ
889 1383 1072 1454 simpasmata
1090 1385 1144 1439 tali

678 1454 720 1510 uti
746 1455 879 1524 oportet.
896 1497 901 1508 .
917 1495 923 1508 .
939 1455 1086 1510 cribellata
1113 1455 1143 1508 in

678 1525 780 1581 balneo
808 1525 985 1595 aspergenda
1010 1532 1026 1578 6
1051 1528 1089 1593 (7.
1117 1533 1142 1581 8.

679 1598 731 1665 76).
760 1596 794 1662 cf.
811 1595 883 1651 (luel.
899 1596 969 1651 Aur.
985 1612 1029 1651 occ.
1045 1602 1070 1664 2,
1090 1602 1144 1651 218

678 1668 745 1736 (altr.
764 1673 792 1733 3,
810 1672 853 1722 93.
887 1672 916 1734 5,
935 1673 978 1722 39.
998 1669 1044 1735 76)
1070 1685 1142 1735 sym-

677 1737 853 1809 pasmatibus
868 1738 981 1793 utentes
999 1754 1071 1806 quae
1089 1753 1142 1791 nos

678 1807 841 1880 aspergines
860 1807 1022 1863 dixerimus.

660 1875 915 2006 usuum
946 1878 1143 2006 ilmttplitl

679 2021 864 2093 digestorium
885 2027 928 2076 42.

660 2089 1144 2161 odnatwuarcrquaeadraecis

678 2163 1144 2300 ztrslttttslltttsnt

677 2307 719 2361 ccl
731 2303 824 2360 dicere
838 2304 992 2374 poterimus
1000 2306 1033 2374 p)
1045 2311 1087 2359 46.
1107 2275 1145 2371 6ίῖ

680 2375 1143 2445 0.A.clor.4,14symptoma...

678 2447 754 2516 quod
768 2463 819 2501 nos
835 2445 964 2503 accidens
982 2445 1075 2501 dicere
1093 2463 1143 2515 po-

678 2518 803 2573 terimus.
844 2525 875 2586 3,
905 2524 954 2572 131
984 2517 1144 2572 accidentia

678 2589 841 2658 passionum
859 2604 931 2657 quae
950 2586 1049 2642 Graeci
1068 2604 1142 2655 sym·

678 2660 808 2729 ptomata
830 2660 940 2715 vocant.
979 2674 1023 2714 oa.
1048 2665 1076 2725 1,
1101 2663 1143 2713 71.

679 2736 705 2798 2,
725 2736 760 2786 30
779 2736 825 2787 etc.

661 2799 864 2871 συναγχικός
878 2833 911 2841 -
926 2802 981 2857 oid.
992 2817 1013 2856 a
1026 2795 1144 2870 ἀγχόνη.

662 2873 820 2943 συνεχήςε
853 2889 921 2927 nam
948 2872 1049 2927 Graeci
1078 2887 1144 2925 con-

679 2943 790 3000 tinuam
840 2942 1045 3013 (spirationem)
1097 2940 1144 2994 vel

143 3012 398 3084 strongylotomian
416 3014 520 3068 vocant
540 3017 581 3068 18.
679 3015 776 3086 iugem
812 3013 908 3084 synesi
938 3011 1066 3081 (sinecim
1097 3026 1144 3078 pp,

126 3079 287 3156 στρόφοςτ
310 3084 348 3138 ad
371 3083 489 3139 stroinm
511 3082 543 3137 id
566 3085 610 3138 est
682 3085 804 3141 sineosm
836 3084 905 3140 Sim.
936 3098 957 3138 a
991 3080 1144 3149 sinanchis)

143 3157 251 3210 tortum
269 3155 374 3211 ventus
393 3161 435 3210 50.

126 3221 291 3297 συγκοπὴε
315 3225 477 3296 aliquanti.
493 3271 499 3283 .
515 3267 521 3280 .
536 3227 609 3281 hanc

143 3298 302 3364 passionem
339 3296 521 3366 (cardiacam)
554 3297 609 3351 sin-

144 3382 233 3435 copen
260 3368 474 3449 appellaverunt
503 3367 534 3422 id
567 3371 609 3422 cst

142 3438 367 3506 amputatronem
393 3445 435 3493 64.
473 3439 508 3505 cf.
527 3439 606 3495 Alea.

663 3155 827 3296 ⁰szssth
840 3160 987 3293 dilingam
1005 3220 1064 3276 sive
1079 3238 1143 3304 con3

680 3297 789 3353 tinuam
812 3294 919 3350 febrem
939 3309 1024 3363 quam
1043 3291 1144 3348 Graecr

680 3367 795 3423 sinocon
813 3366 911 3421 dicunt
928 3371 971 3418 61.

662 3433 794 3510 σύριγξι
817 3436 925 3492 fistulas
943 3436 1043 3493 Graeci
1062 3435 1144 3491 sirin-
