2414 3924
143 191 205 254 334
434 204 466 252 s.
485 201 515 250 c.
535 203 634 252 εειει
647 203 852 275 ιιειιιειιιιιε,

142 358 256 418 nomios
272 357 392 433 fallere,
411 359 476 436 quia
491 374 584 436 acque
599 376 705 436 aspera
721 368 780 428 est;
797 369 828 421 ιιι
842 360 945 439 aliquis
964 361 1040 421 banc
1056 378 1140 444 osse,

143 443 253 503 etiamsi
268 443 338 501 rima
356 449 416 517 εει,
433 442 576 501 existimet
591 458 626 500 eo
643 442 727 518 loco,
743 461 800 521 quo
824 443 945 504 subesse
966 443 1042 506 banc
1061 453 1140 510 veri·

142 525 235 586 simile
252 534 312 584 est..
326 524 406 601 Ergo
421 542 457 583 co
474 527 589 584 nomine
604 523 700 603 decipi
717 544 774 585 non
791 537 923 606 oportet:
941 528 994 588 sed
1010 547 1047 590 os
1067 550 1139 610 aps·

141 611 199 669 rire
217 611 386 671 tutissimum
401 617 455 667 εει.
479 608 550 667 Nam
566 625 661 686 neque
678 610 777 688 utiquc
789 620 871 688 ¹certa
884 612 983 690 sedes,
1000 621 1030 671 ιιι
1048 634 1139 694 supra

142 693 227 773 posui
242 694 323 770 (cap.
343 692 371 767 i,
385 691 476 771 icit),
493 701 651 751 suturarum
668 701 726 760 est;
755 703 783 753 et
802 703 899 772 potest
916 695 990 754 idem
1007 705 1038 755 ει
1056 708 1164 758 natu-s

142 777 241 837 raliter
264 776 445 835 commissum
467 785 495 834 ει
517 777 573 834 ictu
599 777 695 835 lissum
719 794 804 854 esse,
826 779 948 852 juxtave
964 779 1073 857 aliquid
1089 783 1138 840 iis·

142 878 204 921 som
218 858 338 919 babere.
371 859 446 932 Quin
465 861 566 935 etiam,
584 858 632 917 ubi
649 860 722 918 ictus
737 860 790 919 iuit
808 862 1017 938 vehementior,
1036 881 1138 942 quam·

141 944 186 1005 vis
211 942 336 1021 specillo
361 942 431 1002 nihil
452 943 609 1017 invenitur,
631 951 724 1002 tamen
746 946 861 1022 aperire
885 944 1064 1005 commodius
1080 959 1137 1008 εει.

142 1027 187 1088 Αε
203 1027 227 1086 εἰ
246 1045 282 1085 ne
297 1035 354 1085 tum
371 1026 485 1103 quidem
499 1028 569 1086 rima
584 1027 733 1087 manifesta
753 1038 815 1104 εει,
831 1028 1021 1088 inducendum
1044 1049 1138 1111 super

142 1129 176 1171 cs
192 1119 379 1171 atramentum
394 1110 576 1187 scriptorium
598 1119 643 1169 est
668 1110 722 1191 (ci.
746 1111 831 1190 Hipp.
846 1110 894 1172 De
917 1113 999 1172 vulo.
1023 1132 1096 1194 cap.
1114 1117 1170 1192 §10

145 1195 215 1273 14),
234 1193 337 1253 deinde
354 1193 471 1271 scalpro
493 1193 520 1252 id
537 1194 746 1256 derodendum:
776 1196 920 1272 nigritiem
941 1199 1016 1256 enim
1043 1202 1137 1259 conti·

141 1287 205 1354 net,
220 1279 244 1336 si
260 1277 327 1355 quid
343 1278 440 1337 lissum
456 1288 510 1336 εει.
537 1279 620 1337 Solet
637 1281 720 1338 etiam
736 1282 869 1356 evenire,
892 1289 921 1339 ut
937 1280 1028 1340 altera
1052 1292 1139 1361 parte

96 1400 100 1406 -
141 1361 226 1422 fucrit
242 1362 328 1438 ictus,
349 1370 377 1420 ει
394 1378 428 1420 οε
444 1361 534 1421 altera
549 1362 643 1422 fiderit
658 1361 817 1442 (it.§8).
849 1362 967 1441 ltaque,
997 1366 1020 1423 si
1037 1370 1137 1442 gravi·

141 1454 186 1506 ter
202 1445 305 1524 aliquis
328 1463 486 1524 percussus
507 1455 568 1521 εει,
596 1447 620 1505 si
641 1447 713 1507 mala
736 1446 839 1507 iudicia
861 1447 1136 1526 subsequuturam,

140 1548 235 1609 oeque
251 1549 286 1591 ea
300 1538 400 1609 parte,
417 1547 472 1608 qua
486 1532 559 1590 cutis
576 1530 696 1590 discissa
719 1540 778 1606 est,
800 1531 871 1589 rima
891 1532 1053 1609 repertun
1074 1550 1134 1593 non
1147 1548 1171 1588 ιι

140 1616 350 1676 incommodum
378 1623 436 1691 est,
459 1623 542 1691 parte
562 1614 653 1674 altera
669 1614 872 1690 considerare,
889 1633 953 1672 nuru
969 1616 1034 1692 quis
1049 1617 1135 1677 locus

140 1699 323 1773 molliorem,
342 1707 371 1757 et
385 1707 507 1767 tumeat;
524 1715 647 1776 eumque
664 1699 793 1777 aperire:
814 1698 956 1775 siquidem
977 1698 1016 1757 ibi
1035 1700 1136 1760 lissum

140 1800 174 1843 os
197 1784 369 1861 reperietur.
403 1781 467 1842 Nec
494 1791 588 1842 tamen
616 1799 720 1859 magno
747 1782 866 1859 negotio
898 1782 970 1840 cutis
994 1786 1133 1860 sanescit,

140 1862 250 1927 etiamsi
267 1867 373 1927 frustra
386 1876 466 1926 secta
482 1875 536 1925 εει.
568 1864 608 1925 0s
624 1865 763 1942 fractum,
780 1867 874 1924 nisisi
891 1883 1059 1926 succursum
1076 1877 1133 1943 εει,

139 1950 277 2027 gravibus
288 1950 555 2011 inflammationibus
571 1948 675 2025 allicit,
692 1949 895 2026 difficiliusque
908 1958 1011 2027 postea
1026 1958 1133 2010 tracta·
1143 1961 1168 2002 ιι

139 2042 194 2095 tur.
224 2036 313 2109 Raro,
332 2034 384 2093 sed
399 2034 552 2113 aliquando
568 2042 671 2109 tamen,
689 2036 800 2109 euenit,
817 2041 847 2092 ut
862 2050 896 2091 οε
911 2032 1025 2110 quidem
1042 2043 1133 2095 toturn

139 2119 279 2197 integrum
295 2128 423 2194 maneat,
445 2122 520 2177 intus
540 2135 611 2176 vcro
633 2136 670 2176 ειι
690 2118 748 2176 ictu
769 2135 843 2176 vena
858 2116 952 2194 aliqua
970 2118 998 2175 in
1016 2118 1134 2177 cerebri

139 2203 303 2262 membrana
319 2211 401 2280 rupta
419 2202 525 2280 aliquid
539 2203 684 2278 sanguinis
699 2202 804 2269 mittat;
820 2202 903 2279 isque
920 2199 959 2258 ibi
976 2212 1133 2262 concretus

139 2304 261 2364 magnos
284 2286 402 2345 dolores
418 2294 544 2359 moveat,
561 2286 720 2363 oculosque
736 2284 888 2344 obcaecet.
905 2283 965 2343 Sed
979 2284 1043 2343 iere
1063 2304 1132 2346 con·

139 2379 182 2430 tra
198 2371 225 2429 id
241 2369 325 2429 dolor
341 2378 402 2443 εει,
420 2378 457 2440 ει,
476 2385 511 2427 eo
529 2367 597 2427 loco
615 2378 680 2427 cute
702 2369 792 2428 incisa
809 2367 944 2445 pallidum
967 2385 1001 2427 os
1018 2371 1131 2446 reperi·
1142 2383 1167 2422 ιι

139 2461 198 2513 tur:
215 2452 339 2529 ideoque
354 2451 382 2510 id
399 2468 513 2529 quoque
530 2470 564 2511 os
580 2452 768 2512 excidendum
784 2461 837 2511 εει.

203 2537 390 2611 Quacumque
403 2543 496 2594 autem
514 2534 549 2593 de
566 2554 652 2595 causa
668 2537 777 2595 curatio
797 2534 869 2595 baec
888 2538 1053 2594 necessaria
1077 2546 1131 2613 εει,

139 2620 164 2679 si
177 2617 302 2678 nondum
321 2618 391 2676 satis
408 2620 480 2677 cutis
497 2620 641 2698 patefacta
660 2629 719 2689 est,
736 2619 820 2678 latius
835 2619 991 2696 aperienda
1007 2628 1063 2694 εει,
1081 2621 1131 2680 do-

138 2721 210 2777 uec,
228 2701 365 2780 quidquid
382 2701 491 2762 laesum
509 2713 569 2779 εει,
585 2705 613 2762 in
630 2712 790 2780 conspectu
807 2704 851 2761 sit.
882 2707 913 2762 lu
935 2719 991 2780 quo
1007 2703 1074 2782 ipso
1090 2705 1131 2762 vi·

139 2787 260 2849 dendonr
275 2795 333 2856 εει,
348 2804 384 2846 ne
399 2788 466 2865 quid
483 2807 520 2848 ex
535 2789 598 2865 ipsa
610 2786 813 2855 membranula,
830 2803 903 2863 qnae
920 2785 973 2846 sub
989 2795 1055 2845 cote
1072 2787 1129 2846 cal·
1141 2798 1165 2837 ιι

140 2873 246 2933 variam
262 2871 364 2948 cingit,
378 2888 467 2948 super
485 2890 518 2931 os
539 2872 730 2949 relinquatur:
754 2870 894 2947 siquidem
914 2870 988 2928 baec
1011 2870 1130 2948 scalpro

138 2957 301 3017 terebrisve
316 2956 444 3016 lacerata
459 2956 645 3015 vehementes
661 2954 760 3013 lebres
777 2971 840 3012 cum
861 2953 1130 3013 inflammationibus

140 3043 257 3101 excitat.
284 3040 385 3118 ltaque
409 3058 471 3099 eam
496 3038 671 3099 commodius
695 3046 740 3096 est
755 3055 792 3095 ex
809 3045 871 3095 toto
888 3037 923 3096 ab
941 3054 1008 3095 osse
1024 3037 1128 3097 diduci.

139 3123 267 3202 Plagam,
284 3124 308 3182 si
324 3142 361 3183 cx
377 3123 497 3183 vulnere
514 3131 575 3196 cst,
588 3123 675 3184 talem
691 3139 814 3181 necesse
827 3129 871 3180 εει
885 3120 1129 3198 habeamus,qoa·

141 3209 196 3268 lero
213 3207 427 3285 acceperimus:
443 3209 467 3266 si
483 3212 565 3265 mann
581 3206 712 3267 iacienda
727 3214 788 3281 εει,
802 3223 836 3264 ea
851 3204 914 3264 iere
931 3205 1128 3265 commodissi·
1138 3214 1163 3254 ιι

138 3310 182 3352 ma
200 3301 256 3368 εει,
276 3309 350 3369 quae
366 3290 476 3351 duabus
493 3292 666 3351 transversis
678 3289 763 3351 lineis
777 3287 930 3348 litteraell
947 3289 1065 3364 figuram
1082 3306 1128 3347 ac-

141 3377 224 3453 cipit:
243 3385 301 3435 tum
316 3373 419 3434 deinde
432 3392 448 3434 a
463 3375 584 3450 singulis
600 3366 824 3453 procedentibus
839 3371 955 3449 lingulis
972 3372 1044 3431 cutis
1063 3370 1130 3429 sub·

140 3468 264 3518 secatur.
295 3458 373 3517 luter
398 3475 483 3535 quae,
505 3459 529 3517 si
559 3458 676 3535 sanguis
693 3456 795 3533 fertur,
817 3456 941 3535 spongia
963 3454 1084 3516 subinde
1102 3457 1130 3514 in
