2414 3924
146 217 208 280 290
424 228 457 274 a.
474 227 503 275 o.
520 227 618 276 cursu
632 227 827 276 uunrornun

146 382 267 444 vitiosus
282 383 360 442 sinus
377 382 414 442 ab
428 383 541 459 integro
558 399 685 461 oorpore
701 381 790 460 digito
815 390 981 459 separatur,
1001 388 1142 460 totusque

148 485 211 528 oum
225 465 453 526 velamentosuo
477 466 625 526 eximitur:
650 475 708 526 tum
728 474 824 541 aceto,
840 466 885 524 cui
910 464 957 524 vel
977 463 1069 525 salem
1091 465 1139 525 vel

147 551 248 612 nitrum
263 549 366 627 aliquis
386 548 509 626 adjecit,
533 549 650 619 eluitur;
677 567 805 626 oraeque
823 566 879 609 una
900 557 996 608 sutura
1013 548 1139 625 jungun-

147 644 205 703 tur;
235 642 392 710 ceteraque
416 633 536 709 eadem,
558 651 632 711 quae
653 635 681 693 in
694 631 758 692 aliis
778 633 898 708 suturis,
919 631 1139 711 superinjiciuu·

147 727 207 778 tur:
230 716 335 777 leniter
349 715 467 793 deinde,
491 735 527 776 ne
541 715 641 777 lauces
656 724 775 793 urgeat,
791 715 943 793 deligatur.
975 715 1006 774 Si
1024 716 1164 795 quaudos

144 810 240 863 autem
262 801 357 859 tunica
379 800 465 860 eximi
479 818 537 859 non
553 801 661 878 potuit,
677 801 751 859 intus
767 798 963 877 inspergenda
978 798 1140 877 adurentia,

147 884 364 960 linamentisque
385 884 413 943 id
436 883 590 944 curandum
614 892 675 958 est,
699 892 728 942 et
750 884 857 942 ceteris
884 900 937 960 pus
957 882 1141 943 moventibus

147 967 201 1044 (er.
217 967 253 1043 v,
271 967 317 1045 a).

456 1180 812 1246 OAPUTXIV.

517 1285 554 1334 De
569 1284 679 1333 umbilici
695 1285 773 1337 vitiis.
1149 1291 1174 1332 10

208 1381 285 1440 Sunt
301 1383 386 1442 etiam
410 1383 487 1442 circa
509 1381 672 1441 umbilicum
692 1381 774 1460 plura
791 1382 876 1443 vitia:
899 1381 935 1442 de
953 1383 1055 1461 quibus
1071 1401 1140 1463 pro·

148 1474 214 1546 pter
227 1465 372 1525 raritatem
387 1466 461 1525 inter
482 1473 616 1525 auctores
641 1482 740 1543 parum
758 1473 878 1526 constat.
915 1466 1082 1528 Verisimile
1095 1476 1142 1528 est

147 1556 257 1624 autem,
271 1549 299 1608 id
315 1567 459 1628 equoque
476 1549 728 1628 praetermissum,
744 1549 821 1626 quod
835 1550 899 1627 ipse
914 1566 972 1609 non
990 1567 1139 1628 cognove-

147 1641 206 1694 rat:
224 1651 240 1692 a
260 1631 339 1692 nullo
360 1634 402 1709 id,
423 1632 500 1712 quod
518 1649 574 1690 non
590 1631 716 1707 viderat,
739 1632 844 1693 lictum.
873 1630 1030 1693 Commune
1050 1636 1139 1693 omni-

147 1716 201 1777 bus
216 1725 278 1792 est,
296 1714 458 1775 umbilicum
481 1714 619 1775 indecore
642 1717 805 1794 prominere
828 1716 876 1794 (P.
892 1716 969 1793 Aeg.
988 1716 1041 1793 Vl,
1063 1719 1174 1797 51):1s

149 1818 254 1861 causae
270 1802 461 1878 requiruntur.
484 1800 588 1875 Meges
604 1808 663 1858 tres
677 1797 728 1859 has
744 1801 855 1877 posuit:
872 1799 958 1860 modo
974 1800 1141 1861 intestinum

148 1901 184 1945 eo
208 1884 382 1961 irrumpere,
406 1883 491 1943 modo
514 1891 672 1957 omentum,
694 1882 779 1942 modo
801 1883 958 1944 humorem.
991 1884 1141 1946 Sostratus

148 1967 218 2027 nihil
234 1967 271 2026 de
287 1975 402 2026 omento
418 1966 502 2027 dixit:
527 1964 637 2025 duobus
658 1965 760 2026 iisdem
773 1966 895 2043 adjecit,
913 1985 1029 2026 carnem
1043 1967 1085 2027 ibi
1099 1971 1140 2027 in·

149 2050 259 2111 tendum
272 2052 453 2119 increscere;
477 2068 598 2127 eamque
613 2049 698 2109 modo
714 2050 854 2127 integram
872 2069 955 2127 esse,
971 2051 1057 2111 modo
1077 2069 1140 2112 oar·

150 2136 283 2195 cinomati
304 2134 433 2194 similem.
471 2133 594 2210 Gorgias
613 2134 677 2210 ipse
697 2149 812 2211 quoque
835 2136 942 2194 omenti
963 2137 1176 2195 mentionemao

150 2219 256 2285 omisit;
279 2218 331 2278 sed
348 2218 448 2276 eadem
467 2219 520 2276 tria
543 2225 691 2290 causatus,
717 2218 846 2295 spiritum
862 2235 977 2296 quoque
998 2219 1141 2279 interdum

150 2318 186 2361 eo
208 2301 278 2359 dixit
299 2304 468 2375 irrumpere.
499 2299 597 2358 Heron
618 2299 747 2359 omnibus
769 2299 813 2360 his
830 2310 952 2379 quatuor
966 2303 1086 2380 positis,
1111 2312 1143 2362 et

149 2385 254 2442 omenti
271 2387 443 2443 mentionem
457 2382 563 2457 habuit,
584 2392 612 2441 et
627 2384 699 2462 ejus,
714 2383 792 2461 quod
808 2383 890 2443 simul
906 2394 934 2444 et
950 2393 1096 2445 omentum
1111 2395 1143 2446 et

149 2467 311 2525 intestinum
326 2465 466 2525 babuerit.
495 2465 569 2541 Quid
586 2475 679 2526 autem
699 2467 800 2527 borum
821 2469 873 2543 sit,
897 2467 941 2527 his
961 2467 1075 2528 indiciis
1089 2487 1140 2529 oo·

148 2550 307 2625 gnosoitur.
336 2547 392 2608 Ubi
409 2549 572 2608 intestinum
594 2550 761 2628 prolapsum
784 2558 846 2626 est,
867 2559 960 2610 tumor
975 2569 1072 2630 neque
1087 2553 1139 2613 du·
1151 2571 1176 2611 m

125 2666 128 2671 ·
149 2650 212 2708 rus,
228 2648 323 2710 neque
338 2632 434 2691 mollis
450 2641 510 2701 est;
528 2635 603 2691 omni
619 2632 730 2710 trigone
742 2635 888 2702 minuitur;
905 2651 962 2694 non
977 2635 1070 2694 solum
1085 2636 1140 2695 sub

149 2716 225 2776 omni
240 2715 354 2793 calore,
376 2715 529 2776 sedetiam
546 2725 660 2776 retento
680 2719 781 2795 spiritu
798 2719 918 2786 erescit;
947 2727 1030 2778 sonat
1050 2720 1139 2779 inter-

148 2799 227 2867 dum;
254 2809 341 2877 atque
362 2798 409 2858 ubi
431 2801 614 2877 resupinatus
635 2809 680 2859 est
701 2800 818 2878 aliquis,
848 2801 969 2878 delapso
990 2803 1139 2879 intestino,

147 2884 211 2963 ipse
227 2883 339 2943 desidit.
373 2883 429 2943 Ubi
444 2900 515 2942 vero
531 2893 673 2943 omentum
689 2893 748 2960 est,
765 2893 863 2944 cetera
880 2885 981 2944 similia
998 2894 1079 2954 suut;
1095 2895 1138 2945 tu-

146 2985 209 3027 mor
223 2968 356 3044 molllor‚
380 2975 408 3025 et
426 2965 462 3026 ab
484 2967 538 3025 ima
567 2975 649 3045 parte
671 2967 761 3042 latus,
785 2977 956 3028 extenuatus
977 2970 1004 3026 in
1026 2969 1136 3028 vertice
1149 2983 1175 3023 ao

147 3060 206 3118 est;
232 3053 335 3130 siquis
352 3049 555 3128 apprehendit,
573 3049 704 3109 elabitur.
734 3050 791 3112 Ubi
812 3060 962 3129 utrumque
983 3061 1042 3129 est,
1066 3051 1137 3112 indi-

148 3135 192 3193 oia
204 3152 319 3212 quoque
334 3136 421 3193 mixta
439 3141 520 3209 sunt,
538 3141 567 3192 et
581 3133 654 3192 inter
671 3143 821 3212 utrumque
836 3135 982 3195 mollities.
1013 3135 1052 3194 Αι
1068 3153 1138 3196 oaro

147 3217 320 3292 duriorem,
337 3234 512 3294 semperque
528 3217 613 3275 etiam
625 3219 932 3295 resupinato'corpore
950 3228 1054 3294 tumet,
1070 3227 1141 3297 pre-‘

146 3301 290 3378 mentique
309 3318 367 3373 pon
390 3299 481 3374 cedit,
504 3298 649 3377 prioribus
669 3299 757 3361 facile
775 3300 954 3362 cedentibus.
986 3302 1017 3360 Si
1034 3303 1138 3362 vitiosa

147 3392 207 3457 est,
224 3383 341 3442 easdem
357 3391 440 3442 notas
455 3380 555 3460 habet,
578 3385 693 3462 quasin
710 3387 902 3445 carcinomate
918 3388 1051 3463 exposui.
1078 3384 1172 3446 tiu-n

147 3474 327 3543 morantem,
343 3465 367 3524 si
382 3465 537 3543 premitur,
557 3467 734 3527 circumlinit.
759 3467 799 3527 Αι
815 3470 931 3547 spiritus
949 3486 1070 3548 pressus
1088 3487 1137 3530 oe·
