2414 3924
143 189 204 252 280
301 210 304 216 ·
419 192 824 242 caementorumque

142 365 237 418 autem
252 338 462 431 superveniens
477 348 513 410 ab
532 351 670 410 interiore
690 358 773 427 parte
792 345 985 408 membranula
1005 349 1138 411 includit.

142 439 201 501 Sub
214 438 259 496 bis
279 444 359 514 gutta
377 435 504 494 humoris
522 441 581 497 est,
605 434 653 492 ori
673 431 740 492 albo
762 431 879 500 similis;
903 448 920 490 a
942 449 998 510 qua
1019 433 1140 494 videndi

141 522 263 583 facultas
278 519 487 599 proficiscitur:
504 507 783 595 κρυσταλλοειᾶής
797 534 813 576 a
829 514 949 576 Graecis
964 518 1139 577 nominatur.

207 606 254 664 14.
276 602 366 680 Igitur
381 602 429 661 vel
450 621 487 661 ex
503 597 622 676 morbo,
642 599 690 660 vel
713 618 751 658 ex
771 601 830 658 ictu
852 601 1017 659 concrescit
1035 599 1140 661 humor

142 691 195 752 sub
210 687 320 748 duabus
335 687 448 760 tunicis,
461 702 517 764 qua
532 684 627 744 locum
642 701 761 743 vacuum
777 701 844 742 esse
853 684 993 762 proposui
1004 685 1049 762 (p.
1063 685 1163 762 279,s

80 779 95 785 ”
141 773 258 850 1.-32);
285 771 368 847 isque
394 769 530 847 paulatim
557 769 760 843 indurescens,
780 768 911 826 interiori
934 771 1082 847 potentiae
1104 788 1139 828 se

142 856 272 938 opponit.
306 853 433 930 Vitiique
450 853 512 930 ejus
534 853 633 930 plures
653 853 771 930 species
787 859 866 920 sunt;
890 852 1030 928 quaedam
1053 869 1138 914 sana·

141 941 232 1016 biles,
256 936 396 1017 quaedam
424 952 497 1013 quae
527 938 702 995 curationem
731 952 788 994 non
813 933 967 994 admittunt.
1011 934 1084 995 Nam
1115 939 1138 995 si

142 1027 246 1102 cxigua
267 1021 386 1081 suffusio
407 1029 470 1096 est,
488 1020 512 1078 si
532 1019 702 1094 immobilis,
724 1017 856 1077 colorem
877 1037 948 1078 vero
970 1019 1056 1079 babet
1078 1038 1137 1080 rna·

141 1111 221 1170 rinae
242 1123 349 1184 aquae,
370 1103 417 1162 vel
442 1103 512 1162 lerri
533 1104 666 1180 nitentis,
683 1111 711 1161 et
731 1120 748 1160 a
765 1101 858 1160 latere
875 1119 990 1162 sensum
1011 1102 1137 1182 aliquem
1150 1124 1172 1165 ro

141 1191 265 1268 fulgoris
281 1188 425 1266 relinquit,
441 1205 511 1264 spes
527 1196 671 1264 superest.
696 1187 725 1244 Si
740 1201 842 1261 magna
859 1193 913 1262 est,
930 1187 954 1244 si
970 1187 1052 1263 nigra
1069 1206 1137 1265 pars

142 1275 234 1349 oculi,
251 1275 355 1331 amissa
371 1270 491 1330 naturali
507 1271 615 1348 ligura,
632 1271 661 1329 in
682 1269 766 1329 aliam
783 1270 918 1346 vertitur,
939 1272 962 1328 si
985 1270 1136 1330 suffusioni

143 1358 226 1421 color
250 1355 401 1415 caeruleus
421 1362 479 1430 est,
502 1363 549 1413 aut
571 1353 775 1429 cumsimilis,
799 1353 823 1411 si
844 1351 939 1430 labat,
967 1362 996 1413 et
1017 1352 1073 1413 bac
1094 1364 1135 1414 at·

142 1460 198 1523 que
214 1440 280 1500 illac
293 1448 441 1516 movetur,
459 1439 506 1496 vix
522 1455 653 1515 umquam
668 1436 853 1496 succurritur.
878 1435 953 1496 llere
970 1454 1040 1497 vero
1050 1439 1137 1516 peJor

143 1535 201 1603 εει,
220 1541 277 1603 quo
294 1542 332 1582 ex
352 1523 487 1599 graviore
511 1522 612 1580 morbo
635 1519 831 1596 maj0ribusve
855 1521 955 1598 capitis
975 1521 1135 1600 doloribus,
1149 1541 1170 1580 ιι

143 1610 189 1670 vel
206 1610 262 1667 ictu
282 1606 500 1666 vehementiore
518 1615 579 1665 orta
596 1613 650 1663 est.
684 1603 787 1681 Neque
806 1603 911 1663 idonea
934 1605 1073 1666 curationi
1089 1625 1135 1665 se·

142 1693 207 1754 nilis
229 1700 309 1751 aetas
326 1700 387 1766 εει,
404 1707 478 1766 quae
495 1691 556 1748 sine
573 1705 649 1748 novo
667 1688 751 1764 vitio,
775 1697 869 1747 tamen
892 1691 983 1748 aciem
1001 1688 1137 1749 hebetem

142 1777 242 1837 babet:
264 1794 299 1835 ac
319 1793 355 1832 ne
369 1774 488 1852 puerilis
507 1774 635 1853 quidem;
656 1771 708 1831 sed
723 1773 798 1830 inter
819 1772 871 1831 has
887 1772 990 1832 media.
1027 1772 1137 1833 Oculus

142 1878 257 1941 quoque
285 1859 423 1919 curationi
455 1876 549 1936 neque
579 1859 716 1933 exiguus,
749 1873 843 1933 neque
877 1873 1039 1933 concavus,
1066 1861 1136 1917 satis

142 1953 321 2023 opportunus
349 1950 402 2001 εει.
446 1941 542 2021 Atque
561 1942 653 2019 ipsius
678 1940 842 1999 suffusionis
879 1941 1017 2018 quaedam
1046 1950 1169 2007 matu-20

141 2031 210 2088 ritas
234 2037 286 2087 est.
322 2025 556 2104 Exspectandum
573 2027 659 2102 igitur
682 2033 741 2101 εει,
766 2024 859 2083 donec
877 2025 937 2098 J'am
958 2041 1015 2083 non
1036 2024 1136 2102 liuere,

141 2113 194 2173 sed
211 2112 311 2170 duritie
329 2110 448 2189 quadam
471 2110 658 2169 concrevisse
683 2107 821 2168 videatur.
858 2108 933 2168 Ante
959 2110 1136 2169 curationem

141 2205 234 2256 autem
263 2194 375 2253 modico
408 2194 472 2252 cibo
495 2195 550 2269 uti,
575 2193 676 2252 bibere
704 2210 806 2270 aquam
835 2193 929 2253 triduo
952 2191 1054 2261 debet;
1078 2196 1136 2271 pri-

141 2281 187 2339 die
199 2279 235 2337 ab
250 2279 380 2338 omnibus
394 2276 548 2336 abstinere.
594 2276 664 2336 Post
683 2277 755 2336 baec
776 2279 804 2335 in
825 2277 949 2336 adverso
971 2276 1054 2336 sedili
1074 2278 1136 2337 col-

140 2362 279 2422 locandus
307 2371 351 2420 est
376 2361 443 2420 loco
472 2359 584 2436 lucido,
616 2361 721 2419 lumine
744 2360 866 2420 adverso
889 2362 950 2438 sic,
976 2370 1006 2419 ιιι
1035 2371 1170 2424 contrane

140 2444 268 2503 medicus
285 2444 370 2521 paulo
386 2443 469 2502 altius
487 2442 603 2503 sedeat:
623 2462 640 2502 a
661 2445 824 2521 posteriore
840 2453 932 2504 autem
950 2454 1029 2522 parte
1048 2455 1137 2525 caput

141 2529 203 2602 ejus
229 2530 356 2586 minister
379 2529 540 2602 contineat,
565 2535 593 2585 ut
615 2526 759 2586 immobile
775 2526 803 2585 id
821 2537 964 2606 praestet:
989 2546 1052 2587 nam
1075 2528 1135 2588 levi

141 2619 217 2669 motu
229 2612 300 2687 eripi
318 2612 396 2669 acies
413 2612 441 2668 in
457 2620 626 2688 perpetuum
640 2620 745 2689 potest.
765 2611 838 2685 Quin
855 2614 939 2670 etiam
955 2613 1017 2689 ipse
1031 2611 1135 2671 oculus

141 2692 311 2752 immobilior
325 2693 476 2752 iaciendos
491 2704 549 2770 εει,
567 2713 654 2773 super
669 2694 789 2754 alterurn
806 2694 869 2757 lane
889 2695 1021 2772 imposita
1038 2703 1067 2753 ει
1083 2696 1133 2755 de·

139 2778 237 2855 ligata.
273 2775 372 2836 Curari
393 2794 463 2836 vero
482 2779 597 2837 sinister
616 2777 717 2837 oculus
734 2778 835 2839 dextra
856 2797 954 2853 manu,
972 2779 1074 2837 dexter
1095 2781 1132 2837 si·
1144 2798 1169 2838 ro

139 2865 229 2923 nistra
241 2862 336 2924 debet.
366 2862 437 2922 Tum
449 2883 516 2924 acus
529 2864 704 2924 admovenda
718 2873 763 2923 est
775 2872 856 2923 acuta
869 2872 897 2922 ut
908 2863 997 2940 ioret,
1010 2861 1135 2923 sednon

139 2949 253 3007 nimium
267 2950 376 3016 tenuis;
394 2968 488 3028 eaque
505 2947 678 3007 demittenda
693 2955 773 3007 recta
791 2955 837 3006 est
853 2964 907 3023 per
924 2964 1046 3005 summas
1063 2948 1134 3007 duas

139 3029 249 3087 tunicas
270 3027 364 3087 medio
385 3025 452 3085 loco
476 3027 549 3084 inter
570 3025 645 3085 oculi
673 3027 784 3102 nigrum
806 3036 834 3086 ει
855 3027 988 3103 angulum
1009 3033 1134 3107 tempori

140 3112 324 3188 propiorem,
349 3129 365 3167 ε
388 3112 509 3187 regione
531 3110 643 3169 mediae
665 3109 830 3169 suffusionis
848 3113 907 3187 sic,
927 3130 963 3170 ιιε
987 3129 1042 3188 qua
1058 3127 1134 3170 vena

139 3192 278 3252 laedatur.
300 3193 403 3269 Neque
420 3203 514 3253 tamen
529 3194 624 3252 timide
637 3194 808 3254 demittenda
821 3204 880 3269 εει,
898 3196 962 3272 quia
977 3197 1052 3254 inani
1064 3194 1133 3255 loco
1143 3218 1167 3258 ιι

141 3278 291 3354 excipitur.
315 3276 360 3334 nd
376 3294 460 3352 quem
483 3296 567 3354 quum
588 3287 701 3336 ventum
723 3288 782 3354 est,
805 3297 840 3336 ne
864 3277 1051 3338 mediocriter
1072 3282 1133 3355 qui-

140 3359 203 3418 dem
222 3364 329 3437 peritus
351 3357 411 3418 lalli
438 3369 548 3438 potest;
573 3363 639 3438 quia
657 3363 798 3438 prementi
814 3361 882 3420 nihil
898 3364 1038 3420 renititur.
1076 3363 1134 3421 Ubi

140 3459 175 3500 eo
199 3452 311 3503 ventum
336 3451 396 3519 est,
422 3443 582 3503 inclinanda
604 3462 673 3503 acus
694 3445 729 3504 ad
754 3447 845 3524 ipsam
865 3445 1052 3504 suffusionem
1076 3455 1132 3523 εει,
