2414 3924
511 248 553 259 ·-
602 213 666 276 142
713 213 761 259 -—'

125 359 244 438 aliquod
268 358 463 418 fortissimum
487 356 557 416 dare
576 356 622 417 vel
645 374 795 437 apponere
815 375 912 436 neque
937 360 1140 419 vacuationem

125 447 252 527 aliquam
275 447 386 527 lacere,
410 464 498 525 quam
521 448 644 506 cenosin
667 454 786 526 vocant,
815 448 876 506 sive
899 464 954 525 per
982 446 1140 527 clysterem

125 553 224 597 acrem
251 533 415 595 adhibitum
443 537 504 594 sive
538 552 593 614 per
624 538 829 614 purgatorium
858 535 959 595 datum
991 538 1052 596 sire
1085 555 1140 615 per

124 623 332 685 flebotomiam.
373 623 426 683 sed
453 629 610 702 postquam
641 623 795 702 aegritudo
822 625 928 703 pepsin
961 625 1079 705 lecerit,
1109 625 1139 685 id

98 721 170 774 aest
207 713 416 792 digestionem,
450 719 518 790 post
552 710 633 771 Vllll
669 719 720 772 aut
756 710 797 771 xl
828 713 1028 793 accessiones,
1066 731 1140 792 quas

125 800 230 862 Graeci
259 802 449 881 episomasias
477 809 597 880 vocant,
629 800 775 861 adiutoria
807 807 926 879 oportet
957 803 1140 880 impendere.

124 909 192 951 nam
217 898 246 950 et
269 889 425 950 Galenus
448 888 483 949 ad
504 888 685 949 Glauconem
709 888 844 949 scribens
868 891 921 950 ait:
945 892 998 968 qui
1019 892 1140 970 inipso

124 980 209 1039 initio
232 978 351 1058 aliquod
374 978 622 1038 medicamentum
651 977 812 1058 dederunt,
840 976 877 1038 de
901 978 1028 1056 simplici
1052 998 1141 1058 quar·

124 1077 192 1129 tana
219 1068 393 1146 irequenter
417 1065 566 1146 duplicem
589 1066 739 1145 lecerunt,
762 1065 898 1126 similiter
921 1069 1004 1127 etin
1029 1067 1142 1148 duplici

86 1170 111 1209 10
125 1156 230 1216 dantes
257 1154 404 1234 triplicem
433 1163 608 1234 quartanam
636 1155 780 1215 lecerunt.
822 1163 853 1214 et
878 1156 988 1216 iterum
1012 1158 1053 1216 ait
1075 1159 1141 1236 ipse

125 1263 215 1323 supra
239 1252 419 1305 memoratus
443 1243 614 1324 Galenus,
642 1261 674 1303 se
698 1244 790 1303 scisse
814 1243 963 1303 medicum
992 1245 1141 1323 quendam

124 1334 155 1392 in
182 1335 247 1412 ipso
275 1334 360 1392 initio
388 1331 582 1411 aegritudinis
610 1349 715 1392 ausum
743 1333 835 1392 luisse
864 1332 934 1391 dare
959 1332 1014 1392 sub
1042 1332 1141 1394 tribus

126 1422 277 1498 quartanis
304 1419 449 1481 laboranti
472 1421 638 1481 antidotum
665 1420 744 1499 quod
768 1420 932 1500 appellatur
961 1420 1140 1482 dieobidnon

126 1508 256 1569 theriace
279 1508 335 1569 sub
358 1512 423 1587 ipso
442 1517 576 1589 ternpore
600 1511 763 1591 augmenti,
786 1518 817 1570 et
834 1509 1073 1570 increscentibus
1097 1512 1140 1570 le·

85 1609 111 1650 15
124 1597 229 1658 brihus
258 1597 430 1658 ardentibus
458 1616 492 1658 ac
519 1597 639 1677 iugibus
666 1598 712 1658 vel
735 1599 884 1658 continuis
915 1598 1066 1659 hominem
1090 1617 1139 1659 oc-

125 1686 203 1746 cidit.
251 1686 329 1746 unde
366 1685 436 1747 olim
469 1688 591 1747 senior
626 1686 870 1766 Hippocrates
903 1694 1069 1748 commotus
1106 1690 1138 1746 in

124 1775 264 1836 alorismo
293 1775 471 1854 generaliter
501 1775 611 1836 dixisse
634 1775 816 1854 ostenditur,
844 1782 1006 1836 maturatas
1034 1793 1139 1836 causas

124 1863 234 1925 debere
261 1865 374 1947 curari,
402 1857 510 1925 crudas
539 1881 608 1924 vero
636 1865 766 1924 minime.
806 1872 965 1943 propterea
994 1863 1140 1925 admoneo

124 1961 158 2013 ut
185 1961 252 2033 post
280 1952 357 2014 Vllll
382 1954 427 2013 vel
450 1952 490 2012 Xl
520 1951 690 2033 periodum,
718 1955 744 2012 si
771 1952 848 2013 sorte
872 1953 962 2012 mmia
985 1955 1138 2032 sanguinis

83 2041 275 2121 optentum
304 2044 449 2122 coegerit,
481 2045 512 2102 in
540 2039 662 2101 brachio
690 2043 813 2101 sinistro
840 2057 945 2100 venam
972 2041 1138 2102 medianam

196 2246 492 2301 levacuationemc.
600 2247 644 2300 bic
666 2251 702 2315 p⁰
723 2247 756 2300 a'n
780 2261 880 2314 marg..
908 2245 1096 2315 Ypocretes'
1086 2265 1096 2301 1
1122 2267 1141 2302 a

123 2319 179 2405 dig.
207 2333 266 2388 Not
290 2335 364 2402 quod
388 2334 483 2403 plures
509 2336 574 2389 sunt
598 2350 681 2390 cause
705 2333 735 2387 in
758 2333 860 2403 quibus
886 2336 981 2388 errant
1007 2334 1138 2391 faciendo

124 2406 272 2461 elisterem.
304 2408 337 2459 ut
358 2404 405 2459 hic
423 2404 478 2459 et
470 2423 499 2459 m
517 2421 590 2475 pass.
611 2410 657 2460 ca⁰
677 2406 823 2475 (capitulo)
841 2405 876 2458 de
902 2405 1138 2462 melfcctionibus

123 2475 308 2546 itenosinc,
328 2476 462 2531 chenoain
474 2493 506 2545 p.
570 2480 718 2532 vocante.
737 2476 879 2544 dicuntp
943 2475 1055 2532 elistere
1075 2494 1139 2532 ecre

124 2550 249 2616 (-crum
263 2548 296 2616 p)
316 2564 357 2630 cp.
439 2547 633 2602 3adhibitum
651 2564 747 2616 emp
828 2547 926 2601 datum
947 2562 1044 2614 cnop
1121 2555 1139 2601 4

123 2627 192 2701 pesi-
203 2635 236 2686 cp
259 2617 348 2687 (posin
362 2624 398 2687 p⁰
420 2620 452 2673 in
462 2621 576 2700 marg).
683 2618 827 2673 facente:
846 2634 944 2686 oncp
1055 2623 1137 2671 dac·

124 2687 297 2744 cessionisc.
389 2689 649 2759 dapisemeaiesc,
675 2689 859 2759 episomasp.
950 2687 1138 2744 adiutorioc:

123 2775 219 2828 ommp
297 2763 406 2815 ietc.
399 2777 526 2848 onnp
592 2762 785 2830 galienuscp
803 2760 878 2828 (Gal.
899 2759 959 2827 XI,
977 2763 1033 2828 40).
1106 2763 1140 2813 ul

122 2831 159 2886 ed
162 2831 251 2913 glo.
324 2831 373 2901 qui
386 2825 482 2902 (booclz
501 2832 577 2902 quod
592 2819 683 2901 (q)p,
704 2831 806 2900 Quotq,
820 2832 979 2900 (quotquot,
992 2847 1048 2900 pro
1062 2831 1139 2900 quod

122 2901 171 2971 qui
175 2904 241 2971 ?.)c
313 2906 378 2957 bet
395 2919 487 2959 cmc
560 2903 592 2956 in
609 2903 793 2972 duplicemp.
868 2908 902 2955 10
922 2906 1138 2971 quartanamc.

122 2989 172 3028 om
191 2990 222 3042 p.
335 2980 368 3027 11
388 2991 473 3044 supra
495 2977 711 3030 memoratusc:
734 2989 784 3031 om.
799 2990 823 3042 p
844 2974 891 3040 (cf.
912 2973 975 3029 Gal.
996 2973 1060 3039 XI,
1082 2978 1138 3041 40).

125 3051 156 3098 12
170 3043 236 3131 ipso
255 3061 350 3114 om..p
426 3053 458 3100 13
477 3045 671 3101 laborantibus
690 3062 731 3114 cp
803 2978 1140 3112 dieonoc,d1aon'1dop

122 3112 229 3184 ldie*
192 3136 248 3170 των
258 3112 378 3187 ἐχιδνῶν
389 3117 472 3186 Get..)
538 3123 571 3170 14
580 3116 677 3171 unaco
687 3133 728 3185 cp.
787 3115 924 3184 temporis
934 3117 1086 3184 augmento
1096 3132 1138 3183 cp.

124 3193 155 3242 15
171 3188 257 3243 velc-
251 3205 305 3243 ·ac
315 3205 344 3257 p.
411 3195 444 3243 16
459 3187 567 3243 olima:
583 3188 619 3243 al.
634 3188 735 3257 (aic)p‚
749 3186 791 3242 ali
805 3186 898 3255 (aliua)
907 3191 950 3254 p⁰
1018 3202 1138 3254 ypocras

123 3275 145 3324 c,
162 3263 310 3327 ypocrates
325 3277 347 3328 p
365 3260 465 3328 (Hipp
480 3259 532 3326 III,
554 3264 602 3313 711
624 3259 723 3327 Lips..)
796 3255 918 3326 ialop:
938 3256 1138 3312 amforismoc

124 3334 156 3383 17
180 3331 336 3384 ostenditur
359 3330 411 3385 hoc
435 3331 478 3385 est
502 3301 654 3384 dicerem.
679 3333 771 3383 cetc
791 3345 813 3383 c.
923 3334 956 3383 18
980 3343 1077 3382 curare
1096 3344 1137 3396 cp

121 3414 240 3523 ern
243 3400 556 3538 ,Patrne
471 3399 1029 3539 necti
1043 3405 1080 3538 1
1099 3399 1138 3452 ”³
