2414 3924
154 222 213 284 166
444 233 476 280 s.
494 232 524 280 c.
540 232 639 281 crnsr
653 233 848 281 numenius

151 390 219 448 sciri
241 387 327 464 volo,
350 390 379 446 in
399 391 481 447 uncia
505 388 616 466 pondus
633 388 813 447 denariorum
828 397 941 465 septem
958 406 1041 447 esse:
1063 389 1147 447 unius
1178 382 1205 423 s

150 471 254 533 deiude
276 471 385 531 denarii
407 471 519 549 pondus
542 470 629 530 dividi
654 490 669 531 a
690 489 735 529 me
757 472 785 528 in
806 480 972 568 sextantes,
1021 480 1051 530 ut
1071 470 1146 530 idem

149 559 178 616 in
193 563 324 614 sextante
341 555 449 614 denarii
464 554 600 630 babeam,
628 554 705 633 quod
720 553 822 614 Graeci
838 554 970 614 babent
962 572 990 612 ur
1006 570 1043 613 eo
1060 572 1145 633 quem

149 628 273 719 ὀβολόν
290 637 448 716 appellant.
481 638 513 698 ld
533 638 568 698 ad
583 647 682 698 nostra
696 637 825 716 pondera
840 637 961 696 relatum
975 637 1061 716 paulo
1079 639 1144 716 plus

149 723 265 784 dimidio
282 720 411 800 scripulo
426 721 505 782 lacit
1155 741 1167 779 u

212 807 241 867 2.
267 805 441 882 Malagmata
456 823 544 880 vero,
569 815 654 884 atque
670 805 842 883 emplastra,
867 804 1048 882 pastillique,
1069 823 1143 883 quos

147 888 342 970 τροχίσκους
364 888 468 948 Graeci
490 897 609 965 vocant,
639 907 723 968 quum
745 887 864 966 plurima
886 886 985 948 eadem
1005 887 1141 963 babeant,

147 975 281 1035 dilieruut
296 990 349 1047 eo,
369 974 445 1051 quod
462 973 632 1050 malagmata
646 975 767 1031 maxime
784 990 821 1031 ex
833 970 971 1031 odoribus
982 989 1141 1051 eorumque

147 1060 232 1118 etiam
253 1056 391 1132 surculis,
422 1057 578 1135 emplastra
601 1056 765 1135 pastillique
789 1056 882 1133 magis
907 1075 944 1115 ex
970 1055 1141 1134 quibusdam

146 1141 298 1202 metallicis
318 1141 397 1199 liunt.
433 1140 545 1201 Deinde
566 1140 736 1217 malagmata
757 1148 876 1199 contusa
901 1139 1013 1200 abunde
1038 1139 1139 1199 molle·
1152 1155 1173 1194 u

147 1234 244 1285 scunt:
265 1241 329 1282 uam
346 1242 433 1302 super
448 1226 589 1301 integram
605 1232 698 1284 cutem
710 1224 888 1299 injiciuntur:
905 1222 1054 1283 laboriose
1066 1241 1139 1282 vero

147 1316 332 1368 conteruntur
354 1325 404 1384 ea,
436 1327 471 1367 ex
496 1307 597 1386 quibus
620 1306 774 1386 emplastra
799 1307 964 1386 pastillique
986 1308 1069 1383 iiuut,
1104 1326 1139 1366 ne

146 1391 260 1452 laedant
275 1390 408 1468 vulnera,
425 1410 510 1470 quum
519 1392 652 1469 imposita
664 1399 736 1450 sunt.
759 1389 835 1450 luter
847 1391 1033 1470 emplastrum
1046 1401 1138 1450 autem

145 1483 175 1534 et
197 1474 341 1552 pastillum
362 1475 419 1535 boc
444 1478 581 1550 interest,
611 1473 687 1553 quod
712 1474 897 1553 emplastrum
920 1475 1017 1552 utique
1039 1473 1137 1553 liquati

145 1557 251 1636 aliquid
271 1560 393 1636 accipit:
416 1561 444 1618 in
464 1559 579 1637 pastillo
600 1567 706 1619 tantum
723 1558 800 1618 arida
815 1558 1022 1618 medicamenta
1040 1558 1171 1637 aliquota

143 1641 263 1701 humore
273 1643 439 1719 junguntur.
463 1642 533 1702 'lum
549 1642 732 1721 emplastrum
748 1642 804 1701 hoo
819 1643 903 1702 modo
920 1642 964 1702 lut:
986 1641 1064 1701 arida
1079 1660 1136 1700 me·

143 1725 303 1786 dicamerrta
326 1744 379 1804 per
397 1746 429 1786 se
449 1734 592 1796 teruntur;
614 1725 718 1786 deinde
741 1728 836 1785 mixtis
857 1727 900 1785 bis
921 1725 1073 1785 instillatur
1090 1736 1137 1785 aut

143 1819 268 1886 acetum,
292 1819 340 1868 aut
359 1812 384 1869 si
400 1811 463 1889 quis
479 1811 624 1870 aliusnon
641 1811 754 1889 pinguis
769 1809 869 1869 humor
885 1828 1059 1870 accessurus
1080 1818 1135 1885 est,

143 1903 172 1954 et
195 1913 229 1953 ea
249 1912 348 1953 rursus
364 1912 452 1954 exeo
468 1903 610 1954 teruntur:
634 1912 668 1954 ea
684 1911 771 1968 vero,
797 1912 871 1972 quae
887 1893 990 1972 liquari
1004 1903 1135 1971 possunt,

142 1977 177 2038 ad
196 1980 293 2054 ignem
307 1978 389 2036 simul
404 1976 560 2056 liquantur;
582 1987 610 2036 et
628 1979 651 2036 si
666 1977 732 2056 quid
748 1977 806 2037 olei
820 1977 937 2036 misceri
952 1975 1055 2053 debet,
1077 1987 1134 2036 tum
1144 1999 1169 2038 so

141 2060 309 2121 infunditur:
333 2061 472 2120 interdum
495 2063 578 2120 etiarn
602 2061 709 2121 aridum
723 2061 839 2139 aliquod
855 2079 892 2120 ex
908 2060 974 2120 oleo
990 2062 1070 2139 prius
1087 2079 1135 2120 co-

141 2145 245 2224 quitur.
284 2143 340 2205 Ubi
362 2145 439 2203 lacta
461 2155 541 2220 sunt,
566 2163 639 2221 quae
661 2145 816 2222 separatim
832 2145 894 2203 lieri
911 2143 1086 2220 debuerunt,
1107 2147 1135 2204 in

140 2246 225 2286 unum
242 2229 335 2286 omnia
351 2229 515 2286 miscentur.
550 2227 589 2285 At
602 2227 709 2305 pastilli
722 2227 795 2286 baec
810 2230 883 2287 ratio
900 2236 959 2287 est:
981 2228 1060 2287 arida
1075 2247 1133 2287 me-

141 2310 299 2369 dicamenta
322 2312 443 2370 contrita
465 2309 584 2369 humore
606 2328 664 2369 uon
686 2312 801 2388 pingui,
825 2320 854 2370 ut
869 2313 951 2388 vino,
975 2310 1022 2371 vel
1038 2321 1133 2387 aceto,

141 2402 297 2467 coguntur,
322 2403 350 2452 et
363 2409 464 2452 rursus
480 2401 598 2469 coacta,
615 2396 790 2464 inarescunt;
815 2404 916 2473 atque,
933 2394 980 2453 ubi
998 2394 1131 2454 utendum
1142 2416 1168 2454 aa

140 2483 200 2548 est,
228 2476 356 2549 ejusdem
377 2477 496 2552 generis
518 2476 636 2537 bumore
661 2478 812 2538 diluuntur.
850 2477 919 2537 'lum
946 2477 1132 2556 emplastrum

139 2558 306 2635 imponitur,
336 2559 467 2637 pastillus
488 2560 619 2637 illinitur,
646 2571 693 2623 aut
714 2562 799 2622 alicui
821 2562 947 2622 molliori
967 2571 997 2620 ut
1020 2571 1131 2637 cerato,

138 2641 283 2700 miscetur.

447 2813 470 2871 O
482 2813 511 2872 A
522 2815 547 2872 P
561 2815 590 2874 U
603 2815 631 2872 T
666 2815 698 2873 Χ
708 2816 762 2874 VI
774 2816 790 2872 I
801 2816 827 2874 Ι.

517 2930 553 2979 De
572 2930 739 2996 Malagmatis.
1139 2937 1164 2977 to

195 3064 246 3124 llis
270 3066 407 3142 coguitis,
438 3067 557 3142 primum
578 3065 749 3141 malagmata
772 3065 935 3141 subjiciant,
967 3083 1041 3144 quae
1064 3066 1128 3125 lere

135 3165 193 3207 non
215 3157 279 3207 sunt
301 3148 508 3225 refrigerandi,
532 3148 583 3208 sed
606 3148 795 3208 calefaciendi
812 3163 897 3209 causa
913 3158 1040 3228 reperta.
1075 3149 1128 3209 Est

134 3238 242 3307 tamen,
265 3232 342 3309 quod
361 3231 536 3308 refrigerare
552 3233 658 3309 possit,
683 3231 718 3291 ad
735 3232 842 3293 calidas
857 3232 1004 3310 podagras
1019 3241 1126 3312 aptum.

133 3313 227 3374 Habet
250 3315 346 3391 gallae
369 3324 397 3374 et
418 3317 581 3374 immaturae
608 3322 637 3374 et
661 3315 796 3391 alterius,
827 3317 971 3376 coriandri
998 3318 1125 3391 seminis,

134 3398 262 3473 cicutae,
286 3398 421 3457 lacrimae
436 3399 549 3472 aridae,
564 3400 695 3474 gummis,
702 3399 879 3494 singulorum
897 3398 1012 3477 plenum
1029 3408 1123 3460 aceta-
1135 3419 1162 3458 as

134 3479 243 3557 bulum,
262 3483 351 3541 cerati
368 3480 452 3559 eloti,
472 3480 550 3559 quod
568 3471 782 3561 πεπλυμὲνον
798 3482 902 3542 Graeci
917 3491 1039 3559 vocant,
1058 3483 1125 3542 seli·
