2414 3924
136 179 176 241 78
430 190 464 239 s.
484 189 513 238 c.
530 188 630 237 cnnsr
645 187 841 236 stammana

136 355 242 409 tanturn
255 342 429 404 imbecillius
443 342 581 404 redditur.
612 342 812 402 Accessiones
835 343 920 402 etiam
938 341 1024 402 modo
1041 344 1141 420 singu·

135 430 182 490 lac
202 428 323 505 singulis
344 426 445 487 diebus
464 427 548 502 liunt,
573 425 660 485 ruodo
681 425 765 485 binae
789 425 926 506 pluresve
948 436 1140 489 concurrunt:

137 531 174 572 ex
190 529 248 591 qno
265 529 354 591 saepe
371 512 485 584 evenit,
512 519 541 569 ut
564 507 692 589 quotidie
714 509 813 586 plures
831 510 1018 570 accessiones
1038 513 1142 570 renuis·

136 599 291 674 sionesque
304 597 374 662 sint;
391 595 435 653 sio
449 603 553 670 tamen,
570 603 599 652 ut
611 609 798 671 unaquaeque
814 594 899 653 alicui
912 594 1000 670 priori
1016 612 1141 672 respon·

136 679 212 739 deat.
245 677 389 737 Interdum
411 695 483 736 vero
503 677 692 737 accessiones
714 694 830 754 quoque
851 677 1061 736 confunduntur
1085 679 1165 754 sic,e

137 773 167 824 ut
181 763 274 822 notari
293 778 388 838 neque
399 769 532 841 tempora
544 778 652 835 earum,
668 778 763 837 noque
780 762 872 837 spatia
891 762 1013 838 possint.
1036 761 1142 838 Neque

136 863 236 906 verum
251 854 312 920 est,
329 842 406 921 quod
421 843 523 903 dicitur
538 862 554 903 a
572 842 755 922 quibusdam,
778 844 884 903 nullam
905 844 1017 903 febrem
1033 845 1141 904 inordi-

136 937 230 990 natam
246 945 331 1003 esse,
347 928 402 985 nisi
418 937 465 987 aut
482 946 519 986 ax
534 928 654 1003 vomica,
670 936 719 987 aut
734 946 771 987 en
788 928 1021 1004 inflammatione,
1039 938 1086 987 aut
1103 947 1142 989 cx

136 1013 251 1072 ulcere:
274 1011 390 1071 facilior
404 1013 479 1070 enirn
495 1028 612 1088 semper
628 1012 737 1071 curatio
755 1012 847 1088 foret,
869 1013 892 1071 si
907 1010 966 1071 boc
980 1028 1080 1071 verum
1095 1031 1141 1073 cs·

137 1105 190 1156 set.
222 1093 280 1154 Sed
297 1092 376 1172 quod
393 1093 542 1154 evidentes
560 1111 666 1155 causae
682 1095 797 1171 iaciunt,
812 1095 913 1154 iacere
926 1099 1011 1155 etiam
1025 1096 1141 1156 abditae
1152 1113 1176 1154 ao

137 1187 267 1257 possunt.
297 1176 400 1254 Neque
417 1177 453 1236 de
467 1196 516 1254 re,
539 1177 592 1237 sed
606 1177 642 1237 de
657 1178 749 1238 verbo
766 1180 994 1237 controversiam
1011 1189 1140 1256 movent,

137 1263 185 1340 qui
208 1278 293 1339 quum
309 1259 393 1319 aliter
408 1262 551 1339 aliterque
573 1263 602 1319 in
617 1261 721 1323 eodem
742 1259 844 1320 morbo
861 1260 960 1319 febres
986 1264 1140 1341 accedunt,

137 1362 194 1405 non
211 1344 328 1404 easdem
343 1344 503 1405 inordinate
518 1343 625 1418 redire,
644 1344 697 1403 scd
709 1344 781 1404 alias
793 1343 925 1422 aliasque
936 1343 1058 1404 subinde
1070 1351 1141 1408 oriri

138 1427 243 1490 dicunt.
283 1426 366 1502 Quod
388 1435 483 1487 tamen
506 1427 542 1487 ad
569 1427 684 1487 curandi
707 1428 848 1487 rationem
872 1426 940 1487 nibil
969 1431 1140 1509 pertineret,

138 1513 249 1571 etiamsi
263 1523 333 1572 vere
349 1509 504 1570 diceretur.
537 1509 681 1589 Tempora
700 1528 816 1589 qaoque
837 1511 1035 1572 remissionum
1050 1517 1139 1575 modo
1151 1532 1176 1570 ιι

137 1594 285 1672 liberalia,
302 1592 389 1655 modo
405 1596 455 1655 vix
471 1595 528 1654 ulla
549 1603 622 1654 sunt.

494 1831 678 1893 CAPUT
711 1831 777 1891 IV.

321 1945 359 1995 De
377 1943 486 1995 iebrlum
501 1947 659 1997 curationum
673 1947 782 1996 diversis
798 1947 944 2012 generibus.

200 2094 237 2155 llt
260 2096 382 2155 febrium
404 2095 516 2174 quidem
543 2098 617 2156 ratic
639 2100 760 2157 manime
781 2095 847 2157 talis
868 2106 922 2157 est.
954 2095 1136 2156 Curationum

136 2196 208 2238 vero
233 2177 347 2240 diversa
368 2196 478 2256 genera
507 2189 586 2256 sunt,
615 2189 700 2256 prout
722 2189 858 2240 auctores
880 2180 994 2257 aliquos
1021 2179 1172 2240 babentao

136 2260 329 2340 Asclepiades
344 2262 470 2322 cilicium
487 2279 553 2321 csse
568 2262 671 2322 medici
688 2263 771 2339 dicit,
786 2270 822 2324 ut
840 2269 913 2339 tato,
935 2270 970 2322 ct
987 2263 1137 2338 celeriter,

135 2344 318 2418 ctjccocde
339 2355 428 2405 curet.
455 2345 488 2405 ld
510 2355 607 2405 votum
625 2355 686 2406 est:
716 2346 769 2405 scd
790 2347 855 2407 iere
881 2347 1048 2425 periculosa
1071 2366 1139 2407 esse

135 2427 220 2486 nimia
240 2437 269 2487 et
288 2429 435 2489 festinatio
450 2437 480 2488 et
493 2429 628 2508 voluptas
643 2429 728 2489 solet.
762 2430 824 2504 Qua
847 2447 919 2489 vero
939 2429 1139 2490 moderatione

135 2508 269 2569 utendum
284 2514 337 2587 sit,
359 2521 404 2588 ut,
428 2522 561 2590 quantum
576 2513 637 2575 lieri
652 2522 764 2590 potest,
779 2514 872 2572 omnia
887 2515 943 2572 ista
958 2514 1137 2590 contingant,

136 2595 227 2672 prima
242 2613 358 2673 semper
375 2593 471 2655 habita
488 2596 591 2672 salute,
610 2599 637 2657 in
649 2598 720 2675 ipsis
733 2596 861 2675 partibus
877 2597 1054 2657 curationum
1067 2614 1135 2656 con·
1148 2620 1173 2659 ae

136 2676 318 2738 siderandum
340 2681 403 2737 erit.
445 2677 570 2739 litante
601 2683 694 2740 omnia
719 2682 882 2759 quaeritur,
912 2681 1011 2761 primis
1036 2680 1139 2741 diebus

135 2778 226 2837 aeger
253 2780 308 2839 qua
335 2763 448 2822 ratione
475 2764 664 2824 continendus
685 2767 730 2824 sit.
768 2764 900 2843 Antiqui,
922 2765 1139 2825 medicamentis

136 2844 304 2923 quibusdum
322 2846 409 2923 datis,
434 2849 653 2908 concoctionem
667 2848 873 2916 moliebantur:
897 2867 932 2909 eo
951 2849 1028 2928 quod
1046 2849 1137 2908 crudi-

135 2936 222 2987 tatem
236 2932 358 2989 maxime
374 2930 546 2991 horrebant:
564 2932 668 2993 deinde
681 2950 744 2992 eanr
758 2934 915 3008 materiam,
933 2951 1008 3011 quae
1020 2932 1136 2993 laedere

134 3011 301 3090 videbatur,
324 3014 455 3074 ducendo
478 3017 593 3093 saepius
609 3017 702 3076 alvum
723 3014 929 3076 subtrahebant
944 3017 1000 3095 (cl.
1015 3013 1093 3092 Aplu.
1111 3013 1134 3087 l,
1145 3013 1196 3072 ao·

135 3095 203 3173 22).
229 3096 423 3176 Asclepiades
444 3098 651 3159 medicamenta
676 3099 804 3167 sustulit;
832 3100 926 3160 aluum
953 3117 1011 3160 non
1037 3099 1134 3170 toties,

135 3179 187 3239 sed
208 3180 271 3240 fere
291 3190 385 3241 tamen
407 3181 434 3239 in
455 3184 530 3242 omni
553 3183 672 3259 morbo,
701 3181 850 3243 subduxit:
872 3184 957 3244 icbre
975 3198 1047 3243 vero
1071 3184 1135 3258 ipsa

137 3265 293 3343 praecipue
308 3283 341 3324 se
357 3265 393 3324 ad
409 3266 565 3326 remedium
581 3268 643 3341 ejus
658 3268 698 3325 uti
713 3267 865 3343 professus
877 3277 932 3327 est.
962 3266 1135 3327 Convellen-

136 3344 187 3406 das
205 3349 278 3406 enim
296 3349 374 3407 vires
390 3351 471 3424 aegri
486 3351 610 3428 putauit,
637 3350 716 3423 luce,
738 3349 856 3426 vigilia,
881 3352 926 3410 siti
944 3351 1069 3428 ingenti,
1093 3351 1136 3409 sio

134 3438 164 3487 ut
185 3448 222 3488 ne
244 3447 278 3489 os
299 3430 411 3508 quidem
434 3432 532 3510 primis
548 3432 650 3492 diebus
668 3433 726 3492 elui
746 3434 869 3504 sineret;
901 3452 958 3513 qno
978 3436 1069 3510 magis
1083 3433 1171 3495 fal-ee
