2414 3924
424 227 457 272 A.
471 224 501 274 0·
515 225 614 274 OELSI
626 227 821 275 rottmcrnnn

463 533 648 595 CAPUT
682 535 735 596 ΙΙ.

288 646 398 706 Qualiter
411 661 439 696 se
453 661 530 713 agere
542 645 650 696 debeant
661 649 704 710 qui
715 645 851 696 imbecilles
865 655 931 697 sunt.

181 800 220 860 At
242 797 394 858 imbecillis
415 800 489 876 (quo
511 799 539 856 in
568 814 687 856 numero
713 815 816 874 magna
837 816 905 876 pars
932 798 1114 877 urbanorum,

120 900 278 961 omnesque
294 899 386 960 paene
402 881 496 960 cupidi
513 881 658 940 literarum
671 882 764 958 sunt),
784 880 950 941 observatio
962 883 1055 957 major
1067 902 1114 943 ne·

120 968 245 1028 cessaria
263 974 322 1034 cst;
338 973 383 1041 ut,
403 965 480 1042 quod
497 966 544 1024 vel
564 966 715 1043 corporis,
732 963 779 1024 vel
794 964 862 1041 loci,
879 964 925 1024 vel
943 963 1026 1025 studii
1041 969 1137 1030 ratior.

120 1050 257 1126 detrahit,
282 1066 350 1108 cura
371 1050 511 1108 restituat.
548 1048 595 1108 llx
613 1049 658 1108 his
683 1049 786 1125 igitur,
813 1050 861 1127 qui
877 1047 952 1107 bene
969 1052 1115 1126 concoxit,

119 1153 201 1195 mane
218 1141 277 1192 tuto
293 1141 409 1208 surget;
428 1133 475 1210 qui
492 1150 603 1211 parum,
622 1133 774 1210 quiescere
791 1131 895 1207 debet,
919 1140 964 1207 et,
986 1134 1010 1191 si
1033 1151 1115 1192 mane

120 1217 255 1295 surgendi
269 1217 429 1275 necessitas
445 1215 542 1290 luerit,
558 1214 731 1275 redormire:
757 1215 804 1293 qui
826 1233 885 1274 non
902 1217 1054 1292 concoxit,
1078 1235 1116 1276 ex

119 1311 180 1361 toto
197 1301 419 1380 conquiescere,
442 1317 477 1360 uc
493 1317 588 1377 neque
605 1299 698 1359 labori
713 1317 762 1375 se,
784 1316 877 1377 neque
900 1299 1115 1376 exercitationi,

120 1402 214 1463 neque
230 1385 356 1462 negotiis
374 1383 506 1443 credere.
530 1383 585 1459 Qui
600 1383 717 1442 crudum
732 1383 794 1441 sine
810 1381 1049 1461 praecordiorum
1065 1383 1114 1443 do·
1126 1401 1151 1443 to

120 1470 183 1529 lore
199 1476 298 1543 ructat,
315 1470 339 1526 is
354 1486 391 1527 ex
405 1466 560 1527 intervallo
576 1484 676 1546 aquam
692 1465 826 1543 frigidam
841 1465 958 1544 bibere,
981 1475 1012 1526 et
1025 1485 1058 1526 se
1074 1469 1114 1526 ni·

119 1552 177 1612 lrilo
198 1554 288 1610 minus
313 1553 470 1611 continere.
507 1549 644 1611 Habitare
661 1567 733 1609 vero
756 1550 888 1612 aedilicio
911 1550 1024 1627 lucido,
1049 1569 1114 1630 per·

120 1637 215 1696 ilatum
226 1636 374 1710 aestivum,
387 1634 536 1694 hibernum
551 1634 643 1694 solem
655 1633 795 1705 habente;
810 1653 916 1696 cavere
928 1636 1115 1695 meridianum

119 1719 229 1794 solem,
246 1720 408 1778 matutinum
424 1728 452 1778 et
466 1721 662 1797 vespertinum
679 1718 786 1795 iriqus;
809 1721 934 1800 itemque
957 1738 1041 1780 auras
1064 1719 1114 1779 llu-

118 1800 221 1863 minum
238 1811 323 1881 atque
338 1811 519 1880 stagnorum
539 1805 722 1881 minimeque,
738 1802 836 1864 nubilo
853 1805 953 1880 coelo,
973 1805 1149 1883 soliape·1s

119 1888 211 1964 rienti,
227 1905 259 1946 se
278 1889 470 1962 committere,
488 1906 524 1948 ne
540 1888 626 1948 modo
644 1888 752 1964 frigus,
775 1887 860 1948 modo
883 1888 962 1949 calor
982 1897 1113 1955 moveat;

119 1989 191 2051 quae
208 1989 256 2030 res
271 1974 391 2031 maxime
407 1971 581 2047 gravedines
602 1971 869 2049 destillationesque
891 1973 1025 2032 concitat.
1055 1972 1113 2031 lia·

119 2057 164 2133 gis
180 2072 251 2114 vero
267 2055 403 2132 gravibus
420 2054 495 2114 locis
509 2059 562 2116 ista
578 2053 718 2134 seruanda
744 2063 825 2128 sunt,
851 2055 879 2112 in
905 2054 1007 2132 quibus
1029 2057 1114 2114 etiam

119 2140 310 2219 pestilentiam
325 2140 440 2199 iaciunt.
466 2140 548 2198 Scire
561 2148 654 2199 autem
666 2137 741 2212 licet,
758 2141 899 2214 integrum
912 2155 1019 2217 corpus
1034 2156 1113 2212 esse,

119 2242 203 2303 quum
221 2222 348 2301 quotidie
364 2239 447 2282 mane
463 2224 543 2281 urina
558 2221 639 2297 albu,
663 2220 765 2280 deinde
786 2222 849 2281 ruia
870 2231 929 2281 est:
951 2221 1020 2280 illud
1045 2238 1149 2281 con-no

120 2324 259 2384 coquere,
279 2305 335 2365 hoc
352 2307 526 2365 concoxisse
541 2306 693 2382 significat.
726 2303 782 2365 Ubi
799 2313 988 2383 experrectus
1006 2314 1052 2364 est
1063 2304 1114 2365 ali·

119 2391 193 2469 quis,
213 2389 325 2468 paulurn
341 2390 544 2448 intermittere:
560 2389 681 2464 deinde,
703 2391 756 2447 nisi
772 2389 862 2448 hiems
877 2398 938 2464 est,
960 2389 1064 2448 lovere
1081 2406 1114 2448 os

118 2473 204 2532 multa
226 2491 299 2550 aqua
324 2472 426 2550 frigida
451 2472 546 2532 debet.
589 2474 697 2551 Longis
719 2472 819 2533 diebus
846 2474 989 2533 meridiari
1017 2474 1114 2550 potius

119 2565 183 2617 ante
200 2557 307 2626 oibum;
325 2559 369 2615 sin
383 2559 483 2633 minus,
501 2567 567 2635 post
584 2576 662 2617 eum:
681 2576 732 2636 per
747 2556 869 2616 hiemem
881 2558 1057 2636 potissimum
1071 2564 1113 2614 to-

118 2643 154 2700 tis
174 2641 305 2699 noctibus
328 2641 546 2720 conquiescere.
586 2644 635 2700 Sin
655 2641 859 2700 lucubrandum
881 2651 941 2715 est,
962 2656 1020 2698 non
1045 2648 1149 2717 postes

120 2722 212 2782 cibum
228 2723 255 2782 id
271 2725 381 2800 lacere,
398 2725 450 2784 sed
464 2733 530 2803 post
546 2727 774 2786 concoctionem.
804 2725 895 2798 Quem
918 2723 1040 2783 interdiu
1064 2722 1112 2781 vel

119 2807 285 2884 domestica,
303 2809 350 2867 vel
368 2808 461 2869 civilia
478 2809 573 2869 cilicia
590 2817 756 2884 tenuerunt,
777 2808 843 2867 huic
864 2817 975 2886 tempus
997 2806 1113 2885 aliquod

118 2892 288 2951 servandum
305 2893 444 2952 curationi
460 2895 593 2971 corporis
612 2894 654 2953 sui
670 2902 722 2951 est.
759 2892 850 2951 Prima
875 2902 970 2953 autem
985 2893 1049 2966 ejus
1065 2909 1112 2949 ou-

118 2976 200 3052 ratio,
216 2978 386 3037 exercitatio
400 2985 460 3052 est,
484 2994 558 3054 quae
575 2995 691 3055 semper
707 2975 882 3036 antecedere
899 2977 993 3036 cibum
1008 2974 1111 3035 debet:

117 3060 145 3118 in
161 3076 207 3136 eo,
225 3061 272 3138 qui
287 3062 377 3120 minus
391 3061 543 3137 laboravit,
561 3070 589 3120 et
604 3060 678 3119 bene
695 3061 846 3136 concoxit,
862 3061 1001 3138 amplior;
1018 3060 1046 3117 in
1062 3075 1109 3132 eo,
1121 3077 1146 3116 oo

118 3143 164 3220 qui
183 3143 318 3222 fatigatus
339 3154 399 3220 est,
422 3154 450 3204 et
471 3145 561 3202 minus
584 3145 735 3218 concoxit,
756 3145 911 3203 remissior.
953 3141 1111 3202 (lomrnode

117 3245 188 3287 vero
206 3238 345 3290 exercent
363 3229 439 3288 clara
456 3229 552 3305 lectio,
570 3246 655 3303 arma,
672 3227 739 3304 pila,
756 3245 865 3303 cursus,
881 3226 1050 3294 ambulatio;
1070 3234 1110 3284 at·

117 3327 172 3387 que
189 3313 261 3372 haec
278 3333 334 3374 non
351 3314 445 3390 utique
462 3312 557 3390 plana,
575 3310 752 3369 commodior
768 3320 828 3377 cst;
855 3310 995 3388 siquidem
1009 3309 1111 3368 melius

117 3411 254 3455 ascensus
270 3414 386 3474 quoque
403 3406 431 3455 et
447 3395 606 3454 descensus
623 3411 684 3453 cum
702 3394 822 3471 quadam
843 3395 981 3455 varietate
1002 3410 1110 3472 corpus

116 3488 227 3548 movet;
244 3482 298 3538 nisi
313 3487 407 3538 tamen
426 3478 454 3537 id
471 3495 608 3556 perquam
624 3476 797 3537 imbecillum
813 3486 867 3537 est.
900 3476 1005 3538 llelior
1017 3486 1145 3540 autemus
