2414 3924
535 198 776 262 -112-

148 344 269 405 seminis
292 341 427 424 feniculi,
450 359 551 403 ameos
573 342 604 402 id
627 350 675 403 est
692 344 815 403 seminis
837 342 996 423 vilicionis,
1019 342 1160 406 bacarum

146 432 236 512 lauri,
272 430 359 493 dauci
395 432 513 510 cretici,
549 432 683 492 omnium
721 433 853 510 quinque
889 432 992 492 uncias
1028 433 1161 512 singulas

147 522 250 600 semis,
273 522 386 581 caricas
408 521 535 599 pingues
558 536 684 581 numero
702 517 754 578 XV
777 537 846 581 cum
868 536 944 599 aqua
967 527 998 580 et
1019 520 1106 582 melle
1131 533 1161 583 et

146 607 263 669 modico
291 607 356 669 oleo
384 625 496 687 coques
524 616 554 668 et
581 624 725 689 appones,
758 614 789 668 et
815 616 884 687 post
911 607 1088 688 cataplasma
1113 609 1160 671 dia

121 705 318 776 sspermaton
341 695 513 776 epithimate
536 697 632 757 uteris
654 703 706 756 aut
728 694 775 756 dia
798 713 938 757 samsucu
961 699 1100 776 superius
1124 698 1159 759 ad

146 787 354 846 ventositatem
377 784 523 846 stomachi
545 785 666 863 scripto.

319 941 321 945 ’
399 941 483 1003 XLV.
520 941 568 1002 dd
592 960 718 1003 renum
741 941 908 1003 dolorem.

234 1067 365 1148 Piperis,
392 1065 582 1146 petroselini,
614 1068 704 1148 asari,
738 1063 878 1127 bacarum
906 1065 995 1148 lauri,
1028 1072 1162 1133 omnium

147 1164 288 1236 quattuor
309 1157 392 1235 paria
415 1153 547 1234 pondera
569 1153 679 1215 tundes
700 1170 807 1215 cernes
830 1153 1001 1235 diligenter,
1024 1165 1055 1218 et
1078 1158 1161 1219 dabis

107 1259 133 1297 1⁰
147 1243 326 1305 coclearium
352 1243 366 1302 l
397 1245 429 1303 in
461 1259 548 1321 passo
576 1240 724 1322 tepefacto
750 1243 903 1321 potionem
931 1245 1033 1305 ieiuno
1063 1247 1161 1308 tribus

145 1330 259 1393 diebus.
302 1339 333 1392 et
361 1333 387 1390 si
413 1329 606 1391 immobiliter
628 1348 661 1391 se
689 1329 797 1391 habeat
819 1339 972 1413 aegrotus,
1002 1334 1160 1396 confestim

106 1425 108 1430 '
146 1419 306 1481 sanabitur.
355 1421 402 1480 sin
433 1436 504 1479 vero
536 1426 656 1499 reperta
691 1419 782 1480 fuerit
814 1437 938 1481 arenosa
970 1419 1095 1499 qualitas
1128 1426 1159 1482 in

145 1511 241 1570 urinis
267 1516 336 1588 post
362 1506 566 1568 medicaminis
593 1509 745 1586 potionem
778 1517 942 1588 acceptam,
974 1510 1063 1570 sicuti
1095 1509 1158 1570 Ga-

144 1597 249 1659 lenus
275 1599 306 1657 in
335 1595 517 1676 diagnostice
547 1596 602 1677 ait,
629 1597 870 1657 manifestissime
893 1597 1038 1658 nefretlca
1059 1602 1159 1677 passio

106 1698 131 1738 15
145 1685 328 1765 intellegitur
350 1684 380 1745 id
405 1692 450 1745 est
473 1683 592 1745 uenalis.

231 1776 314 1855 potio
342 1775 453 1854 optimc
482 1773 674 1853 confringens
705 1772 817 1853 lapides
849 1775 881 1833 in
910 1772 1033 1835 renibus
1063 1784 1159 1836 natos.

145 1862 371 1945 carpobalsami,
412 1860 517 1942 lapidis
554 1862 606 1941 qui
641 1864 673 1923 in
710 1863 843 1941 spongiis
879 1864 962 1923 novis
999 1866 1160 1944 reperitur,

144 1951 236 2031 puleii
276 1953 349 2012 sicci
389 1950 485 2031 floris,
527 1950 637 2011 malvae
679 1952 804 2029 agrestis
845 1952 981 2033 seminis,
1026 1954 1159 2014 omnium

216 2213 357 2264 lameos.
381 2207 402 2264 1.
427 2212 515 2262 samin
532 2209 536 2276 l
551 2207 695 2263 inlucionas
718 2207 818 2262 baccas
841 2207 860 2263 l.
884 2207 912 2262 d.
936 2225 972 2262 cr.
997 2212 1056 2264 σῇ
1076 2210 1158 2278 V&

144 2276 269 2347 singulas
289 2277 307 2332 8
326 2294 364 2359 c..
421 2281 557 2334 tafroc:
577 2293 674 2348 om.p.
746 2277 927 2359 tepith'epz
946 2293 1034 2335 orac.
1107 2288 1157 2337 aut

142 2363 270 2502 stac
291 2348 757 2489 autoretate),
780 2351 1157 2494 ,a

143 2490 268 2559 aopstoli.
341 2496 358 2545 8
377 2488 509 2544 bacarum
523 2507 555 2559 p,
572 2490 724 2544 baccarum
741 2506 764 2545 c.
844 2506 970 2545 ommam
988 2496 1110 2563 quatuor
1129 2513 1156 2550 c:

142 2577 192 2616 ota.
208 2577 238 2629 p.
346 2566 362 2614 9
390 2561 471 2629 paria
493 2562 619 2630 pondera
640 2559 731 2616 tunsis
753 2561 838 2617 cratia
862 2559 1013 2631 diligenter
1035 2565 1116 2619 dabis
1135 2583 1157 2631 c,

142 2631 223 2700 paria
244 2649 270 2699 p.
300 2629 386 2684 tundo
410 2630 560 2700 diligenter
584 2633 615 2687 at
640 2647 731 2686 cerna.
762 2631 842 2687 dabis
863 2647 895 2715 p.
1005 2640 1039 2688 10
1064 2635 1157 2691 cool’r.

142 2703 163 2756 I.
187 2717 228 2770 cp.
319 2701 464 2770 potionem
486 2717 538 2758 om.
561 2719 583 2757 c.
672 2700 769 2758 ieiunia
788 2702 829 2757 ΙΠ
852 2703 951 2758 diebus
974 2722 1000 2760 c:
1024 2707 1045 2761 l.
1068 2706 1158 2761 tribus

143 2771 242 2827 diebus
260 2771 361 2826 ieiunis
374 2787 406 2839 1).
498 2777 530 2826 11
549 2772 627 2827 si-
646 2775 809 2843 agrotusp:
828 2789 916 2831 orac.
1008 2783 1041 2832 12
1061 2776 1110 2832 Sin
1129 2796 1157 2832 c:

143 2841 167 2895 si
184 2859 216 2911 p.
305 2843 418 2912 reperta
435 2858 471 2911 οι
494 2842 604 2912 repleta
621 2860 644 2898 c,
734 2861 853 2901 arenosa
874 2846 996 2914 qualitas
1018 2848 1056 2916 (vl
1080 2860 1156 2916 ψαμ-

141 2912 234 2983 pddec
249 2911 345 2982 Gutta
368 2929 516 2968 arenarum
534 2913 657 2983 qualitas
669 2918 702 2983 ὀ,
726 2931 811 2971 mona
834 2916 887 2982 (sic
903 2917 1005 2986 simpl.)
1017 2934 1049 2986 12·
1123 2925 1155 2971 13

141 2999 269 3072 galienus
286 3019 314 3071 c,
337 3000 393 3071 gel'
410 3018 439 3070 p.
522 3007 556 3056 14
574 2988 1012 3076 diagnosfcttagec,d1}stacop
1031 3007 1076 3074 (=
1091 3007 1156 3072 περὶ

140 3073 197 3127 τῶν
219 3091 286 3130 aare.
307 3068 396 3127 τόπον
420 3072 521 3142 VIII,
546 3076 619 3144 391).
725 3074 951 3142 unanimae,
974 3075 1110 3131 nefretica
1124 3095 1154 3145 p.

141 3149 176 3199 16
189 3143 336 3214 lapidem.
352 3186 359 3201 .
374 3185 381 3199 .
395 3145 493 3199 natum
502 3160 533 3212 p.
608 3150 640 3200 17
654 3145 874 3215 ilpruemittant
884 3161 927 3270 <cp
1000 3146 1110 3216 lapides
1126 3167 1155 3216 p,

139 3228 192 3270 m
215 3231 230 3271 c
252 3216 349 3284 (tideo
371 3216 422 3270 aod
446 3210 479 3270 ἐν
502 3212 636 3287 σπόγγοις
657 3210 860 3285 εὑρισκομένου
910 3216 946 3270 al.
971 3217 1077 3285 XIII,
1096 3223 1155 3275 328

139 3298 515 3377 “biddmfaresamedium
534 3303 729 3375 Asclepiadis).
819 3318 923 3372 quep,
947 3295 976 3374 οἵ
996 3322 1019 3361 c.
1114 3326 1155 3363 re-

138 3368 296 3433 anon-ea
317 3372 449 3457 -iuntm
459 3390 492 3457 p.
582 3380 617 3430 18
634 3371 742 3443 pulegii
760 3388 787 3441 c,
810 3373 899 3444 pallei
912 3391 943 3445 p.
1035 3377 1102 3432 flore
1121 3396 1154 3448 cp

187 3438 316 3511 ἠύ.)-
377 3458 695 3512 samrmcesamenp.
