2416 3936
465 215 685 280 „15-

58 377 177 420 morem
212 360 396 440 exprimere,
426 366 458 420 et
491 360 534 419 sic
568 359 818 422 medicamentum
851 381 940 442 supra
973 364 1085 427 dictum

58 448 157 509 linire.

347 569 421 631 VIII.
458 571 506 632 Ad
531 571 687 633 maculas
711 571 817 661 albas.

151 695 285 756 Maculas
297 694 377 756 albas
388 694 493 756 Graeci
507 695 613 776 alphus
626 695 728 758 leucas
742 704 931 758 vocaverunt.
958 715 1084 760 nascun-

65 793 112 845 tur
136 784 296 862 aliquando
319 785 351 845 In
375 784 458 845 vultu
481 783 637 863 aliquando
661 786 692 845 in
716 791 779 846 toto
804 803 930 864 corpore
955 805 991 846 ex
1014 787 1111 866 fleg-o

67 874 172 933 matico
196 872 286 932 nimis
309 874 371 932 acri
393 872 439 932 vel
463 873 539 933 salso
562 872 697 933 humore.

152 979 229 1041 quas
248 960 369 1039 quidem
390 963 433 1021 sic
455 960 596 1040 probabis
616 963 641 1021 si
661 979 697 1021 ex
719 970 807 1040 parte
823 963 923 1023 curari
941 970 1084 1042 poterunt

67 1057 113 1110 aut
145 1058 230 1110 certe
263 1051 384 1109 omnino
415 1048 596 1110 incurabiles
633 1050 841 1110 ostenduntur.
894 1051 1084 1129 superficiem

68 1141 153 1220 cutis,
181 1136 213 1198 id
238 1145 284 1198 est
307 1137 452 1200 maculam
476 1137 630 1199 candidam
653 1156 709 1199 acu
732 1138 778 1198 vel
805 1145 893 1198 acuto
922 1137 1083 1199 flebotomo

67 1227 215 1287 modicum
246 1244 363 1306 punges
394 1233 428 1287 ut
459 1244 520 1287 non
553 1228 642 1288 nimis
668 1235 822 1307 penetres,
855 1235 885 1289 et
913 1228 938 1287 si
968 1227 1081 1289 lacteus
1097 1243 1123 1284 10

65 1315 171 1376 tumor
198 1314 291 1375 luerit
318 1314 472 1395 exclusus,
506 1317 626 1376 omnino
654 1314 828 1376 tncurabilis
851 1315 1080 1377 demonstratur.

65 1405 179 1464 sivero
202 1421 259 1482 pro
277 1401 403 1464 humore
422 1405 543 1481 sanguis
566 1405 685 1484 exierit,
709 1411 847 1482 exparte
866 1406 966 1464 curari
984 1412 1082 1465 osten-

64 1491 152 1554 ditur.
194 1498 355 1570 propterea
383 1499 501 1571 oportet
527 1492 743 1572 flegmagcgum
772 1494 979 1571 purgatorium
1011 1492 1082 1552 dare

63 1580 140 1660 quod
161 1579 274 1641 dicitur
293 1578 456 1642 elaterIum.
493 1581 651 1642 coniicitur
669 1582 721 1641 sic.
758 1583 886 1659 accipies
906 1599 1082 1642 cucumeres

63 1687 179 1730 amaros
212 1676 346 1747 agrestes
377 1676 511 1730 maturos
542 1678 573 1731 et
607 1667 722 1729 secabis
754 1677 785 1730 et
816 1671 848 1729 in
875 1688 926 1730 vas
955 1687 1081 1730 aeneum
1096 1685 1122 1726 rs

62 1761 172 1820 mittes.
212 1756 268 1817 alia
291 1756 337 1818 die
360 1775 451 1818 manu
474 1759 624 1837 exprimes
647 1765 677 1818 et
699 1759 799 1837 ipsum
817 1776 924 1819 sucum
943 1756 999 1819 sub
1023 1758 1081 1818 ler-

63 1849 140 1908 rcnti
174 1845 239 1907 sole
271 1844 411 1927 siccabis,
443 1854 473 1907 et
504 1854 662 1925 postquam
694 1848 823 1907 siccatus
856 1847 960 1925 luerit,
992 1845 1082 1905 addes

61 1936 172 1996 iterum
195 1953 233 1994 ex
255 1936 321 2012 ipso
345 1952 417 1995 suco
441 1934 590 1996 modicum
614 1943 649 1995 ut
671 1933 747 1994 bene
772 1941 943 1994 crassescat.
984 1941 1014 1993 et
1037 1933 1082 1992 sac

61 2026 208 2084 trociscos
233 2022 441 2083 drachmarum
465 2022 663 2104 siugularum,
687 2041 723 2082 ex
747 2021 856 2100 quibus
881 2020 965 2081 dabis
988 2040 1081 2082 unum

61 2132 129 2173 cum
157 2111 256 2173 mulsa
282 2113 392 2172 ieiuno.
433 2111 490 2172 hoc
520 2110 661 2191 purgabis
689 2109 846 2171 humorem
879 2108 1020 2189 frigidum
1051 2109 1081 2170 id
1096 2126 1121 2165 eo

61 2211 105 2261 est
132 2200 349 2280 flegmaticum,
380 2203 506 2260 maxime
537 2218 553 2259 a
581 2202 676 2279 capite
704 2199 750 2259 vel
783 2218 800 2259 a
830 2199 924 2260 lundo
955 2198 1081 2272 cerebri,

61 2290 138 2350 unde
171 2291 270 2349 omnis
299 2291 464 2349 nervositas
494 2289 671 2349 infunditur.
717 2295 747 2348 ct
774 2297 843 2367 post
873 2290 1080 2369 purgationem

131 2468 146 2515 1
164 2457 372 2514 medicamento
389 2501 394 2513 .
410 2501 417 2514 .
435 2459 564 2528 .dictop
579 2457 676 2527 (Pete,
689 2459 739 2512 ubi
753 2457 877 2526 illinire).
950 2464 968 2512 4
982 2458 1082 2526 alphus

58 2531 213 2600 c(nlphes
234 2530 334 2598 Petet:
358 2529 430 2584 altos
448 2546 479 2599 p.
590 2529 669 2584 trel
689 2529 773 2582 nimis
793 2529 867 2583 Pete.
976 2544 1040 2582 acro
1059 2544 1081 2583 e.

60 2611 74 2657 i
88 2601 221 2673 poterint
230 2617 261 2670 p,
275 2603 429 2670 potuerunt
442 2618 464 2655 c.
537 2606 553 2655 8
573 2602 623 2655 cut
638 2604 726 2655 certe:
745 2602 785 2654 sie
793 2616 831 2668 pc
845 2601 873 2668 (t.
886 2600 936 2652 arat
949 2599 1081 2665 contrat).

59 2673 186 2728 ostendit
205 2671 366 2741 superficies
381 2671 453 2726 cutis
463 2687 502 2741 po
516 2671 625 2739 (Pete).
699 2677 714 2725 9
733 2670 764 2724 id
782 2674 837 2725 est:
857 2669 933 2724 idem
947 2686 970 2734 c,
989 2686 1039 2724 om.
1049 2685 1080 2736 p.

59 2746 173 2799 macula
196 2742 317 2797 candida
340 2758 354 2797 c
377 2743 422 2811 (ef.
443 2742 544 2810 Pete),
572 2741 698 2796 macules
722 2741 801 2795 albas
824 2742 870 2796 vel
893 2739 1027 2794 candidas
1050 2756 1081 2807 p.

62 2823 94 2871 10
112 2813 229 2870 modicia
248 2830 274 2869 c:
293 2830 362 2868 -co
378 2831 408 2882 p.
499 2816 530 2868 et
547 2829 604 2867 uon
622 2813 714 2867 minus
732 2831 758 2882 p.
779 2829 801 2866 c.
892 2815 970 2879 etp:
992 2811 1041 2864 sed
1060 2826 1082 2863 o.

62 2893 92 2940 11
112 2884 284 2940 incurabiles
310 2884 537 2938 demonstrentur
548 2901 582 3008 p.
675 2889 707 2938 12
727 2882 912 2949 ostenduntur
927 2899 956 2950 p.
1049 2884 1082 2932 14

61 2955 227 3012 cinctorium
241 2972 274 3024 p,
293 2954 403 3010 darium
422 2956 482 3024 (sic)
502 2971 516 3010 c
533 2959 547 3021 (
562 2949 694 3024 λατήριον
713 2969 763 3009 sec.
783 2953 938 3019 (1111111,
961 2957 1021 3007 122
1046 2956 1083 3004 est

60 3045 141 3082 uscos
164 3028 275 3095 fruetus
297 3027 448 3081 cucumeris
476 3028 610 3096 aprutio).
703 3030 735 3078 tc
760 3027 788 3079 et
811 3022 919 3079 secabis
942 3023 986 3091 (cf.
1006 3021 1082 3074 Ptin.

63 3104 104 3162 20,
124 3100 166 3166 3):
186 3100 216 3152 et
234 3095 363 3167 stipticos
378 3115 409 3166 p,
429 3098 458 3152 et
476 3097 595 3152 siccatos
614 3113 628 3151 c
647 3094 789 3164 (excitalla
808 3095 901 3164 Petu).
986 3098 1019 3145 16
1039 3107 1084 3143 ex-

65 3168 160 3237 primis
173 3185 204 3238 p.
296 3168 347 3222 sub
366 3184 392 3222 c:
413 3184 463 3222 om.
479 3185 502 3237 p
521 3169 568 3236 (ad
587 3168 675 3224 solem
695 3167 791 3235 Petu).
883 3171 915 3218 17
936 3162 1043 3216 siccabit
1061 3176 1083 3227 o,

66 3258 150 3312 siccet
174 3275 203 3326 p.
297 3263 329 3310 19
356 3257 538 3327 dragmarum
566 3259 607 3327 (ot
633 3272 736 3324 semper
763 3259 788 3308 ct
812 3257 840 3322 9)
865 3270 906 3320 ep.
996 3267 1084 3303 unum

69 3328 174 3397 (Petr.):
194 3329 224 3384 .Ι,
238 3344 284 3397 pc.
395 3334 429 3382 20
450 3345 513 3382 cum
531 3344 582 3382 om.
597 3344 619 3382 c.
709 3325 803 3380 ieiuno
823 3323 934 3392 (Petr.):
953 3339 1042 3374 —nus
1061 3338 1084 3388 c,

71 3399 142 3454 -uis
157 3417 185 3468 p.
263 3397 280 3469 5
298 3399 434 3470 purgabit
447 3416 483 3468 p:
503 3399 690 3468 depurgatum
710 3396 820 3464 (huone)
836 3411 857 3448 c.
948 3391 1084 3462 frigidum

75 3471 208 3539 ctPetr.):
227 3487 278 3526 om.
293 3487 325 3540 p.
398 3470 428 3524 id
448 3473 502 3525 est:
522 3468 548 3525 .i.
566 3486 596 3538 p,
614 3468 690 3523 idem
710 3468 769 3535 (sie)
789 3482 803 3520 c
822 3467 895 3535 (item
909 3482 940 3534 p.
959 3469 1005 3530 16,
1024 3462 1064 3530 2).
