2414 3924
536 253 577 263 ..
625 216 756 280 34.-

139 367 274 444 eruperit
296 366 327 424 in
351 372 454 424 ventre
477 362 523 424 vel
546 363 695 422 intestinis
719 369 841 423 etcum
864 363 1017 441 egestione
1042 365 1159 424 ventris

139 455 237 514 sardes
260 454 352 514 luerit
370 452 503 534 exclusa,
526 468 562 511 ex
585 458 669 530 parte
689 452 789 511 curari
807 450 989 532 ostenditur,
1012 453 1038 512 si
1056 459 1157 513 tamen

140 541 268 603 febrium
292 542 463 603 discesserit
485 540 620 600 molestia
643 546 711 617 post
734 541 922 617 eruptionem
945 540 1030 602 facta.

227 637 351 710 propter
378 648 413 690 ea
444 629 606 690 curationis
634 635 769 708 tempore
801 630 831 689 in
864 629 930 707 ipso
957 629 1043 690 initio
1071 631 1096 689 si
1124 631 1157 690 in

112 732 199 780 timo
227 719 293 780 loco
320 719 413 780 luerit
436 719 570 779 couliuus
598 715 695 798 dolor,
723 718 781 776 erit
805 716 1007 778 festinandum
1030 725 1064 778 ut
1087 728 1156 780 aute

139 826 227 886 quain
251 809 347 868 saniet
369 814 520 887 apostema
547 805 729 866 diaforeticis
753 803 907 866 adiutoriis
935 804 971 866 de
1000 806 1157 868 altitudine

43 921 67 959 r·
83 912 123 948 ²⁰2
140 897 268 957 levatum
292 896 328 958 ad
352 896 541 975 superficiem
564 895 641 955 cutis
665 901 829 974 spargatur.
850 892 905 969 lid
929 901 975 954 est
997 897 1028 955 in
1050 898 1158 975 primis

139 988 263 1066 patienti
285 985 351 1046 loeo
370 985 564 1063 sanguisugas
583 1001 714 1062 appones
736 983 793 1043 boe
817 981 914 1043 modo.
951 985 1029 1044 intra
1048 1002 1155 1046 cucur·

138 1074 229 1135 bitem
252 1073 456 1134 medicinalem
484 1072 576 1132 latum
603 1071 759 1133 linteolum
782 1073 883 1132 mittes
913 1090 1009 1151 usque
1032 1071 1068 1133 ad
1093 1091 1168 1135 soa--

99 1163 223 1242 opulas
251 1161 439 1243 cucurbitae,
466 1163 506 1222 ita
535 1168 569 1221 ut
595 1159 671 1221 labia
698 1162 793 1240 ipsius
823 1159 996 1222 cucurbitae
1029 1165 1156 1241 operias.

137 1255 168 1312 iu
192 1270 252 1329 quo
274 1250 395 1311 linteolo
420 1251 614 1329 sanguisugas
637 1248 847 1329 quamplures
869 1251 1012 1329 proicies,
1036 1257 1066 1310 et
1089 1249 1157 1312 loeo

138 1339 250 1400 dolenti
278 1339 463 1400 cucurbitam
492 1347 696 1420 supervertes,
725 1346 756 1398 et
784 1337 889 1398 leviter
913 1356 947 1398 ac
970 1339 1157 1401 sufficienter

137 1430 168 1488 in
188 1429 316 1489 circuitu
335 1427 489 1488 buteolum
507 1426 622 1506 trabes,
643 1445 702 1506 quo
721 1428 838 1506 possint
856 1429 1053 1506 sanguisugae
1072 1431 1158 1490 corio

137 1516 183 1577 vel
211 1519 274 1578 cuti
302 1516 450 1597 applicari.
491 1515 549 1576 boc
577 1533 648 1576 vero
671 1515 822 1576 moderate
851 1516 956 1596 iacies,
984 1534 1022 1576 ne
1045 1518 1158 1578 iterum

99 1619 124 1657 10
138 1607 227 1665 nimia
246 1608 381 1685 angustia
400 1607 614 1685 opprimantur.
651 1612 768 1666 etcum
787 1603 937 1665 morsibus
956 1603 1159 1687 adhaeserint,

138 1693 325 1755 cucurbitam
357 1712 426 1755 cum
457 1693 578 1754 linteolo
611 1692 743 1774 auferes,
776 1699 806 1753 et
834 1695 913 1753 sinos
941 1692 1036 1753 donec
1064 1712 1158 1774 supra

138 1782 216 1843 dicta
235 1783 369 1844 animalia
393 1784 535 1861 sauguine
555 1783 734 1861 repleantur.
771 1788 843 1842 tunc
863 1799 984 1861 asperso
1004 1782 1063 1843 sale
1082 1786 1156 1845 trito

137 1874 331 1951 sanguisugas
357 1870 524 1933 removebis
552 1878 583 1931 et
610 1870 709 1931 locum
736 1888 907 1951 perungues
935 1879 965 1930 et
995 1873 1026 1930 in
1049 1871 1157 1933 eodem

138 1960 202 2021 loco
231 1961 416 2022 cucurbitam
444 1959 557 2021 adiecta
584 1959 701 2020 flamma
728 1960 814 2041 liges,
844 1966 874 2020 et
901 1961 1075 2037 sanguinem
1104 1961 1156 2022 de-

97 2065 123 2102 ro
137 2049 238 2110 trabes
261 2061 405 2130 quantum
429 2068 533 2110 causae
553 2048 691 2109 sulficere
715 2049 809 2109 tueris
831 2047 1000 2108 arbitratus.
1038 2058 1068 2109 et
1086 2058 1170 2129 post,

140 2137 355 2198 detractionem
378 2139 530 2217 sanguinis
553 2135 695 2217 butyrum
718 2139 823 2197 tritum
846 2155 914 2198 cum
940 2139 1018 2198 uitro
1047 2137 1157 2199 inlines

139 2235 169 2286 et
192 2225 257 2286 lana
281 2225 383 2286 sucida
407 2227 561 2305 cooperies
585 2235 615 2287 et
637 2224 749 2304 ligabis.
787 2225 839 2285 sed
862 2229 887 2286 si
911 2227 987 2286 iorte
1010 2229 1155 2305 temporis
1193 2265 1197 2269 -

138 2317 213 2374 ratio
239 2315 283 2374 vel
306 2314 364 2375 loci
387 2313 513 2392 qualitas
536 2314 663 2375 iecerint
685 2324 719 2375 ut
742 2315 870 2374 inveniri
893 2316 1013 2375 minime
1036 2317 1154 2394 saugui-

211 2520 352 2603 lruperit
370 2538 429 2590 999.
511 2519 710 2603 9999999999,
731 2521 807 2576 -tre
826 2537 858 2602 99
879 2519 1010 2589 (ἰν-*ἰὰ
1028 2524 1156 2578 estante

136 2589 265 2646 inventre
279 2592 376 2646 laeserit
385 2593 427 2660 9).
501 2591 662 2647 3molestia
677 2609 721 2662 cp:
736 2590 875 2646 modestia
890 2593 953 2658 (sic)
965 2610 991 2663 9.
1063 2592 1154 2648 faeta:

135 2697 241 2752 fectum
253 2714 312 2768 999.
406 2697 580 2770 4Propt<er.
618 2698 690 2770 >p⁰,
703 2697 894 2780 Proptereec:
909 2713 1001 2768 coep.
1084 2699 1154 2754 'tle-

135 2770 250 2838 vatirp:
266 2769 332 2823 -ta
343 2775 374 2839 9ο
386 2771 433 2836 (cf.
443 2786 530 2838 supro
537 2789 566 2839 9
577 2775 613 2826 33
615 2773 687 2838 ,19)
759 2767 869 2838 ἱ..9(99)
944 2768 1156 2839 8sauguisucas

136 2845 199 2894 oete
228 2855 297 2895 corr.
328 2856 346 2908 9
377 2842 500 2905 (lteoec.
529 2847 563 2896 11
588 2858 606 2911 9
634 2847 658 2895 et
686 2845 750 2895 ante
781 2857 850 2895 corr.
878 2856 903 2895 9.
931 2846 968 2896 13
995 2846 1020 2894 et
1047 2846 1085 2897 23
1114 2844 1155 2910 9),

136 2910 250 2980 sanguis
279 2927 361 2980 sugas
392 2915 435 2977 (act
459 2918 573 2981 seraper)
595 2929 626 2981 9
750 2917 780 2964 11
810 2910 912 2980 proicis
938 2918 1002 2982 999ο
1030 2911 1154 2981 (proficis

136 2987 345 3052 ontccorr.p).
438 2983 1153 3052 1999999999999999999999.199999

136 3051 236 3107 leniter
236 3069 296 3134 99.
371 3061 402 3109 13
422 3072 477 3123 quo
495 3071 528 3124 9.
549 3055 682 3124 quodi)
692 3071 724 3123 9
742 3053 879 3122 inquoc.
954 3060 987 3108 14
1005 3052 1075 3108 facis
1092 3071 1155 3123 999.

138 3130 170 3178 16
190 3122 258 3179 sinis
277 3141 336 3194 999
412 3132 444 3180 18
463 3125 666 3194 removebisp:
687 3141 861 3193 removeor),
880 3140 1015 3180 movear.
1088 3141 1154 3192 per-

135 3212 223 3264 unges
242 3213 282 3265 99,
302 3195 380 3266 -gis
395 3213 425 3266 9.
513 3203 547 3252 20
566 3213 693 3252 causeo:
714 3213 798 3250 causa
815 3212 847 3264 9,
865 3211 916 3250 om
930 3213 961 3265 9.
1049 3201 1082 3249 21
1102 3196 1153 3249 bu-

134 3266 189 3333 ty(i
204 3269 352 3337 999999.
424 3266 560 3337 inlinisp,
581 3266 705 3334 illinire,
723 3265 829 3335 linisp.
903 3273 937 3320 22
952 3266 1078 3335 cooperis
1092 3283 1153 3337 999.

135 3343 168 3390 23
193 3337 319 3393 lecerunt
342 3339 439 3407 (leceffl
463 3355 494 3408 9,
513 3338 656 3406 leceritc
679 3310 849 3419 abfueritp
957 3339 1038 3407 utp:
1064 3339 1095 3392 et
1111 3354 1153 3407 99.

134 3407 255 3463 inveniri
272 3426 317 3478 ep:
336 3408 453 3464 iuvenili
471 3410 576 3480 (simp.
685 3429 706 3465 s.
730 3407 845 3464 minime
868 3411 1032 3478 possuntc,
1055 3428 1075 3464 s.
1096 3425 1154 3464 non

133 3477 288 3550 possintp.
