2414 3924
68 236 70 240 ⁴
136 181 177 245 90
420 193 453 239 a.
473 191 504 240 o.
525 189 836 240 onns1nnnroman

134 347 281 424 *dejectio
297 348 360 407 fuit.
390 347 420 406 si
437 348 501 425 quis
517 355 611 406 autern
625 347 654 404 in
669 343 810 420 ejusmodi
824 343 1029 409 febroleviter
1043 348 1139 424 tussit,

134 433 160 491 is
180 449 276 510 nequo
298 429 461 490 vehementi
482 430 529 490 siti
556 429 736 489 conflictatur
757 426 1139 509 (ot.Apt.1v,54),ne-

136 533 193 594 que
208 514 311 574 bibere
328 513 578 592 aquamfrigidam
593 511 693 582 debet3
709 510 810 572 sedeo
824 512 912 573 modo
928 513 1069 572 curandus
1085 524 1141 593 est,

134 616 197 678 quo
213 600 241 657 in
253 599 360 658 ceteris
375 596 505 657 febribus
523 597 712 678 praecipitur.

465 790 662 893 capua
704 835 812 893 vrrr.
1152 845 1164 884 ο

438 949 539 1000 Curatio
553 946 738 1000 semitertianae
751 950 838 1001 febris.

192 1103 232 1163 At
250 1102 299 1161 ubi
317 1102 345 1161 id
366 1120 460 1179 genus
480 1103 620 1162 tertianae
637 1111 698 1178 est,
720 1102 797 1180 quod
810 1089 1019 1181 ἡμιτριταῖοι)
1035 1103 1141 1163 medici

133 1186 303 1266 appellant,
325 1203 429 1262 magna
454 1203 522 1245 eura
549 1204 623 1264 opus
647 1193 708 1262 est,
730 1204 767 1244 ne
782 1184 811 1245 id
826 1185 916 1245 fallat.
948 1187 1043 1246 Habet
1065 1189 1142 1246 enim

88 1305 91 1310 -
136 1271 306 1349 plerumque
327 1269 496 1346 frequentes
522 1270 710 1329 accessiones
731 1268 997 1348 decessionesque,
1014 1271 1140 1348 porrigi-

134 1365 239 1430 turque
258 1351 349 1412 febris
366 1354 439 1411 inter
454 1353 542 1412 horas
560 1353 815 1431 vigintiquatuor,
833 1362 862 1412 et
880 1354 996 1430 triginta
1014 1372 1083 1423 serm
1102 1363 1140 1431 ut,
1153 1368 1176 1408 ιο

134 1436 213 1516 quod
225 1435 300 1495 idem
316 1445 377 1512 est,
390 1453 448 1494 non
465 1435 538 1495 idem
554 1455 621 1496 osse
632 1436 773 1496 videatur.
796 1436 1023 1516 Etmagnopere
1038 1455 1141 1498 neoes·

133 1520 240 1582 sarium
261 1529 323 1597 est,
343 1537 438 1598 neque
458 1520 518 1578 dari
541 1521 652 1596 eibum,
672 1520 727 1579 nisi
749 1522 777 1579 in
801 1538 835 1581 ea
856 1522 1041 1598 remissione,
1067 1539 1141 1597 quae

133 1622 205 1665 veru
226 1613 285 1674 est;
306 1612 335 1663 et
356 1602 416 1662 ubi·
426 1621 460 1663 ea
477 1605 572 1681 venit,
594 1605 725 1682 protinus
740 1603 817 1664 dari:
841 1604 1013 1682 plurimique
1031 1602 1083 1664 sub
1101 1606 1141 1665 ul·

133 1697 245 1749 teratro
261 1689 387 1748 curantis
402 1705 504 1747 errore
519 1687 614 1747 subito
630 1688 796 1748 moriuntur.
819 1687 876 1762 Ae,
890 1689 944 1748 nisi
960 1706 1141 1767 magnopere

133 1773 231 1852 aliqua
247 1792 296 1832 res
311 1770 466 1850 prohibet,
483 1774 558 1831 inter
572 1773 649 1831 initia
665 1773 782 1849 sanguis
798 1774 869 1831 mitti
882 1771 985 1842 debet;
1002 1782 1059 1831 turn
1078 1772 1139 1831 dari
1151 1789 1176 1829 rs

131 1856 234 1933 uibus,
257 1858 306 1935 qui
327 1873 421 1933 neque
436 1855 535 1916 incitet
550 1855 677 1932 febrem,
704 1864 733 1914 et
748 1865 843 1915 tumen
858 1855 976 1932 longum
993 1856 1056 1931 ejus
1074 1875 1139 1936 spa·

132 1941 203 1999 tium
220 1942 368 2001 sustineat.

487 2176 688 2238 CAPUT
728 2177 792 2236 IX.

451 2293 551 2344 ourauo
567 2294 691 2344 lentarum
704 2293 823 2346 febrium.

194 2444 412 2522 Nonnumquam
440 2446 524 2504 etiam
554 2445 649 2505 lentae
671 2446 771 2506 febres
802 2447 863 2505 sine
885 2445 944 2506 ulla
968 2445 1176 2504 remissionem

133 2546 243 2606 oorpus
259 2536 371 2596 tenent;
395 2545 430 2587 ao
445 2546 542 2606 neque
558 2530 641 2607 oibo,
663 2548 758 2608 neque
773 2529 823 2589 uili
840 2530 969 2588 remedio
985 2529 1067 2588 loeus
1083 2538 1139 2587 est.

133 2612 165 2673 fu
187 2610 244 2671 hoo
268 2629 337 2670 casu
352 2611 455 2671 medici
475 2631 543 2672 cura
560 2631 626 2672 esse
642 2613 745 2690 debet,
763 2623 792 2673 ut
810 2613 940 2673 morbum
956 2621 1060 2672 mutet:
1079 2612 1139 2671 for·

133 2705 212 2756 tasse
236 2697 310 2754 enim
335 2698 475 2756 curationi
495 2697 688 2775 opportunior
705 2698 763 2756 fret.
795 2699 891 2775 Saepe
907 2697 995 2773 igitur
1011 2715 1049 2754 ex
1065 2713 1138 2774 aqua

133 2778 255 2856 frigida,
278 2780 322 2837 oui
345 2780 440 2839 oleum
461 2783 497 2840 sit
512 2781 671 2857 adjectum,
692 2798 799 2860 corpus
820 2782 883 2855 ejus
905 2779 1139 2859 pertractandum

134 2871 195 2938 est,
218 2864 352 2941 quoniam
367 2864 507 2923 interdum
526 2867 569 2924 sio
587 2867 702 2939 evenit,
728 2874 758 2923 ut
772 2865 877 2924 horror
894 2864 1019 2940 oriatur,
1044 2872 1072 2921 et
1089 2864 1174 2922 fietus

132 2946 241 3006 initium
257 2946 402 3024 quoddam
418 2950 485 3006 novi
501 2957 610 3017 motus;
629 2966 724 3026 enque
740 2967 792 3024 eo,
810 2966 894 3025 quum
919 2948 1012 3025 magis
1030 2963 1139 3024 eorpus

131 3030 265 3109 incaluit,
290 3040 427 3109 sequatur
448 3034 530 3090 etiam
554 3033 697 3093 remissio.
724 3029 757 3090 ln
777 3030 822 3090 his
842 3032 938 3091 friotio
965 3048 1080 3109 quoque
1102 3048 1139 3088 err

133 3115 200 3174 oleo
222 3123 251 3174 et
271 3115 333 3176 saie
350 3114 473 3174 salubris
489 3116 610 3186 videtur.
631 3116 671 3176 m
686 3117 710 3176 si
728 3115 775 3176 diu
791 3116 884 3192 frigus
899 3125 959 3192 est,
977 3123 1006 3174 et
1024 3124 1138 3192 torpor,

133 3208 162 3258 et
173 3200 295 3273 jactatio
312 3201 462 3276 eorporis,
479 3216 536 3257 nou
548 3199 669 3260 alienum
686 3201 775 3260 estin
792 3200 855 3278 ipsu
870 3199 954 3258 febre
969 3198 1038 3257 dare
1055 3196 1139 3255 muisi

131 3290 192 3341 tres
210 3292 258 3341 aut
275 3292 396 3360 quatuor
415 3282 549 3359 cyathos,
574 3283 622 3342 vei
638 3302 701 3343 oum
724 3283 789 3342 cibo
806 3283 901 3342 vinum
917 3282 992 3341 bene
1008 3281 1136 3340 dilutum.
1148 3297 1174 3339 oo

132 3362 290 3425 intenditur
310 3368 384 3425 enim
406 3384 495 3444 saepe
517 3385 554 3425 ex
571 3384 606 3426 eo
621 3366 726 3436 febris;
751 3376 779 3426 et
794 3367 887 3441 major
903 3376 982 3426 ortus
1005 3365 1137 3424 oaiorsi·

132 3449 189 3507 mui
208 3459 236 3508 et
254 3451 351 3527 priora
371 3448 446 3508 mala
467 3449 556 3526 tollit,
580 3457 609 3508 et
623 3468 706 3528 spem
720 3450 915 3526 remissionis,
934 3452 1021 3528 inque
1037 3465 1072 3507 ea
1089 3466 1138 3506 ou·
