2414 3924
544 230 752 277 ..VI-

136 359 250 420 codicis
270 356 447 418 Parisiensis
466 356 514 418 lat.
535 354 635 438 6114,
658 359 757 437 ipsum
776 358 910 419 codicem
929 360 1046 438 inspexi
1065 377 1156 437 quem

137 447 209 508 clim
236 446 351 507 viderat
372 445 510 507 Lahbeus
537 454 627 527 atque
655 446 719 508 loce
749 447 894 525 quaedam
917 466 987 508 cum
1009 449 1094 507 initio
1119 466 1155 506 ex

138 554 173 596 eo
201 542 340 613 excerpto
371 553 490 596 mecum
518 528 677 618 abstuli.*)
727 535 834 595 deinde
862 553 887 595 n.
913 531 998 597 1865
1026 536 1156 596 eundem

136 632 291 685 auctorem
313 623 383 684 licet
400 641 581 703 anonymum
604 631 634 683 et
657 624 815 684 confusum
834 632 864 684 et
887 624 1007 685 dimidie
1026 625 1089 685 fere
1109 626 1156 684 sui

136 720 222 792 parte
246 720 418 773 truncatum
442 719 543 773 extare
568 712 630 772 vidi
651 714 684 772 in
707 712 809 773 codice
835 711 864 772 S.
884 712 958 773 Galli
980 710 1043 774 105
1066 721 1155 792 atque

137 818 175 861 ex
198 801 255 861 hoc
278 799 440 879 exemplari
463 808 614 879 tamquam
637 818 674 860 ex
698 808 780 861 certo
808 800 937 880 quodem
963 801 1155 862 fundamento

137 891 188 950 edi
210 908 298 968 posse
322 887 463 950 intellexi.
500 888 581 948 hunc
604 890 715 950 iterum
742 891 773 949 in
796 888 1156 951 Helvetia-commoratus

138 978 285 1057 descripsi
308 996 333 1038 e.
360 974 443 1038 1869
472 970 638 1061 (12-18.
663 971 765 1060 Aug),
793 978 940 1057 descripsi
963 981 1053 1040 etiam
1076 979 1155 1039 Pari-

139 1068 269 1127 siensem
293 1066 399 1126 adme
423 1068 633 1126 transmissum
656 1065 828 1127 Berolinum
850 1086 876 1128 n.
902 1064 1000 1147 1870,
1026 1066 1155 1147 deniqne

138 1155 175 1216 ad
198 1163 360 1235 utrumque
384 1154 498 1216 contuli
521 1154 795 1234 cantabrigiensem
823 1149 875 1239 (de
900 1175 959 1235 quo
982 1175 1043 1216 uno
1066 1156 1157 1216 verbe

139 1245 210 1304 lecit
229 1243 410 1322 Daremherg
428 1246 460 1304 in
479 1242 524 1304 ed.
543 1242 673 1304 Oribasii
691 1252 712 1304 t.
731 1243 744 1303 l
762 1263 790 1322 p.
810 1237 876 1327 llL)
896 1263 986 1323 quem
1004 1252 1036 1305 et
1057 1246 1158 1323 ipsum

139 1350 194 1410 per
221 1340 283 1392 tres
311 1333 373 1392 lere
402 1350 520 1393 menses
547 1350 641 1410 penes
669 1350 716 1392 me
744 1332 835 1394 habui
857 1332 988 1394 Berolini
1011 1351 1036 1393 a.
1063 1330 1156 1394 1873.

139 1439 176 1480 ex
208 1421 306 1481 tribus
338 1421 385 1481 his
418 1420 573 1482 codicibus
603 1439 679 1499 quos
712 1420 791 1481 solos
818 1421 887 1482 novi
914 1429 1046 1482 veterem
1077 1420 1158 1482 hunc

139 1509 304 1570 medicinae
332 1517 485 1571 auctorem
513 1511 633 1570 restitui
659 1527 676 1570 a
707 1505 858 1590 retello,
888 1509 982 1589 relegi
1009 1529 1034 1570 a.
1062 1508 1158 1571 1878.

140 1616 230 1676 quem
248 1616 328 1658 nunc
348 1593 418 1678 edo,¹
436 1597 536 1659 labore
556 1598 677 1679 quidem
699 1600 822 1678 privetis
846 1601 1026 1686 vitaepuris
1050 1599 1158 1659 sollici-

140 1686 355 1765 tudinibusque
382 1705 472 1766 saepe
498 1689 669 1765 interrupto
697 1696 786 1767 cique
813 1689 845 1748 in
874 1687 971 1749 Felice
1000 1695 1034 1748 ut
1061 1688 1158 1748 fateor

141 1777 214 1835 satis
237 1774 357 1836 inielici.

229 1918 396 1980 Berolini
419 1921 472 1981 30.
491 1918 555 1983 Oct.
581 1922 677 1981 1878.

786 2063 989 2121 Valentinus
1011 2064 1112 2121 Roee.

141 2162 355 2175 W

213 2245 239 2315 Ι1)
262 2249 412 2317 propterea
434 2247 522 2302 Cassii
549 2246 721 2303 mentionem
743 2246 799 2302 feci
821 2249 854 2302 ut
874 2247 932 2302 iem
955 2246 986 2301 in
1004 2244 1159 2301 Aristotele

141 2316 389 2401 Peeudepigrephe
411 2335 438 2401 p.
458 2317 574 2401 ³⁸⁸.⁸i⁰
592 2321 622 2401 et
643 2316 843 2401 inAnecdeiie
862 2318 901 2401 Π,
922 2323 981 2372 115.
1002 2322 1066 2384 167,
1085 2317 1159 2400 ende

141 2388 1159 2543 rtimori.interdicerent?cimmerici

141 2549 170 2601 p.
196 2535 264 2584 1088
293 2531 343 2600 eq.)
372 2548 435 2586 cum
464 2530 561 2588 (lessio
583 2531 635 2587 1110
658 2530 738 2587 cuiue
762 2531 838 2601 apud
861 2529 973 2586 Celsum
996 2532 1103 2585 mentio
1126 2530 1159 2584 fit

140 2601 216 2656 hunc
234 2603 362 2656 nostrum
384 2602 459 2657 mele
484 2602 655 2659 confundens
678 2604 788 2671 (utpote
808 2602 1038 2671 ‚‚traneletum“)‚
1058 2601 1159 2657 ecdem

142 2687 235 2727 errore
254 2689 309 2741 quc
329 2672 387 2727 iem
405 2673 516 2744 lapsum
534 2673 655 2729 vidimus
674 2672 817 2729 Simonem
836 2674 1014 2729 Jenueneem.
