2414 3924
86 251 89 256 ’
121 235 180 298 128
238 287 241 293 .
415 245 447 292 n.
463 244 494 292 c.
512 244 610 294 cunei
627 242 823 291 nenrcmsn

117 400 267 484 scapulis,
300 399 387 459 modo
415 407 538 458 mentum
568 398 681 477 pectori
709 396 854 472 adnectit,
890 395 976 455 modo
1003 402 1115 456 rectam

118 495 148 547 et
183 482 356 544 immobilem
393 483 539 542 cervicem
570 482 698 540 intendit
755 481 883 540 Priorem
910 467 1060 539 Graeci'
1043 496 1115 540 οπι-

118 559 300 644 cadmeae,
331 566 530 665 insequentem
552 555 845 645 ἑμπροσθότονον,
872 561 998 621 ultimum
1024 557 1114 622 τέτα·

118 670 182 714 νον
207 649 374 729 appellant:
402 650 530 726 quamvis
553 650 645 707 minus
671 646 814 707 subtiliter
838 645 950 725 quitiam
973 646 1115 705 indiscre-

119 739 156 796 tis
182 735 226 795 bis
251 732 410 792 nominibus
435 741 557 791 utuntur.
604 731 647 790 Ila
675 749 766 809 saepe
794 730 866 789 intra
888 738 1018 808 quartum
1038 729 1138 791 diemo

119 819 239 880 tollunt:
271 818 295 876 si
318 817 393 876 bunc
419 825 589 891 evaserunt,
624 816 686 873 sine
713 812 845 892 periculo
866 822 930 871 sunt
951 810 1054 893 (Aple.
1076 813 1114 888 V,

120 902 166 980 6).
205 899 314 960 Eadem
334 900 427 959 omnia
449 900 561 958 ratione
584 906 731 965 curantur:
761 896 848 975 idque
870 897 1014 957 convenit,
1056 897 1116 956 Sed
1173 934 1176 939 -

120 984 315 1063 Asclepiades
330 984 427 1060 utique
443 977 608 1042 mittendum
624 983 791 1059 sanguinem
804 980 941 1042 credidit:
963 980 1041 1058 quod
1054 981 1116 1058 qui·

121 1071 184 1130 dam
204 1067 348 1127 vitandum
372 1085 439 1125 esse
462 1066 610 1140 dixerunt,
634 1083 670 1125 eo
693 1065 770 1142 quod
792 1065 913 1124 maxime
930 1073 988 1123 tum
1006 1081 1115 1143 corpus
1173 1088 1175 1093 ·

122 1153 221 1212 calore
241 1159 357 1227 egeret:
381 1152 464 1228 isque
482 1159 562 1209 esset
576 1152 604 1209 in
621 1149 769 1226 sanguine.
802 1147 909 1207 Verum
924 1148 981 1207 boc
1000 1148 1116 1225 quidem
1128 1162 1151 1202 ro

121 1235 224 1296 falsum
246 1229 313 1293 ests
336 1233 439 1311 Neque
456 1234 529 1292 enim
547 1242 646 1293 natura
662 1233 810 1309 sanguinis
826 1242 886 1308 est,
908 1240 939 1290 ut
954 1232 1052 1310 utique
1068 1249 1115 1292 ca·

122 1320 195 1386 leat;
219 1317 270 1376 sed
294 1335 331 1375 ex
353 1318 387 1375 iis
408 1335 482 1394 quae
498 1318 526 1376 in
540 1317 654 1376 homine
672 1325 752 1391 sunt,
774 1316 822 1375 bic
836 1316 989 1376 celerrime
1004 1315 1052 1375 vel
1068 1333 1115 1376 ca·

121 1402 222 1476 lescit‚
242 1400 290 1459 vel
307 1401 473 1478 refrigescit
492 1400 547 1480 (ci.
562 1400 648 1480 Hipp.
663 1399 711 1459 Dc
731 1399 851 1478 corde).
884 1398 956 1459 Mitti
974 1416 1046 1458 vero
1061 1417 1117 1460 nec

121 1503 158 1544 ne
174 1484 296 1559 debeat,
314 1503 350 1543 ex
366 1486 400 1544 iis
416 1484 537 1560 intelligi
552 1492 666 1562 potest,
682 1500 755 1560 quae
771 1483 807 1542 de
821 1484 965 1560 sanguinis
977 1483 1114 1543 missione

122 1577 281 1649 praecepta
292 1578 357 1628 sunt
369 1567 422 1649 (ll,
437 1569 486 1645 10,
507 1569 571 1649 ll).
600 1567 705 1645 Utique
719 1575 813 1626 autern
829 1575 910 1626 recte
923 1566 1004 1628 datur
1017 1576 1112 1628 casto·
1126 1567 1150 1628 re

122 1671 219 1729 reum,
235 1661 263 1716 et
281 1670 343 1711 curn
361 1653 418 1712 boc
432 1652 532 1730 piper,
547 1651 595 1711 vel
612 1651 705 1711 laser:
726 1650 830 1710 deinde
844 1667 918 1730 opus
931 1660 975 1710 est
987 1650 1115 1712 lomento

122 1736 236 1797 humido
253 1744 282 1795 et
299 1736 409 1796 calido:
426 1737 524 1814 itaque
539 1735 672 1813 plerique
688 1751 761 1812 aqua
777 1734 869 1794 calida
882 1735 969 1794 multa
982 1735 1116 1794 cervices

34 1856 37 1862 ·
122 1820 243 1880 subinde
267 1819 449 1897 perfundunt.
487 1818 518 1878 ld
542 1821 570 1878 in
593 1817 755 1897 praesentia
778 1817 871 1886 lerat;
901 1817 954 1878 sed
977 1827 1115 1898 opportu-

124 1905 220 1965 niores
234 1920 341 1963 nervos
357 1903 458 1980 frigori
475 1902 583 1963 reddit:
607 1902 684 1981 quod
700 1903 797 1980 utique
813 1901 956 1961 vitandum
972 1911 1026 1961 est.
1055 1901 1115 1962 Uti·

123 1989 178 2048 lius
199 1989 285 2064 igitur
311 1996 355 2046 est
376 1996 474 2046 cerato
496 1986 605 2064 liquido
628 1987 747 2065 primurn
769 1986 913 2045 cervicem
934 2003 1152 2064 perungerem

124 2071 228 2131 deinde
250 2071 405 2131 admovere
426 2071 541 2131 vesicas
558 2070 694 2145 bubulas,
715 2070 763 2128 vel
781 2070 919 2128 utriculos
936 2070 1004 2128 oleo
1021 2069 1116 2130 calido

122 2155 269 2233 repletos,
285 2153 335 2213 vel
351 2173 389 2213 en
404 2153 494 2213 iarius
510 2154 630 2213 calidum
647 2153 838 2231 cataplasma,
855 2154 902 2212 vel
918 2155 1002 2232 piper
1019 2162 1116 2213 rotun·

123 2239 188 2297 dum
206 2254 269 2296 cum
285 2237 341 2296 licu
357 2246 517 2296 contusum.
555 2236 740 2295 Utilissimum
755 2246 849 2296 tamen
864 2246 909 2295 est
923 2237 1037 2296 humido
1054 2237 1117 2296 sale

123 2321 240 2380 lovere:
264 2320 341 2398 quod
362 2320 506 2398 quomodo
519 2320 606 2379 tieret
616 2320 675 2395 jam
693 2321 804 2380 ostendi
821 2320 873 2399 (ll,
894 2321 941 2396 17,
958 2320 1024 2398 33).
1060 2320 1117 2380 Ubi

124 2420 222 2463 eorum
234 2403 342 2479 aliquid
357 2404 462 2463 iactum
479 2412 538 2477 est,
555 2402 710 2462 admovere
723 2403 760 2462 ad
771 2407 882 2482 ignem,
900 2404 964 2479 vel,
983 2405 1006 2462 si
1020 2413 1117 2464 aestas
1127 2427 1153 2466 re

124 2495 185 2561 est,
209 2486 236 2543 in
258 2486 322 2546 sole
337 2504 454 2564 aegrum
470 2495 602 2564 oportet;
625 2489 805 2566 maximeque
821 2489 889 2547 oleo
906 2496 1024 2554 vetere;
1049 2489 1072 2545 si
1089 2488 1117 2547 id

123 2584 180 2630 non
198 2577 256 2641 est,
278 2570 411 2642 syriaco;
435 2572 458 2628 si
474 2589 509 2628 ne
525 2570 553 2629 id
570 2571 683 2648 quidem
699 2579 760 2646 est,
783 2572 868 2650 adipe
885 2589 968 2648 quam
982 2574 1117 2630 vetustis·

123 2654 193 2712 sima
217 2653 361 2711 cervicem
388 2662 417 2711 et
443 2654 579 2732 scapulas
606 2662 635 2712 et
659 2655 768 2732 spinam
793 2655 963 2733 perfricare.
1008 2654 1118 2713 Frictio

123 2754 207 2814 quum
232 2736 362 2795 omnibus
383 2738 410 2794 in
433 2737 546 2797 homine
569 2737 712 2797 vertebris
733 2738 809 2798 utilis
834 2740 887 2814 sit,
910 2748 968 2797 turn
983 2739 1016 2797 iis
1033 2755 1117 2816 prae·

124 2822 208 2898 cipue
230 2838 304 2898 quae
326 2822 353 2879 in
377 2820 455 2880 collo
478 2830 552 2880 sunt.
589 2820 668 2898 Ergo
690 2822 737 2881 die
752 2831 914 2900 nocteque,
938 2823 1118 2900 interpositis
1127 2840 1153 2881 so

122 2913 217 2963 tamen
244 2903 412 2981 quibusdam
441 2904 629 2983 temporibus,
665 2905 722 2964 hoc
744 2907 872 2965 remedio
895 2906 1029 2965 utendum
1057 2914 1116 2973 est;

59 3015 61 3018 ⁴
123 2988 188 3047 dum
206 2988 233 3047 id
252 2989 460 3065 intermittitur,
482 2990 684 3068 imponendum
699 2990 838 3067 malagma
854 2989 971 3068 aliquod
987 3008 1025 3048 ex
1040 2990 1117 3048 cale·

122 3071 304 3131 iacientibus.
328 3069 493 3132 Cavendum
508 3090 580 3133 vero
596 3075 753 3153 praecipue
768 3073 875 3151 frigus,
894 3074 1019 3151 ideoque
1034 3074 1063 3131 in
1081 3090 1133 3131 eo·

124 3156 271 3230 conclavi,
297 3172 354 3233 quo
377 3156 492 3216 cubabit
513 3176 620 3234 aeger,
646 3159 719 3234 ignis
737 3159 887 3217 continuus
905 3176 972 3217 esse
988 3156 1116 3231 debebit,

122 3241 302 3316 maximeque
316 3249 450 3317 tempore
467 3241 654 3316 antelucano,
670 3258 727 3320 quo
744 3242 902 3319 praecipue
918 3242 1010 3316 frigus
1024 3241 1116 3298 inten·
1127 3261 1154 3301 as

123 3323 205 3381 ditur.
229 3323 335 3403 Neque
351 3324 449 3383 inutile
468 3326 521 3384 erit
539 3333 623 3401 caput
638 3333 779 3382 attonsum
796 3324 923 3399 babere,
940 3324 1027 3402 idque
1044 3325 1117 3382 irino

120 3409 167 3469 rel
190 3410 313 3486 cyprino
338 3407 431 3466 calido
454 3407 655 3479 madefacere,
679 3416 709 3465 et
731 3408 956 3486 superimposito
971 3408 1050 3486 pileo
1067 3425 1117 3466 ve-

121 3490 195 3561 lere;
214 3506 425 3567 nonnumquam
443 3491 528 3549 etiam
541 3491 569 3548 in
582 3489 701 3549 calidum
714 3490 809 3550 oleum
820 3499 909 3549 toturn
922 3491 1117 3566 descendere,
