2414 3924
123 232 147 279 X
526 227 734 277 anduennio.

123 385 231 444 tionem
252 399 346 443 meam
368 382 507 459 recipiam
528 381 608 442 locos
629 386 674 444 sat
689 381 810 452 multos,
833 382 870 442 de
885 399 1010 460 quorum
1024 383 1150 460 genuina

123 467 235 544 origine
255 465 362 543 partim
382 464 533 526 dubitabat
551 464 662 544 Targa,
688 465 793 541 partim
813 464 884 525 nihil
904 466 1078 541 suspicionis
1098 465 1150 526 ba·

122 549 218 610 bebat.
262 549 418 609 Adaototio
436 551 541 609 critica
560 550 700 608 resarciet
717 565 792 626 quae
813 549 900 608 nimia
918 548 1051 608 codicum
1068 566 1149 610 reve·

121 632 214 694 rentia
239 638 390 709 permotus
411 632 508 692 iacere
528 632 619 691 omisi.
663 631 728 692 Non
751 637 808 702 est,
831 631 934 698 credo,
957 648 1010 691 cur
1030 649 1084 691 nos
1104 650 1152 693 re·

121 717 211 776 tineat
234 715 366 775 codicum
388 715 558 783 auctoritas,
580 716 728 774 immone
750 731 909 774 consensus
931 715 1063 791 quidem:
1101 717 1152 792 qui

123 800 199 858 enim
215 798 346 876 antiquas
360 797 545 858 membranas
563 804 688 858 tractare
710 796 810 858 sobtus
829 804 885 866 est,
902 799 997 873 ipsum
1013 798 1152 857 orationis

123 887 290 942 contextum
313 898 399 959 quem
427 880 564 941 exhibent
588 881 625 941 ad
650 882 720 940 artis
741 881 857 941 criticae
877 879 957 957 leges
979 881 1081 956 erigit,
1105 888 1151 941 ut-

121 971 190 1042 pote
216 982 306 1042 quum
331 971 483 1024 contextus
509 964 571 1041 ipse
596 962 769 1024 adminicula
789 964 955 1040 suppeditet
976 963 1081 1041 quibus
1101 964 1151 1024 de·

123 1049 204 1108 cerni
234 1049 325 1125 possit
355 1049 404 1125 qui
434 1047 491 1107 loci
522 1048 640 1123 genuini
667 1049 738 1115 sint,
775 1048 824 1124 qui
852 1063 910 1105 nou
942 1047 1008 1105 sint.
1057 1046 1150 1125 Hujus

123 1133 193 1191 artis
225 1131 341 1191 decreta
374 1133 404 1190 in
433 1130 575 1210 ejusmodi
609 1129 698 1190 rebus
735 1129 813 1190 baud
846 1128 940 1189 dubie.
970 1129 1151 1206 aliquatenus

122 1215 285 1292 oppugnari
306 1221 442 1292 possunt,
465 1231 519 1275 nec
537 1230 653 1291 semper
674 1213 710 1272 ab
729 1214 764 1272 iis
784 1211 875 1272 aliena
897 1218 941 1272 est
960 1214 1080 1290 propria
1099 1231 1151 1273 cu·

119 1296 210 1375 justis
226 1295 344 1356 editoris
363 1298 505 1357 sentiendi
520 1298 609 1356 ratio:
635 1295 826 1374 quamobrem
847 1295 952 1356 modus
969 1294 1151 1356 adhibendus

123 1385 168 1440 est
187 1379 256 1440 buic
275 1381 345 1439 artis
361 1381 478 1440 criticae
499 1381 579 1448 usui,
601 1381 786 1457 rationesque
802 1379 895 1439 ubivis
916 1379 1098 1448 reddendae,
1121 1380 1151 1439 id

123 1462 201 1541 quod
222 1479 379 1540 numquam
400 1462 496 1524 lacere
517 1463 644 1538 neglexi,
667 1480 720 1523 cur
741 1463 779 1521 ita
801 1480 856 1522 nec
877 1461 961 1523 aliter
982 1462 1095 1522 leceris.

206 1544 340 1605 Totidem
365 1546 427 1606 lere
452 1551 565 1606 exstant
593 1546 706 1606 codices
739 1545 853 1606 Celsum
883 1545 1053 1606 exhibentes
1079 1552 1152 1622 quot

122 1627 209 1708 hujus
236 1629 386 1706 scriptoris
414 1630 570 1698 editiones;
602 1629 688 1706 longe
714 1635 812 1689 tamen
843 1628 925 1688 abest
954 1635 987 1689 111
1016 1628 1151 1688 omuibus

123 1712 199 1773 idem
220 1713 346 1788 pretium
367 1713 503 1774 eademve
527 1714 683 1772 auctoritas
704 1713 740 1772 sit
759 1712 922 1773 tribuenda.
967 1712 1066 1772 Primo
1085 1711 1150 1771 loco

122 1795 300 1856 monendum
330 1803 373 1856 est
402 1814 503 1856 omnes
531 1795 620 1857 hosce
647 1796 762 1856 codices
796 1795 832 1856 ab
865 1795 969 1856 eodem
995 1801 1150 1872 prototypo

123 1879 270 1955 proiectos
292 1897 370 1949 esse;
402 1896 470 1938 nam
492 1897 609 1948 omnes,
631 1879 712 1939 verbi
734 1879 839 1956 gratia,
863 1895 997 1956 magnam
1018 1878 1151 1938 reiernnt

121 1961 255 2023 lacunam
293 1965 367 2042 (pag.
395 1964 510 2031 154,6
547 1980 629 2023 meae
661 1961 802 2041 editionis)
842 1963 970 2040 aliasque
1004 1960 1149 2040 aliquanto

122 2046 249 2106 minores
271 2045 345 2123 (pag.
370 2047 439 2113 144,
462 2044 517 2114 35;
543 2046 610 2113 153,
633 2046 688 2114 26;
714 2047 782 2114 154,
798 2046 835 2114 6;
859 2045 1003 2115 212,17;
1027 2045 1097 2112 238,
1114 2045 1149 2113 3;

123 2127 192 2197 292,
209 2127 264 2197 25;
288 2128 358 2197 305,
377 2129 417 2189 26
435 2136 464 2188 41
484 2129 555 2196 362,
571 2128 600 2207 4)
617 2128 722 2189 obvias.
760 2127 868 2189 Omnes
881 2135 1033 2205 praeterea
1048 2127 1150 2188 eadem

122 2209 230 2270 babent
250 2209 424 2285 glossemata
442 2230 507 2271 cum
531 2227 635 2287 graeca
656 2218 718 2272 tum
737 2210 839 2281 latina,
860 2218 1000 2289 utsupra
1018 2211 1077 2290 jam
1096 2228 1149 2270 no-

123 2294 186 2351 tavi.
232 2293 315 2363 Quod
340 2293 377 2352 ad
403 2299 527 2354 aetatem
549 2294 663 2363 attinet,
691 2297 720 2354 in
742 2295 813 2354 duas
833 2293 939 2354 classes
960 2293 1150 2354 distribuendi

122 2381 203 2444 sunt,
234 2392 358 2452 qumrrm
391 2375 479 2435 altera
509 2384 620 2437 constat
647 2378 707 2436 Vat.
730 2377 808 2447 VIII,
837 2377 911 2438 llled.
935 2378 976 2456 1*)
1007 2383 1035 2437 41
1056 2377 1147 2437 Paris.

187 2538 213 2606 *)
232 2541 316 2603 „Ood
329 2542 471 2591 Modiceus
488 2543 589 2607 primus
606 2542 677 2593 Plut.
691 2541 731 2605 83,
750 2543 910 2594 Florentiae
926 2544 955 2592 in
972 2542 1149 2593 Bibliotheca

120 2607 248 2657 Medicea
267 2613 431 2658 asservatur.
461 2609 537 2657 Idem
554 2608 602 2658 ille
621 2614 663 2659 ost
678 2610 820 2661 Mediceus
833 2611 919 2660 codex
936 2625 1015 2675 quem
1026 2609 1149 2660 Rhodius

122 2672 311 2737 Cocchinsque
328 2674 484 2724 laudarunt.
514 2674 637 2741 Scriptus
649 2676 703 2726 11111
721 2676 832 2727 saeculo
844 2677 899 2727 XII
914 2677 1036 2727 ineunte.
1066 2676 1147 2740 Bapt.

120 2738 308 2790 Pallavicinus
324 2741 470 2805 Regiensis
484 2742 636 2806 Episcopus
654 2742 730 2792 illum
749 2743 944 2794 emendandum
962 2743 1096 2807 suscepit;
1119 2743 1149 2791 in

124 2820 176 2868 quo
194 2809 301 2856 tantum
318 2808 373 2857 sibi
392 2807 477 2857 licere
494 2809 594 2870 voluit,
617 2813 648 2857 ut
665 2809 749 2858 alium
772 2810 854 2874 plane
873 2810 981 2860 fecerit.
1015 2810 1088 2860 Usus
1107 2812 1149 2858 est

122 2876 214 2921 autem
231 2874 418 2924 vetustissimo
442 2878 470 2924 41
487 2876 703 2939 corruptissimo,
723 2881 754 2924 ut
771 2878 831 2940 ipse
850 2877 902 2938 ait,
923 2875 1084 2940 exemplari;
1116 2890 1149 2923 ex

122 2953 174 3002 quo
193 2938 287 3004 colligi
304 2945 408 3004 potest,
426 2941 557 2990 nonnulla
574 2943 661 3005 ipsum
675 2942 882 3005 exconjectura
894 2945 1061 2993 immutasse.
1097 2940 1148 2988 Ce-

121 3010 209 3054 terum
225 3006 255 3054 id
272 3007 410 3072 exemplar
428 3008 455 3056 ei
471 3022 601 3072 perquam
618 3007 707 3057 simile
724 3008 833 3058 videtur
849 3009 922 3058 unde
938 3007 1058 3058 1114111441
1075 3005 1148 3067 (Π-

24 3130 25 3134 ,
120 3071 184 3135 VH)
208 3074 295 3122 ceteri
318 3074 484 3124 derivantur.
502 3099 537 3110 -—
564 3072 686 3124 Octavus
707 3074 860 3124 Vaticanus
884 3073 958 3137 (Vat.
976 3072 1043 3122 VIII
1058 3089 1094 3115 =
1112 3070 1148 3120 N⁰

120 3137 197 3202 5951)
220 3140 339 3204 scriptus
357 3141 411 3189 11111
428 3140 540 3190 44441114
557 3140 596 3201 X,
620 3143 784 3190 nontamen
805 3141 900 3191 eadem
918 3153 1008 3188 manu.
1045 3139 1077 3186 ln
1094 3137 1147 3186 hoo

122 3204 180 3255 cod.
199 3206 276 3255 utin
292 3206 364 3256 Med.
383 3207 397 3256 I
418 3206 548 3256 librorum
570 3209 599 3255 in
618 3207 712 3272 capita
729 3207 828 3257 divisio
846 3205 922 3255 nulla
940 3209 995 3266 est3
1024 3208 1087 3253 sunt
1104 3209 1146 3252 ta·

120 3287 196 3334 men,
220 3274 297 3324 utin
315 3272 377 3335 1114,
397 3271 488 3336 plures
506 3272 581 3322 tituli
598 3273 716 3338 margini
733 3271 895 3338 adscripti.“
913 3272 1014 3337 Targa.
1033 3296 1066 3306 —
1091 3271 1147 3319 De-

120 3338 187 3387 sinit
203 3336 246 3387 bis
264 3340 357 3389 verbis
373 3339 422 3389 lib.
436 3340 503 3388 VIII
515 3354 576 3404 cap.
589 3340 620 3388 21
639 3339 676 3405 (p.
689 3337 748 3401 360,
761 3338 804 3402 27)
823 3345 848 3388 et
864 3341 890 3388 in
907 3340 1052 3388 interiorem
1069 3343 1094 3386 et
1111 3339 1145 3394 in,

142 3407 147 3416 ’
175 3405 320 3455 4411141414
343 3405 1049 3473 14414411νί111111141εεί44445444444144111114,
1074 3419 1146 3453 nuno

199 3482 223 3517 14
242 3471 357 3537 degens,
375 3473 420 3521 Du
437 3472 519 3534 Rieu;
547 3485 600 3522 non
618 3475 709 3522 autem
726 3471 755 3521 in
772 3471 828 3522 bis:
855 3472 924 3523 Genu
940 3486 999 3524 uero
1017 3474 1098 3531 etin,
1116 3475 1147 3520 ut
