2414 3924
123 187 185 250 202
377 270 381 275 ⁴
403 201 435 248 a.
455 199 485 249 o.
502 199 601 249 onnsr
615 198 809 249 uuoromnu

123 355 202 435 quod
222 365 317 414 tamen
337 355 387 413 vix
408 352 537 414 incidere
563 362 676 433 potest,
698 364 756 415 tum
778 354 930 434 quodlibet
947 356 1041 416 simile
1058 375 1126 434 vas,

124 441 201 521 quod
216 440 292 498 idem
310 440 421 517 possit:
438 440 462 497 si
475 457 512 498 ιιε
529 438 557 497 id
570 439 684 518 quidem
697 448 759 515 est,
776 439 863 499 homo
876 440 1055 501 adhibendus
1067 449 1125 517 est,

123 526 171 604 qui
187 524 215 585 id
227 524 331 582 vulnus
344 532 476 600 exsugat.
503 521 605 601 Neque
620 522 757 583 hercules
775 525 924 583 scientiam
936 525 1126 603 praecipuam

123 609 229 670 babent
250 608 287 684 ii,
311 609 359 684 qui
377 606 467 681 Psylli
481 608 661 666 nominantur
684 607 740 686 (cl,
756 607 816 667 Des
832 606 959 685 Etangs,
982 626 1011 686 p.
1028 607 1125 687 282);

122 694 176 754 sed
189 692 336 751 audaciam
350 709 401 749 usu
414 692 479 768 ipso
493 692 697 751 confirmatam.
726 690 799 751 Nam
810 709 953 750 venenum
965 693 1124 770 serpentis,
1137 712 1150 750 5

125 787 154 836 ut
168 775 308 855 quaedam
324 777 408 834 etiam
426 777 573 835 venatoria
594 792 726 851 venena,
749 775 852 852 quibus
869 775 942 836 Galli
962 776 1124 854 praecipue

124 869 255 936 utuntur,
274 877 332 919 non
346 866 447 935 gustu,
464 859 515 918 sed
533 860 560 916 in
577 857 698 918 vulnere
715 867 832 920 nocent.
859 859 989 937 Ideoque
1002 858 1123 918 colubra

122 947 186 1023 ipsa
199 952 260 1002 tuto
274 952 369 1010 estur;
386 945 462 1001 ictus
475 944 538 1017 ejus
551 942 667 1001 occidit.
690 942 762 1001 Etsi
774 951 908 1020 stupente
922 960 968 1018 ea,
982 941 1059 1019 quod
1070 959 1125 1020 per

116 1026 266 1106 'quaedam
288 1025 496 1086 medicamenta
519 1025 711 1086 circulatores
738 1026 862 1102 iaciunt,
895 1027 923 1085 in
946 1043 980 1085 os
1004 1026 1124 1101 digitum

123 1113 188 1190 quis
204 1109 320 1184 indidit,
337 1127 432 1188 neque
445 1128 603 1188 percussus
616 1118 677 1185 est,
693 1109 770 1168 nulla
785 1111 813 1168 in
826 1127 860 1169 ea
877 1110 967 1170 saliva
979 1127 1054 1169 noxa
1066 1118 1121 1168 εει.
1137 1130 1161 1170 ro

124 1194 206 1271 Ergo
218 1194 357 1270 quisquis,
369 1194 532 1272 exemplum
540 1193 630 1268 Psylli
643 1201 792 1272 sequutus,
804 1193 832 1252 id
845 1193 949 1253 vulnus
962 1193 1123 1270 excoxerit,

124 1287 155 1338 et
169 1279 233 1354 ipse
249 1286 324 1335 tutus
339 1277 406 1351 erit,
419 1277 695 1336 ettutumhominem
707 1277 875 1355 praestabit.
896 1277 980 1352 lllod,
993 1279 1127 1338 neinter·

125 1367 262 1435 eat,ante
284 1360 403 1420 debebit
422 1361 589 1435 attendere,
615 1379 651 1420 ιιε
669 1360 745 1440 quod
763 1361 791 1419 in
805 1362 949 1440 gingivis,
972 1362 1123 1439 palatove,

124 1445 219 1506 aliave
235 1453 317 1522 parte
332 1446 391 1504 oris
406 1444 488 1504 ulcus
502 1444 617 1504 habeat.
645 1445 714 1504 Post
726 1444 801 1504 haec
811 1447 835 1504 is
846 1445 933 1505 homo
946 1447 1014 1507 loco
1027 1444 1123 1504 calido

126 1528 314 1590 collocandus
332 1539 377 1588 est
392 1531 444 1607 sic,
460 1538 491 1588 ut
507 1527 544 1604 id,
561 1528 638 1606 quod
651 1546 820 1606 percussum
832 1531 897 1606 erit,
916 1531 943 1589 in
955 1530 1123 1589 inferiorem
1135 1549 1160 1590 rs

125 1620 235 1692 partem
251 1613 412 1672 inclinetur.
444 1614 475 1673 Si
493 1629 588 1691 neque
606 1613 654 1692 qui
669 1623 810 1689 exsugat,
829 1631 925 1690 neque
944 1612 1123 1673 cucurbitula

126 1705 185 1773 est,
208 1696 329 1756 sorbere
351 1706 468 1775 oportet
484 1698 534 1772 jus
550 1698 727 1770 anserinum,
744 1697 792 1755 vel
816 1697 950 1774 ovillum,
965 1697 1013 1756 vel
1028 1696 1122 1763 vituli·

125 1799 208 1858 num,
224 1791 253 1840 et
269 1799 402 1840 vomere:
419 1782 513 1841 vivum
529 1790 624 1840 autern
647 1779 842 1858 gallinaceum
866 1782 973 1860 pullum
992 1799 1046 1860 per
1063 1798 1122 1838 me·

126 1865 201 1924 dium
223 1864 370 1941 dividere,
393 1874 422 1924 et
442 1867 572 1945 protinus
595 1864 717 1924 calidum
740 1882 830 1940 super
853 1865 957 1925 vulnus
972 1867 1123 1942 imponere

127 1951 187 2023 sic,
204 1957 234 2008 ιιι
250 1967 320 2027 pars
335 1950 454 2008 interior
470 1951 588 2028 corpori
599 1949 748 2025 jungatur.
775 1947 857 2008 Facit
872 1947 900 2007 id
913 1952 997 2009 etiam
1008 1946 1121 2007 hoedus
1131 1965 1159 2006 ro

126 2050 257 2109 agnusve
279 2033 434 2109 discissus,
458 2043 486 2092 et
510 2033 603 2093 calida
626 2034 689 2108 ejus
712 2049 780 2091 caro
803 2035 894 2092 statim
917 2052 1005 2111 super
1018 2031 1122 2090 vulnus

126 2117 275 2194 imposita:
295 2119 449 2194 emplastra
469 2134 604 2194 quoque,
623 2134 698 2194 quae
715 2134 802 2194 supra
816 2117 1024 2194 comprehensa
1043 2123 1120 2179 sunt:

127 2202 360 2279 aptissimumque
382 2210 428 2260 est
448 2199 496 2258 vel
518 2200 675 2277 Ephesium
698 2201 771 2278 (19,
788 2200 859 2277 21),
881 2201 929 2260 vel
952 2201 979 2259 id
1001 2197 1122 2278 quodsi

127 2283 287 2358 subjectum
315 2293 368 2342 est.
400 2285 601 2359 Praesensque
624 2285 652 2341 in
675 2283 773 2362 aliquo
796 2285 925 2344 antidoto
947 2282 1122 2362 praesidium

128 2373 183 2425 est.
228 2367 258 2424 st
282 2367 310 2425 id
337 2375 477 2441 nonest,
504 2367 701 2425 necessarium
723 2376 768 2425 est
790 2368 951 2428 exsorbere
972 2369 1122 2447 potionem
1131 2381 1157 2420 re

126 2449 198 2508 nreri
214 2449 272 2507 vini
290 2468 353 2507 cunr
369 2451 489 2527 pipere,
515 2449 563 2507 vel
587 2451 728 2527 quidlibet
742 2451 837 2527 aliud,
861 2452 937 2530 qnod
955 2451 1045 2512 calori
1061 2467 1121 2508 mo·

127 2531 222 2591 vendo
246 2542 306 2607 est,
331 2550 387 2591 nec
402 2532 550 2592 humorem
572 2536 647 2593 intus
670 2536 750 2596 coire
767 2537 889 2613 patitur:
913 2554 977 2595 nam
999 2535 1122 2593 maxima

127 2634 195 2695 pars
214 2633 388 2674 venenorum
404 2616 515 2692 frigore
536 2618 678 2678 interimit.
720 2617 820 2679 Omnia
837 2621 921 2679 etiam
938 2621 1044 2679 urinam
1059 2633 1121 2675 rno-

128 2699 239 2776 ventia,
257 2701 322 2776 quia
339 2703 484 2759 materiam
501 2709 672 2777 extenuant,
694 2703 772 2762 utilia
789 2713 862 2763 sunt.

190 2785 219 2843 4.
249 2782 329 2843 Ηεεο
345 2785 485 2845 adversus
501 2802 600 2844 omnes
617 2788 691 2844 ictus
707 2789 867 2846 communia
885 2797 967 2847 sunt:
993 2804 1061 2845 usus
1078 2794 1119 2844 ta·
1130 2798 1158 2839 tt

128 2885 193 2926 men
209 2869 273 2946 ipse
291 2869 407 2945 docuit,
426 2888 504 2946 eum,
522 2888 605 2947 quem
622 2870 700 2948 aspis
717 2871 877 2948 percussit,
894 2880 1007 2930 acetum
1025 2869 1121 2947 potins

127 2950 229 3011 bibere
255 2952 372 3013 debere.
406 2953 490 3028 Quod
512 2953 726 3013 demonstrasse
748 2955 852 3014 dicitur
872 2973 957 3014 casus
973 2952 1122 3028 cujusdam

130 3037 228 3113 pueri,
246 3040 293 3114 qui
311 3056 396 3117 quum
413 3037 448 3097 ab
465 3037 519 3096 hac
533 3038 606 3096 ictus
624 3047 719 3113 esset,
736 3048 765 3098 ει
782 3041 884 3116 partim
900 3039 937 3098 ob
949 3039 1043 3116 ipsum
1058 3034 1120 3094 vul-

127 3136 198 3194 nus,
220 3123 323 3197 partim
348 3121 385 3179 ob
409 3120 577 3180 immodicos
601 3131 699 3182 aestus
720 3124 765 3181 siti
787 3132 982 3201 premeretur,
1000 3120 1122 3180 aclocis

128 3203 215 3260 siccis
231 3203 315 3262 aliurn
331 3205 479 3264 humorem
496 3221 552 3263 non
567 3208 727 3284 reperiret,
744 3215 871 3282 acetum,
888 3208 964 3286 quod
984 3207 1060 3266 forte
1077 3222 1121 3262 se·
1133 3219 1157 3259 ss

129 3303 191 3344 cum
212 3287 353 3362 habebat,
378 3288 484 3363 ebibit,
507 3297 536 3346 et
559 3289 698 3348 liberatus
721 3298 775 3348 est.
804 3288 899 3349 Credo
923 3290 1057 3367 quoniam
1074 3287 1120 3361 id,

128 3373 256 3445 quamvis
282 3372 475 3448 refrigerandi
501 3373 556 3431 vim
580 3373 682 3450 habet,
708 3381 803 3432 tamen
823 3374 910 3434 hahet
932 3376 1016 3434 etiam
1039 3372 1121 3431 dissi·

127 3453 221 3529 pandi.
253 3455 318 3531 Quo
335 3456 381 3532 lit,
396 3466 425 3515 ut
440 3465 517 3515 terra
532 3473 668 3534 respersa
681 3472 718 3515 eo
734 3466 857 3535 spumet.
879 3458 989 3518 Eadem
1005 3473 1078 3535 ergo
1093 3456 1123 3513 vi
