2414 3924
543 202 763 287 ..48ss-

141 385 275 430 meracae
303 370 440 448 potiones
468 374 520 429 aut
546 366 696 428 lavacrum
723 374 775 427 aut
807 367 959 445 vaporatio
987 373 1038 427 aut
1067 365 1158 427 flebo-

141 459 232 519 tomia
261 465 312 518 aut
344 456 541 517 catharticum
573 455 677 517 datum
708 454 787 534 quod
819 455 979 516 farmacian
1011 454 1160 535 appellant

142 546 236 607 solvit.
279 544 331 605 sed
359 547 458 606 omnia
485 545 559 605 haec
587 546 719 624 quinque
747 543 913 604 secundnm
943 546 1161 623 expositionem

62 626 64 631 ’
141 634 258 714 Magni
284 633 572 714 iatrosophistae
600 651 690 712 supra
721 639 902 693 memoratus
926 635 1026 693 senior
1048 631 1161 713 llippc·

115 734 240 784 cerates
272 740 340 784 oum
373 723 554 783 discretione
586 720 727 782 adhibere
759 723 924 802 praecepit,
956 729 987 782 et
1014 723 1041 782 sl
1068 722 1161 783 fuerit

143 811 226 872 dolor
255 830 291 872 ex
319 811 504 891 plenitudine
532 812 699 890 sanguinis,
726 809 895 870 flebotomia
922 818 974 871 aut
996 809 1160 872 cathartico

142 901 326 961 detractione
350 901 426 961 facta
446 917 561 979 ornare,
585 901 631 959 sin
650 916 721 959 vero
741 917 776 959 ex
796 901 928 960 siccitate
950 900 1042 960 fuerit
1065 899 1159 981 dolor,

142 989 257 1050 lavacro
277 996 307 1049 et
325 991 515 1068 vaporatione
533 987 720 1049 humectatos
739 1005 853 1068 sanare,
877 989 923 1048 sin
946 1005 1017 1048 vero
1037 1006 1073 1049 ex
1092 1007 1159 1067 per·

141 1078 279 1138 friotione
288 1077 542 1138 etbumectatione
551 1076 740 1158 fucritdclor,
749 1092 865 1137 meraca
871 1079 992 1156 potione
1000 1076 1160 1138 calefactos

101 1180 127 1219 ιο
140 1166 262 1226 mederi.
291 1169 391 1227 vinum
402 1176 530 1244 namque
544 1165 678 1226 calefacit
693 1174 723 1226 et
737 1165 875 1227 desiccat.
904 1165 1069 1226 secundum
1079 1169 1160 1226 varia

141 1263 275 1333 tempora
306 1256 479 1333 passionum·
511 1257 610 1315 omnia
641 1253 775 1314 adhiberi
809 1263 967 1333 praecepta
1001 1261 1080 1315 sunt
1128 1257 1161 1315 in

140 1345 214 1422 ipsis
246 1345 339 1403 initiis
371 1342 579 1404 abstinentiam
611 1342 670 1404 cibi
702 1341 748 1402 vel
780 1345 925 1404 ieiunium
954 1351 1073 1422 oportet
1105 1346 1160 1403 im·

140 1449 257 1511 pecare,
279 1433 310 1491 in
333 1440 492 1511 augmento
515 1450 586 1492 vero
610 1434 699 1492 tertie
722 1431 767 1490 vel
791 1439 896 1510 quarta
919 1431 967 1492 die
990 1431 1162 1492 flebotomia

141 1516 187 1579 vel
222 1520 382 1580 cathartico
419 1522 551 1601 operari,
588 1520 785 1581 declinatione
817 1538 887 1580 vero
920 1521 1012 1593 facta,
1043 1520 1160 1581 lavacro

102 1623 128 1663 15
141 1610 194 1668 nti.
240 1608 313 1669 haee
337 1618 407 1670 sunt
438 1627 513 1688 quac
544 1608 709 1670 secundum
739 1610 901 1669 aforismos·
922 1609 952 1669 id
983 1617 1028 1669 est
1056 1608 1160 1670 defini·

141 1698 231 1757 tionis
266 1697 464 1776 eloquentiam
497 1698 652 1759 oculorum
685 1696 838 1758 doloribus
870 1699 967 1777 posita
1003 1712 1069 1757 esse
1107 1716 1160 1757 nc·

142 1794 275 1846 scuntur.

230 1893 310 1935 nunc
330 1893 399 1935 vero
419 1874 546 1954 qualiter
565 1877 686 1955 proprie
709 1876 783 1953 ipsis
802 1874 896 1936 oculis
914 1877 1068 1954 passiones
1088 1895 1160 1936 con·

141 1964 256 2042 tingant
280 1963 453 2025 scribamus.
491 1962 647 2042 aliquando
671 1981 740 2024 cum
762 1965 876 2042 ingenti
899 1964 1015 2024 fervore
1040 1964 1160 2026 doleres

100 2066 127 2104 2⁰
143 2052 325 2133 efficiuntur,
349 2052 507 2131 aliquando
527 2069 595 2112 oum
618 2053 812 2132 perfrictione
833 2063 862 2113 et
885 2061 1006 2131 torpore
1026 2051 1158 2134 sensus]

189 2361 191 2364 <
213 2334 227 2381 1
246 2330 354 2384 merate
372 2328 517 2398 passiones
535 2345 564 2395 o,
589 2328 659 2382 meri
677 2329 806 2398 potiones
821 2346 852 2398 p.
960 2331 1053 2397 lavati
1071 2348 1099 2399 c,
1117 2331 1159 2384 la-

140 2397 218 2453 vacri
231 2416 261 2468 p.
335 2402 385 2454 aut
399 2429 432 2439 -
448 2399 539 2453 solvet
555 2400 618 2468 (sic)
633 2416 658 2454 c:
679 2402 729 2454 aut
741 2399 875 2455 sarmatia
887 2401 972 2456 solvit
987 2405 1047 2467 (cet.
1062 2407 1117 2470 om)
1126 2420 1158 2470 p.

141 2475 157 2522 2
176 2469 312 2526 sarmacia
331 2487 353 2524 c.
427 2477 442 2524 3
457 2469 491 2524 V.
507 2487 548 2539 cp.
621 2475 638 2523 4
653 2471 749 2541 magni
762 2471 863 2541 hyatro
879 2472 1005 2541 sophiste
1019 2489 1042 2540 c,
1061 2475 1159 2542 magni

141 2544 229 2628 (mad)
253 2557 347 2612 hiatus
371 2558 494 2628 sophista
512 2575 543 2627 p.
649 2576 733 2628 supra
756 2575 805 2614 om.
829 2577 850 2614 c.
951 2564 1109 2616 memorato
1135 2579 1158 2616 c.

140 2629 272 2699 hypocr,
291 2645 410 2699 ypocras
423 2646 454 2698 p.
541 2635 557 2684 5
576 2647 641 2685 cum
660 2647 710 2684 om.
730 2647 751 2685 e.
843 2631 972 2686 adhiberi
990 2649 1005 2685 c
1023 2634 1100 2700 (-—re
1116 2637 1157 2701 p).

140 2701 173 2753 ut
190 2701 213 2754 si
232 2716 273 2768 cp.
357 2700 597 2756 idetractatione
611 2719 641 2771 p.
731 2703 838 2755 factam
857 2719 878 2757 c.
967 2702 1016 2756 Sin
1034 2720 1061 2758 c:
1082 2703 1111 2758 si
1125 2721 1156 2772 p.

141 2786 175 2825 ex
189 2787 239 2824 orn.
255 2787 296 2839 cp.
369 2771 568 2827 8humectatis
582 2790 604 2827 c.
677 2771 726 2826 Sin
742 2790 769 2827 o:
785 2771 854 2842 Sip.
928 2773 1158 2844 9perfricatione

141 2857 174 2909 cp
193 2842 221 2910 (i.
240 2841 345 2911 frigore
364 2843 427 2897 cdd.
443 2861 479 2912 p,
499 2861 555 2898 nors
574 2847 609 2911 c).
681 2859 793 2898 meraca
811 2863 826 2899 c
844 2845 951 2912 (menta
968 2845 1042 2900 Peu.
1058 2849 1157 2914 c.19)=

142 2912 212 2966 meri
225 2929 255 2981 p.
332 2919 365 2967 10
383 2915 480 2968 vinum
499 2946 532 2956 —
552 2914 679 2970 adhiberi
693 2932 729 2983 p:
749 2931 798 2970 cra.
814 2934 836 2971 c.
909 2933 1045 2985 namque:
1065 2925 1114 2987 nar
1125 2934 1157 2985 p.

142 2988 174 3035 12
190 2982 362 3038 abstinentia
376 3001 397 3040 c.
465 2987 512 3040 vel
525 2985 660 3040 ieiunium
675 3004 701 3040 c:
716 3003 767 3041 om.
777 3004 808 3055 p.
877 2993 909 3041 13
924 2987 1115 3043 flebotomiam
1124 3005 1156 3056 p,

142 3059 175 3106 14
194 3054 240 3108 vel
258 3071 285 3109 c:
305 3057 355 3109 aut
368 3073 398 3125 p.
486 3059 621 3112 sabathia
638 3060 702 3125 (sic)
715 3074 746 3125 p,
765 3075 864 3112 —oum
883 3075 905 3112 o.
997 3058 1108 3128 operari
1121 3075 1157 3126 p:

140 3141 206 3179 -re
227 3142 249 3179 c.
321 3127 351 3181 in
370 3128 440 3183 decl.
455 3145 478 3196 p
498 3129 538 3197 (in
556 3144 606 3184 om.
626 3132 659 3198 c).
731 3128 808 3183 faeta
827 3146 877 3184 om.
892 3146 922 3198 p.
1002 3135 1034 3184 15
1054 3129 1157 3184 diffini·

24 3264 25 3269 ἵ
140 3195 225 3249 tionis
247 3214 278 3265 p.
370 3205 402 3253 16
425 3201 579 3253 naseuntur
607 3216 647 3268 cp.
741 3204 772 3252 18
799 3200 937 3268 passionis
963 3201 1110 3271 contingat
1134 3217 1157 3267 c,

140 3267 281 3333 passiones
299 3269 466 3340 contingunt
480 3287 510 3339 p.
621 3277 653 3325 19
672 3269 831 3339 Aliquando
851 3277 897 3326 ete.
917 3273 985 3339 (nisi
1002 3274 1075 3340 qaod
1095 3287 1158 3341 per·

139 3336 286 3394 fricatione
310 3343 339 3395 et
362 3345 490 3411 corpore)
514 3359 540 3396 c:
565 3343 682 3398 Dolores
711 3341 870 3397 efficiuntur
893 3344 948 3411 (bic
973 3359 1042 3398 corr.
1070 3359 1157 3412 marc.

140 3408 301 3534 apipuandot
320 3428 384 3467 cum
402 3413 512 3482 ingenti
530 3414 638 3470 fervere
656 3415 728 3483 (sic).
765 3413 916 3483 aliquando
931 3431 995 3468 cum
1008 3413 1157 3469 fricatione

140 3496 154 3532 e
200 3497 306 3552 crpore.
