2414 3924
471 217 610 264 ninum.
634 214 710 264 ose.
726 217 785 262 xx.
1055 205 1111 268 301

125 379 155 428 et
169 371 244 428 inter
261 387 294 428 se
309 372 421 429 tunicae
443 368 629 445 glutinantur.
663 370 791 446 Rursus,
814 369 839 428 si
858 376 939 428 aetas
961 372 1116 448 processit,

124 452 299 532 inultumque
313 453 439 512 intestini
453 452 640 514 descendisse
653 471 691 512 ex
705 461 816 512 tumore
834 469 938 529 magno
953 461 1048 531 patet,
1068 452 1116 512 ad·

119 537 316 614 jioiunturque
330 535 415 596 dolor
430 545 459 595 et
471 537 607 604 vomitus;
639 555 713 616 quae
729 554 767 595 ex
788 543 937 612 stercore,
959 554 997 595 ex
1021 536 1115 596 crudi·

123 628 183 679 tate
199 635 236 678 eo
252 619 390 698 delapso,
406 620 469 679 iere
479 619 632 696 accidunt,
650 619 820 698 scalpellum
835 619 965 680 adhiberi
979 622 1040 679 sine
1050 638 1115 697 per·

99 703 199 762 unioie
222 719 278 762 non
296 720 385 780 posse
399 702 580 762 manifestum
595 714 655 764 est:
681 702 831 763 levandum
847 703 1040 763 tantummodo
1057 722 1115 765 rna·

124 786 198 859 lum,
212 795 242 844 et
256 803 309 863 per
324 786 396 845 alias
411 788 575 847 curationes
591 785 796 847 extrahendum
811 794 865 846 est.
898 788 1021 863 Sanguis
1045 788 1116 847 mitti

123 887 161 928 ex
176 868 296 929 brachio
313 868 414 928 dehet:
438 868 557 947 deinde,
576 872 601 928 si
618 872 695 929 vires
711 871 868 946 patiuntur,
885 870 1050 948 imperanda
1065 871 1115 930 tri·

74 994 75 997 ¹
123 954 170 1012 dui
189 952 361 1012 abstinentia
385 961 444 1020 est;
475 953 627 1029 siminus,
651 962 733 1013 certe
753 970 807 1030 pro
827 955 856 1012 vi
875 955 1009 1032 corporis
1032 971 1115 1032 quam

123 1036 301 1112 longissima.
320 1035 432 1096 Eodem
447 1053 518 1095 vero
532 1046 662 1115 tempore
677 1036 927 1114 superhabendum
940 1038 1115 1115 cataplasma

89 1135 161 1178 rocx
176 1119 224 1178 lini
240 1120 367 1194 semine,
388 1119 464 1197 quod
479 1128 544 1179 ante
559 1119 661 1197 aliquis
684 1138 721 1178 ex
740 1120 832 1180 mulso
854 1120 1015 1180 decoxerit.
1046 1120 1115 1181 Post

122 1202 211 1278 haec,
227 1210 259 1262 et
273 1203 364 1262 farina
378 1202 543 1262 hordeacea
558 1221 621 1262 curn
637 1204 733 1262 resina
749 1203 917 1280 injicienda;
934 1213 963 1262 et
977 1206 1002 1263 is
1015 1205 1114 1265 demit·

122 1284 224 1346 tendus
239 1289 268 1345 in
282 1286 387 1345 solium
402 1304 495 1364 aquae
511 1286 642 1362 calidae,
663 1288 708 1345 cui
726 1286 821 1346 oleum
839 1303 957 1366 quoque
973 1287 1117 1364 adjectum

123 1371 175 1438 sit;
197 1368 377 1448 dandumque
392 1369 500 1447 aliquid
515 1370 572 1429 cibi
586 1362 677 1445 lenis,
695 1369 789 1429 calidi.
823 1371 942 1445 Quidam
966 1372 1052 1431 etiam
1074 1371 1114 1431 al·

123 1469 189 1511 vum
204 1451 318 1512 ducunt.
344 1452 376 1512 ld
394 1453 539 1512 deducere
555 1452 662 1530 aliquid
676 1455 704 1512 in
719 1463 845 1513 scrotum
859 1462 972 1532 potest,
988 1454 1114 1515 educere

90 1552 113 1590 re
123 1555 161 1595 ex
178 1552 214 1596 eo
229 1553 287 1595 nou
303 1546 411 1614 potest.
444 1536 501 1597 Per
516 1553 655 1611 cavero,
672 1554 746 1614 quae
761 1555 846 1615 supra
862 1538 970 1616 scripta
985 1547 1057 1614 sunt,
1073 1538 1114 1597 le-

121 1628 189 1679 vato
205 1620 297 1696 malo,
317 1621 340 1679 si
356 1619 469 1697 quando
484 1620 555 1679 alias
570 1619 655 1679 dolor
670 1622 839 1694 reverterit,
859 1620 960 1679 eadem
975 1630 1058 1680 erunt
1072 1621 1115 1681 la·

122 1703 234 1763 cienda.
267 1704 335 1762 Sine
352 1703 456 1763 dolore
468 1721 585 1781 quoque
599 1706 623 1762 si
637 1703 723 1762 multa
739 1705 871 1763 intestina
886 1703 1024 1782 prolapsa
1040 1713 1114 1780 sunt,

121 1789 216 1846 secari
233 1805 444 1866 supervacuum
460 1796 520 1846 est:
544 1804 601 1845 non
616 1804 673 1866 quo
695 1786 808 1846 excludi
824 1806 839 1846 a
857 1792 956 1847 scroto
971 1805 1029 1847 non
1045 1804 1113 1866 pos·

122 1871 191 1936 sint:
216 1871 270 1929 nisi
285 1880 381 1930 tannen
395 1871 425 1931 id
442 1870 624 1931 inflammatio
640 1869 801 1949 prohibuit;
825 1871 877 1930 sed
900 1871 976 1949 quod
996 1871 1114 1953 repulsa
1133 1908 1137 1915 ·

86 1973 111 2012 ao
121 1953 287 2030 inguinibus
305 1957 507 2028 immorentur,
531 1953 628 2032 ibique
640 1963 780 2013 tumorem
802 1958 946 2031 excitent,
970 1963 1055 2033 atque
1076 1956 1114 2013 ita
1171 1980 1173 1984 ·

122 2039 170 2098 liat
192 2037 260 2097 mali
281 2056 339 2098 non
362 2039 441 2113 linis,
464 2037 516 2097 sed
532 2038 659 2098 mutatio.
692 2037 731 2096 ht
746 2038 775 2096 in
791 2053 844 2113 eo,
869 2055 954 2115 quem
970 2037 1114 2116 scalpello

122 2121 215 2180 curari
231 2122 397 2199 oportebit,
420 2121 605 2199 simulatque
625 2122 659 2181 ad
680 2120 803 2180 mediam
824 2124 945 2180 tunicam
967 2122 1069 2181 vulnus
1085 2123 1114 2179 in

120 2204 238 2281 inguine
259 2205 366 2264 factum
384 2208 565 2282 pervenerit,
595 2204 705 2265 duobus
727 2204 848 2264 hamulis
871 2223 906 2264 ea
924 2205 1007 2279 juxta
1034 2206 1114 2283 ipsas

122 2306 189 2347 oras
205 2289 384 2366 apprehendi
399 2288 531 2363 debebit,
552 2289 617 2348 dom
632 2288 754 2349 diductis
768 2287 899 2347 omnibus
913 2287 1115 2348 membranulis

85 2399 110 2437 25
122 2372 250 2431 medicus
278 2390 341 2431 eam
366 2373 481 2432 liberet.
515 2371 617 2450 Neque
643 2373 718 2431 enirn
742 2390 805 2431 curn
830 2371 961 2451 periculo
981 2371 1115 2446 laeditur,

120 2472 195 2532 quac
218 2455 379 2516 excidenda
402 2465 446 2514 est
454 2479 461 2525 ;
485 2473 570 2532 quum
591 2456 751 2515 intestinum
774 2473 841 2514 esse
865 2455 919 2513 nisi
941 2454 993 2514 suh
1008 2472 1043 2515 ea
1057 2472 1116 2514 non

119 2541 224 2615 possit.
256 2538 311 2598 Ubi
327 2539 442 2599 diducta
458 2548 551 2598 autern
566 2539 634 2615 erit,
651 2539 686 2598 ah
701 2541 819 2614 inguine
841 2540 982 2616 usquead
998 2539 1115 2599 testicu-

120 2622 177 2681 lum
191 2623 278 2681 incidi
295 2622 414 2682 debebit
429 2624 487 2696 sic,
503 2640 539 2681 ne
555 2624 580 2681 is
595 2624 659 2700 ipse
676 2622 820 2691 laedatur3
842 2631 900 2682 tunr
915 2622 1019 2682 excidi.
1039 2621 1116 2682 Fere

119 2715 214 2763 tamen
238 2705 312 2764 hanc
341 2708 518 2766 curationem
539 2706 659 2783 puerilis
681 2716 775 2781 aetas,
799 2715 827 2764 et
851 2706 994 2765 modicum
1012 2706 1115 2765 malum

83 2790 234 2865 aorecipit.
267 2790 297 2847 si
313 2792 357 2848 vir
371 2789 507 2848 robustus
522 2783 583 2864 est,
598 2791 747 2866 maJ'usque
762 2789 790 2847 id
812 2791 908 2848 vitium
924 2799 984 2862 est,
1002 2786 1114 2847 extrahi

119 2872 270 2930 testiculus
294 2890 352 2931 non
374 2873 476 2947 debet,
505 2872 557 2932 sed
578 2873 606 2930 in
624 2891 674 2932 sua
699 2872 769 2931 sede
791 2888 971 2949 permanere.
1006 2870 1037 2929 ld
1057 2868 1114 2927 hoc

119 2955 206 3014 modo
227 2955 266 3014 tit.
303 2954 413 3032 Inguen
435 2956 535 3016 eadem
557 2957 669 3015 ratione
690 2972 780 3032 usque
804 2954 839 3013 ad
856 2953 976 3012 mediam
990 2952 1113 3011 tunicam
1184 3004 1187 3009 .

120 3038 264 3117 scalpello
282 3041 426 3117 aperitur;
444 3057 537 3117 eaque
557 3041 651 3098 tunica
672 3037 774 3097 eodem
786 3036 872 3095 modo
888 3036 999 3094 duobus
1022 3034 1113 3094 hamis

119 3123 263 3198 excipitur
279 3124 334 3198 sio,
352 3132 381 3181 ut
396 3142 412 3182 a
427 3125 556 3182 ministro
572 3123 720 3182 testiculus
736 3129 853 3179 eatenus
869 3120 1059 3195 contineatur,
1077 3137 1114 3178 ne

82 3225 109 3265 aa
121 3223 175 3283 per
190 3205 291 3264 vulnus
308 3216 409 3265 exeat:
440 3216 497 3265 tum
519 3225 554 3266 ea
571 3208 665 3266 tunica
689 3204 822 3264 deorsum
844 3220 946 3261 versus
968 3202 1112 3280 scalpello

119 3288 268 3358 inciditnr3
292 3288 345 3348 suh
362 3308 454 3366 eaque
472 3290 558 3348 index
572 3290 677 3366 digitus
696 3289 827 3346 sinistrae
849 3303 948 3345 manns
972 3286 1007 3344 ad
1028 3288 1113 3344 imurn

117 3372 282 3432 testiculum
297 3372 468 3448 demittitur,
489 3391 610 3450 eumque
628 3372 664 3432 ad
683 3371 797 3448 plagam
819 3367 983 3446 compellit:

119 3455 240 3516 dextrae
255 3474 354 3515 manus
371 3458 427 3517 duo
441 3456 537 3532 digiti,
553 3455 653 3533 pollex
668 3464 752 3532 atque
772 3452 874 3528 index,
895 3468 979 3513 venat
