2414 3924
445 186 718 275 '-21e-

101 346 182 417 quod
214 345 426 472 aflpellatur'a
456 344 570 402 Graecis
641 344 809 402 thomnoicie
823 347 847 415 5)
862 345 892 400 id
906 352 948 402 est
961 348 985 403 is
999 348 1048 419 qui
1063 388 1069 403 .
1082 393 1103 406 ..

99 418 231 474 cionem
245 417 299 473 'tos
324 417 375 484 (sic
399 418 443 487 55)
470 418 569 474 dcccci·
641 421 719 472 recto
738 419 860 471 scemate
877 416 1001 474 iacentes
1025 437 1105 490 prae-

98 491 180 546 oder
198 505 221 545 c.
242 494 285 544 51.
641 487 771 543 locantur
792 493 836 542 43.

78 551 235 626 o'vddeoos:
259 558 361 615 asellos
380 575 450 627 quos
470 557 570 614 Graeci
623 548 715 630 ὀρὸςε
730 574 793 613 5555
807 557 908 613 enims
987 559 992 572 '
1015 559 1104 631 isqui

99 630 214 688 oniscos
238 629 337 684 dicunt
359 633 394 684 28
420 631 481 698 (nos
502 645 569 684 vero
640 628 729 685 latine
757 644 849 684 serum
877 645 949 699 appe
963 630 1037 685 latur
1069 638 1105 688 46

95 700 289 773 porcelliones
342 716 476 756 vocamus
527 702 569 755 cit
641 703 727 769 (aqua
754 701 795 755 551
828 700 920 768 liquor
952 701 1031 757 lactis
1058 719 1103 774 op.

98 773 203 829 Simon
219 788 241 827 5.
261 770 395 838 ediscite,
416 771 450 839 cf.
470 786 491 827 5.
506 787 569 840 555·
644 772 694 856 lle.
715 771 805 826 Prisc.
825 776 850 826 et
870 770 961 842 0551).
1031 784 1040 801 ·

96 842 239 900 celliones
286 843 336 898 ati
378 858 433 912 pro
475 840 570 897 055515
623 858 664 898 55
707 837 800 908 cende
821 837 922 910 adeor:
949 843 1023 899 circa
1048 845 1104 900 uri·

96 929 201 970 emae
224 915 293 970 citat
310 913 512 978 Dioscoridcm,
536 929 569 968 cc
641 929 678 968 55
690 930 719 968 55
737 913 798 968 vias
819 929 888 982 quas
907 912 1104 971 (1555515551-

97 986 154 1040 Ta
166 985 257 1040 Prisc.
272 989 302 1050 2,
311 983 444 1050 14f.45b
460 984 569 1039 oniscos
641 1001 690 1039 cus
728 1000 792 1039 orus
810 986 914 1039 vocant
932 990 966 1039 51
987 987 1033 1053 (cf.
1047 990 1103 1056 46).

121 1054 568 1124 uosporcellionesappellamus).
641 1056 676 1122 cf.
719 1056 769 1111 ccl.
789 1055 843 1111 555.
863 1060 888 1123 5,
908 1061 942 1111 58
961 1062 1007 1112 etc.
1080 1109 1084 1116 .

79 1075 233 1196 ὀὲάλμηε
261 1125 292 1180 in
319 1127 400 1181 aceto
428 1125 503 1184 salso
528 1125 569 1179 in·
624 1121 801 1182 rraedcxdv:
827 1126 944 1195 collyrio
963 1128 1103 1193 55555555,-

98 1197 204 1252 fundes
226 1196 303 1266 quod
321 1196 422 1252 Graeci
445 1196 569 1250 oxalmin
641 1198 699 1253 tico
727 1196 827 1264 uteris,
855 1198 930 1266 quod
959 1199 1104 1270 appellant

101 1267 246 1337 (55555555
263 1284 305 1337 pc,
324 1268 456 1323 oxomion
469 1271 502 1337 p)
521 1284 568 1322 vo·
641 1267 761 1338 pedicon
778 1268 808 1323 id
827 1269 870 1323 est
888 1270 995 1337 puerile
1016 1277 1058 1329 29.

99 1341 171 1394 'cant
197 1343 239 1395 20.
285 1355 349 1393 cum
377 1340 457 1393 aceto
485 1337 568 1393 salito
624 1336 841 1411 παραπληξία
855 1344 889 1393 65
904 1371 938 1379 -
952 1342 1008 1397 oid.
1022 1333 1104 1399 dro-

96 1409 246 1478 infundes,
271 1409 346 1477 quod
370 1408 471 1464 Graeci
491 1409 568 1464 oxal-
642 1407 773 1479 πληξὶα.

95 1497 167 1537 men
198 1480 318 1549 (555155
342 1496 377 1550 p,
406 1481 516 1536 oxamel
544 1482 568 1549 c)
624 1478 843 1552 παρὲκχυσιςε
885 1481 1102 1551 epithima...

98 1553 207 1607 vocant
225 1556 268 1606 28.
641 1551 808 1607 conveniens
824 1551 986 1622 hydropicis
998 1555 1036 1609 ad
1050 1555 1103 1610 dif-

80 1615 242 1692 (ὀξύτης);
263 1623 292 1677 55
310 1622 375 1676 sunt
390 1620 569 1676 ictericorum
641 1622 764 1678 fusiones
786 1622 913 1678 humoris
939 1642 990 1694 per
1011 1628 1103 1682 totum

103 1692 259 1747 distantiae
296 1693 381 1760 duae,
418 1709 474 1747 555
505 1709 569 1747 cum
641 1710 755 1764 corpus,
775 1710 844 1762 quas
859 1695 1029 1764 parecchieis
1044 1701 1102 1768 (pa-

102 1763 256 1832 febricula‚
293 1765 322 1817 55
359 1762 520 1844 appellatur
552 1779 570 1818 5
641 1764 755 1819 rathisis
774 1781 802 1832 c,
819 1764 994 1834 perenchisis
1008 1784 1044 1836 p,
1066 1768 1102 1834 cf.

103 1833 219 1889 Graecis
234 1833 322 1889 oxites
333 1835 425 1902 (oxral
439 1827 568 1902 ὀξύτηςῖ)
643 1835 714 1890 (luel.
734 1836 788 1889 cer.
808 1840 834 1902 ³,
853 1836 900 1902 97)
918 1834 1017 1890 dicunt
1035 1842 1077 1892 76».

101 1906 133 1960 id
148 1907 296 1973 estacuta,
312 1904 403 1959 altera
417 1904 477 1960 sine
490 1905 569 1959 febre
624 1904 780 1977 πάρεσιςε
818 1903 861 1958 sin
898 1919 964 1959 vero
996 1907 1103 1976 paresis

101 1976 237 2030 diuturna
252 1992 323 2044 quae
337 1975 499 2045 appellatur
510 1992 569 2030 cro·
642 1976 772 2046 (parresis
800 1977 828 2045 p)
854 1975 940 2029 fuerit
965 1979 1103 2032 stomachi

101 2048 177 2102 nites
196 2046 320 2115 (croniet
345 2043 502 2116 χρονιότης)
523 2053 566 2100 49.
639 2047 669 2100 id
689 2048 731 2100 est
749 2045 886 2116 paralysis
904 2051 947 2099 42.

101 2120 137 2185 cf.
154 2134 176 2172 5.
192 2123 226 2172 30
245 2117 275 2171 15
288 2117 464 2188 aegritudine
484 2119 568 2172 55555
623 2117 830 2187 παρωτίδεςε
850 2119 1003 2171 nascuntur
1021 2136 1101 2188 pero-

99 2189 130 2242 id
151 2190 195 2243 est
214 2188 307 2243 celeri.

77 2253 315 2341 rigodepescesde:
335 2275 401 2314 xero
419 2259 567 2384 0⁰ssg¹i¹¹¹¹i

99 2346 204 2385 acuens
232 2347 337 2397 visum,
366 2331 441 2398 quod
493 2347 568 2386 raeci

639 2189 712 2243 tides
740 2187 821 2256 (-de
846 2190 869 2256 c)
896 2188 970 2243 circa
993 2190 1102 2245 aurium

639 2261 746 2329 partes,
771 2259 845 2313 unde
868 2259 980 2315 nomine
1000 2279 1101 2331 graeco

641 2331 680 2386 sic
699 2332 835 2385 vocantur
855 2336 896 2385 17.

100 2399 281 2456 oxidercicon
303 2403 406 2455 vocant
430 2407 463 2456 29
487 2407 512 2455 ct
530 2402 566 2456 ib.
623 2401 780 2470 πατητοὶι
805 2404 855 2455 555
872 2401 1016 2471 trigonum
1035 2406 1101 2472 (tro-

99 2488 166 2526 mox
183 2471 340 2527 fomentum
358 2471 446 2526 oculis
466 2487 567 2526 555555

99 2543 194 2597 visum
219 2543 294 2611 quod
314 2542 413 2599 Graeci
432 2542 566 2598 oxiderci-

100 2631 157 2669 con
187 2614 290 2669 vocant
318 2615 377 2680 (abi
405 2613 567 2668 oxidorcion

97 2687 142 2739 bis
160 2702 187 2755 5,
208 2683 379 2739 oxidortium
397 2684 486 2753 sim).

80 2748 303 2826 ὀξυρόδινον
341 2755 496 2824 oxyrodino
534 2754 565 2809 id

98 2828 144 2881 est
162 2827 243 2881 aceto
262 2828 291 2881 et
308 2842 425 2881 rosaceo
449 2827 512 2881 oleo
531 2843 565 2880 ex

96 2897 171 2952 lanis
200 2895 304 2951 sucidis
329 2896 502 2952 embrocabis
530 2903 564 2952 33

95 2969 143 3035 (cf.
160 2969 196 3036 1).
222 2968 350 3022 embroce
361 2967 448 3022 uteris
464 3009 470 3022 .
487 3010 493 3022 .
510 2985 565 3023 ,55

94 3040 177 3093 55555
201 3044 230 3093 55
254 3054 382 3105 rosaceo,
407 3039 483 3106 quod
507 3040 565 3094 oxi·

94 3108 214 3164 5551555
233 3111 335 3164 vocant
354 3115 396 3164 61.
417 3115 459 3164 71.

77 3171 290 3252 dedetractor:
316 3182 345 3234 55
370 3181 502 3249 55555555
525 3182 561 3252 (5,

95 3250 212 3306 -tonia
230 3267 257 3319 c,
280 3251 405 3304 —tomia
420 3254 454 3321 5)
477 3251 562 3306 aliter

94 3321 212 3387 dicitur,
232 3321 256 3375 si
274 3321 390 3390 quidem
409 3323 486 3376 recto
502 3339 560 3376 ece·

94 3394 171 3447 mate
203 3393 327 3447 iacentes
363 3392 561 3462 praefocantur

94 3463 206 3533 aegroti
230 3469 273 3519 41.
309 3463 481 3532 ortopnoicis
507 3466 560 3531 (or-

640 2472 756 2539 ciecum)
797 2471 929 2528 admixtis
969 2475 1102 2545 palmulis

639 2543 769 2610 calcatis,
814 2545 929 2612 patetoe
974 2547 1102 2614 (pateton

639 2615 726 2682 codd.)
749 2630 766 2667 a
785 2612 899 2669 Graecis
923 2616 1103 2686 appellantur

639 2692 682 2742 33.
716 2685 750 2752 cf.
772 2684 906 2740 055155.
926 2693 957 2754 2,
977 2692 1028 2742 108
1053 2705 1102 2758 55-

638 2759 775 2826 ponentes
797 2756 937 2826 palmulas
961 2776 1031 2828 ques
1052 2775 1101 2829 pa—

636 2830 711 2883 55555
736 2828 841 2883 vocant
866 2829 1009 2899 contritas.
1046 2831 1100 2886 etr.

637 2905 663 2965 4,
683 2904 734 2952 542
754 2898 886 2967 palmulis
900 2916 969 2968 quas
988 2902 1100 2969 patetos

637 2970 1100 3096 5515555555

633 3115 668 3164 45
705 3109 821 3163 tertium
840 3150 847 3164 .
867 3127 1003 3180 ..genus
1041 3113 1100 3180 (po-

633 3195 743 3234 morum
767 3180 890 3249 palmae)
915 3182 1032 3250 patetoe
1046 3222 1053 3236 .
1069 3221 1076 3233 .
1092 3222 1098 3234 .

634 3250 748 3304 calcatis
787 3249 901 3304 similes.
946 3249 1044 3305 Simon
1077 3267 1098 3306 s.

632 3320 738 3391 petitos
761 3319 880 3375 dactilos
899 3323 1002 3376 vocant
1018 3319 1101 3378 Greci

633 3390 763 3446 humidos
782 3390 959 3516 pinguesque
973 3397 1020 3450 etc.
1040 3396 1098 3465 (cit.

633 3463 707 3531 Gal,
725 3463 815 3530 Alea,
865 3464 992 3533 5555555).
