2416 3936
175 195 220 262 50
411 200 460 249 nn
482 200 545 248 mn
567 198 701 247 uersor
723 197 799 248 our.
815 200 918 247 xxrn.
995 178 998 183 ’

178 346 291 410 tatibus
312 318 452 424 quattuor
466 339 566 401 modis
581 339 729 400 definitur.
768 337 923 418 Babylonii
937 338 1060 417 quidem
1081 357 1099 400 a
1114 359 1159 400 so·

180 434 217 494 lis
233 438 339 492 exortu
355 428 392 488 ad
408 433 545 488 exortum
561 424 693 486 eiusdem
710 424 782 484 astri
797 424 876 484 diem
891 428 1070 495 statuerunt,
1087 433 1118 486 at
1131 428 1160 488 in

181 515 306 580 Umbria
333 512 468 592 plerique
496 528 512 570 a
539 508 664 570 meridie
691 508 729 569 ad
756 508 926 577 meridiem,
962 507 1160 572 Athenienses

183 609 283 662 autem
305 595 342 658 ab
364 612 472 656 occasu
493 593 564 653 solis
585 592 621 654 ad
643 610 792 655 occasum.
839 600 972 654 celerum
993 593 1161 657 Romania

184 683 282 747 media
303 689 390 741 nocte
413 678 450 740 ad
471 679 598 739 mediam
619 685 737 738 noctem
753 677 832 738 diem
854 696 919 739 esse
941 678 1188 741 existimaruntt

149 781 167 828 4
185 767 294 830 indicio
308 772 379 825 sunt
393 780 478 824 sacra
489 761 608 840 publica
624 769 654 821 et
668 762 800 840 auspicia
816 763 904 826 etiam
919 764 1160 840 magistratuum,

186 868 314 930 quornm
329 851 356 909 si
377 847 449 928 quid
471 855 539 908 ante
554 847 686 908 medium
705 848 803 907 noctis
824 855 869 909 est
889 855 1004 918 actum,
1032 847 1093 909 diei
1115 853 1161 930 qui

187 935 341 1015 praeteriit
355 931 552 1002 adscribitur,
569 932 595 993 si
611 931 686 1010 quid
698 938 800 993 autem
815 939 883 1012 post
898 931 1027 993 mediam
1043 945 1161 996 noctem

187 1029 218 1082 et
232 1025 301 1081 ante
315 1016 413 1079 lucem
435 1016 621 1085 factumest,
650 1034 685 1077 eo
700 1015 749 1078 die
765 1024 882 1094 gestum
897 1016 1008 1077 dicitur
1024 1019 1077 1095 qui
1099 1035 1161 1080 eam

152 1114 168 1164 5
187 1104 320 1183 seqnitur
339 1107 469 1163 noctem.
499 1100 578 1161 idem
598 1101 744 1178 signifieat
759 1102 839 1179 quod
855 1103 906 1180 qui
926 1119 943 1161 a
958 1101 1058 1162 media
1075 1110 1162 1166 nocte
1177 1109 1199 1158 tt

187 1187 225 1249 ad
253 1188 420 1266 proximam
447 1185 576 1247 mediam
598 1192 716 1246 noctem
742 1187 773 1247 in
798 1186 843 1246 his
864 1185 948 1246 horis
967 1193 1113 1265 quattuor
1136 1196 1163 1250 et

153 1282 169 1330 c
187 1271 288 1349 viginti
304 1277 466 1332 nascuntur
488 1269 615 1331 eundem
637 1269 715 1331 diem
731 1269 843 1332 habent
856 1269 993 1331 natalem.
1025 1272 1057 1331 in
1073 1272 1163 1351 horas

186 1369 239 1415 xn
261 1353 339 1415 diem
361 1355 486 1416 divisum
507 1372 573 1415 esse
594 1361 773 1435 noctemque
799 1357 830 1416 in
849 1356 969 1416 totidem
994 1355 1088 1433 vulgo
1111 1374 1162 1418 no-

186 1447 250 1499 turn
274 1445 332 1499 est:
356 1438 408 1499 sed
428 1437 486 1500 hoc
507 1438 599 1533 oredo
614 1438 727 1500 Romae
748 1446 817 1519 post
837 1445 957 1519 reperta
977 1440 1090 1501 solaria
1112 1441 1162 1503 ob·

187 1530 345 1584 servatum
397 1540 525 1600 quorum
552 1498 791 1602 antiquissimum
818 1525 897 1603 quod
923 1524 1014 1586 suerit
1040 1526 1162 1588 inventu
1177 1530 1200 1581 15

185 1607 307 1669 difficile
327 1614 384 1668 est:
414 1605 464 1666 alii
485 1609 564 1668 enim
585 1607 664 1686 apud
685 1608 789 1669 aedem
811 1607 927 1679 Quirini
949 1609 1082 1687 primum
1105 1619 1161 1673 sta-

188 1699 285 1754 tutum
300 1691 417 1762 dicunt,
435 1689 506 1752 alii'
497 1709 528 1751 rn
545 1691 703 1770 Capitolio,
727 1692 861 1754 nonnulli
877 1693 915 1754 ad
930 1692 1037 1754 aedem
1052 1693 1162 1757 Dianae

154 1778 219 1838 'tin
239 1777 395 1837 Aventino.
438 1774 511 1837 illud
539 1777 611 1836 satis
638 1783 766 1847 constat,
790 1776 905 1839 nullum
932 1781 962 1838 in
988 1777 1056 1839 loro
1081 1782 1161 1859 prius

188 1861 279 1922 luisse
300 1878 390 1940 quam
409 1859 439 1919 id
460 1859 539 1938 quod
555 1860 593 1920 lt
615 1859 747 1921 Valerius
769 1880 804 1922 ex
827 1861 924 1923 Sicilia
945 1862 1106 1924 advectum
1127 1864 1160 1926 ad

186 1952 285 2007 rostra
306 1946 335 2004 in
357 1941 495 2005 columna
514 1945 622 2022 posuit.
658 1946 737 2024 quod
759 1948 898 2025 quoniam
920 1946 957 2006 ud
978 1946 1066 2007 clima
1090 1949 1160 2009 Sici·
1175 1953 1200 2001 20

187 2029 246 2091 liae
261 2028 443 2107 descriptum
467 2029 501 2090 ad
518 2029 608 2089 horas
624 2028 737 2091 Romae
757 2048 817 2091 non
833 2032 1018 2101 conveniret,
1041 2032 1075 2093 L.
1093 2033 1160 2094 Phi·

188 2115 288 2194 lippus
305 2131 411 2174 censor
427 2112 506 2175 aliud
520 2114 601 2174 iuxta
617 2116 777 2176 constituit.
802 2116 910 2176 deinde
927 2115 1078 2194 aliquanto
1096 2125 1162 2196 post

188 2199 220 2260 P.
238 2197 393 2260 Cornelius
408 2197 513 2259 Nasica
529 2216 635 2259 censor
658 2217 694 2259 eu
714 2217 790 2278 equa
805 2200 874 2261 lecit
889 2200 1058 2271 horarium,
1082 2203 1161 2281 quod

189 2284 241 2344 et
233 2300 331 2363 1psnrn
354 2301 389 2344 ex
405 2283 619 2344 consuetudine
634 2283 777 2344 noscendi
798 2303 813 2344 a
830 2284 892 2346 sole
907 2286 996 2347 horas
1016 2284 1160 2350 solarium

155 2380 171 2428 8
190 2374 328 2453 coeptum
351 2369 458 2428 vocari.
494 2367 636 2428 horarum
656 2384 767 2427 nornen
789 2387 848 2428 non
865 2371 961 2430 minus
983 2388 1079 2431 annos
1102 2379 1160 2434 tre·
1175 2374 1198 2425 ii

189 2458 293 2512 centos
308 2451 419 2511 Romae
438 2452 607 2526 ignoratum
629 2469 693 2512 esse
715 2452 857 2513 credibile
878 2462 937 2516 est:
961 2471 1030 2516 narn
1046 2471 1101 2517 ΧΗ
1117 2464 1160 2518 ta·

188 2533 267 2594 bulis
281 2550 427 2613 nusquam
443 2537 607 2597 nominatas
622 2536 961 2610 horasinvenies,ut1n
976 2537 1041 2599 aliis
1056 2550 1160 2619 postea

187 2616 317 2696 legibus,
341 2617 393 2677 sed
415 2625 498 2680 ante
520 2619 728 2691 meridiem,
753 2640 789 2682 eo
805 2621 939 2684 videlicet
959 2624 1039 2701 quod
1060 2634 1160 2702 partes

188 2805 394 2814 ..-...--—--

258 2926 282 2973 1.
301 2925 511 2988 senescenti),
531 2923 667 2975 babilonii
689 2927 717 2975 V
783 2925 891 2988 quibam
909 2927 964 2976 DV
1032 2932 1058 2978 3.
1077 2930 1158 2980 onhe-

188 3005 294 3045 nteusts
313 2993 338 3041 D
406 2993 430 3043 8.
448 3007 603 3057 pnoenenm
621 2993 660 3057 D,
683 2992 810 3058 preteriil'
830 2995 856 3043 V
922 2997 946 3047 9.
971 2994 1089 3046 decerno
1108 2998 1159 3047 DV

189 3073 314 3128 qutaeam
336 3061 362 3110 D
432 3062 472 3110 12.
500 3076 568 3111 osus
591 3063 616 3110 D
686 3062 727 3112 15.
751 3070 897 3112 tnueurum
921 3063 945 3111 Ι)
1015 3064 1058 3115 17.
1086 3079 1157 3115 carr·

190 3129 304 3194 nomino
327 3129 352 3177 D
375 3126 421 3193 (no
439 3130 457 3178 d
478 3130 565 3180 adcor.
590 3131 704 3180 'extremo
726 3143 814 3190 versu,
837 3131 951 3194 proximi
971 3139 1056 3181 autem
1072 3147 1158 3183 versus

188 3200 261 3248 initio
279 3213 330 3246 una
347 3199 434 3248 littera
453 3213 530 3248 erasa
548 3195 610 3261 ert),
639 3196 791 3263 capitulino
813 3197 839 3247 V
907 3199 946 3248 18.
970 3212 1049 3249 runos
1067 3201 1091 3248 D

189 3285 231 3335 20.
252 3268 294 3348 fiiri
312 3283 350 3346 D,
371 3299 431 3333 eum
453 3283 479 3333 V
494 3285 566 3348 culpo
637 3287 769 3333 acutione
788 3282 821 3345 D,
842 3281 1000 3333 aolimmato
1020 3285 1051 3346 d,
1072 3299 1088 3333 a
1108 3284 1158 3333 eli·

188 3354 264 3402 mate
287 3355 311 3404 V
361 3353 402 3404 21.
422 3366 491 3401 onas
509 3350 568 3399 DV
582 3349 619 3413 (in
635 3350 663 3399 V
671 3351 802 3403 heridios
814 3365 893 3416 morp.
906 3366 936 3401 m.
948 3350 1013 3412 rec.)
1068 3354 1111 3402 23.
1132 3368 1156 3416 p.

191 3419 300 3469 coriiV
367 3419 624 3471 namstoaeusonD
694 3421 735 3470 24.
758 3419 894 3470 houonum
914 3419 938 3465 D
1007 3420 1050 3469 25.
1075 3433 1157 3468 unae·

190 3501 293 3539 eenros
311 3490 336 3537 D
406 3489 448 3538 26.
468 3487 612 3538 duodecim
634 3488 660 3536 V
