2414 3924
537 233 592 296 -x
628 196 691 260 114
739 233 776 241 -

147 341 269 422 lapatbii
297 343 433 421 seminis,
460 340 560 403 nuclei
582 341 687 403 leviter
712 342 879 423 torrefacti,
907 343 1001 422 croci,
1029 346 1162 403 omnium

147 429 170 487 V
193 431 214 496 5
237 429 304 511 llll,
333 428 497 509 amygdalas
528 429 631 492 dulces
654 430 836 492 ‹lescamatas
860 438 890 492 et
913 429 1056 491 avellanas
1081 433 1160 492 simi·

147 517 214 579 liter
241 525 382 598 purgatas
410 536 535 580 numero
564 518 668 598 denas,
695 518 806 581 herbae
829 518 968 599 fysalidos
991 537 1079 598 quam
1103 520 1161 580 Ro-

146 609 225 667 mani
249 608 422 667 vesicariam
446 606 606 689 appellant,
629 608 771 668 interiora
791 625 881 687 grana
902 625 1028 669 numero
1047 606 1162 669 XXXV.

118 704 285 756 acontercs
313 697 411 755 omnia
440 703 470 757 et
497 695 612 756 adiecto
640 712 728 774 passo
761 697 942 776 competenti
971 696 1064 757 veluti
1091 715 1161 757 con-

145 785 300 863 spersione
327 785 358 844 in
381 801 477 844 unum
500 782 631 864 rediges,
659 791 690 844 ct
713 785 818 845 exinde
845 785 954 845 ieiunis
982 783 1018 844 di
1041 784 1053 844 l
1077 783 1161 845 dabis

144 891 203 932 non
227 870 424 933 febrientibus
447 889 516 933 cum
539 866 626 952 passo
650 872 811 955 tepefacto,
838 870 1037 933 febrientibus
1059 881 1160 933 autem

144 978 212 1022 cum
236 979 311 1039 aqtra
335 960 435 1021 calida.

233 1049 312 1109 aliud
353 1050 506 1111 nefrcticis
548 1056 579 1110 et
620 1048 776 1110 calculosis
817 1050 997 1110 conveniens
1041 1050 1071 1110 id
1114 1059 1162 1111 est

103 1137 281 1199 10Bcstiane
305 1136 469 1198 antidotum
493 1138 602 1198 ieiunis
625 1137 727 1199 datum
750 1137 863 1217 lapides
888 1139 919 1198 in
942 1136 1067 1198 renibus
1091 1157 1159 1199 con-

143 1226 246 1304 fringit
269 1234 299 1286 et
323 1228 439 1287 urinam
461 1233 611 1305 provocat.

232 1313 311 1374 aliud
339 1314 375 1374 ad
403 1332 510 1375 renum
542 1313 684 1375 dolorem.
730 1316 811 1374 cxira
838 1316 1087 1377 medicamentum
1115 1317 1159 1375 in-

144 1402 237 1462 ferius
261 1404 407 1482 scriptum
430 1405 461 1463 in
485 1403 563 1464 aluta
586 1403 742 1464 inductum
766 1421 911 1487 appones,
934 1413 965 1464 et
988 1401 1113 1464 sanabis.

214 1597 228 1645 1
252 1589 345 1645 nuclei
364 1607 411 1659 cp:
435 1590 469 1657 cf.
493 1592 573 1649 Alea.
594 1590 758 1647 nucleorum
780 1589 842 1660 pini
864 1584 1105 1665 prefrigereorum
1130 1593 1158 1660 (l.

142 1660 343 1731 pefrigmenon.
380 1662 414 1728 cf.
435 1661 531 1717 Siraoa
544 1678 565 1719 s.
580 1661 820 1732 prefrigmenum).
899 1664 1001 1721 leviter
1015 1680 1050 1732 p:
1069 1677 1119 1716 aaa.
1135 1679 1156 1717 c.

142 1736 177 1789 cc
199 1732 293 1802 (croci)
309 1750 344 1801 p:
364 1749 413 1789 om.
433 1749 455 1787 a.
538 1739 617 1787 aab.
636 1738 661 1797 3.
680 1733 741 1787 ΠΙΙ.
756 1750 787 1802 p.
865 1735 895 1789 eb
912 1751 962 1791 ora.
977 1753 1007 1804 p.
1081 1731 1157 1786 simi·

141 1805 207 1860 litor
225 1820 275 1860 om.
289 1821 321 1873 p.
411 1810 427 1858 3
446 1820 562 1859 numero
582 1803 681 1859 denas:
704 1809 748 1858 ati.
768 1803 801 1858 X.
816 1821 852 1874 p,
871 1821 922 1863 aaa.
942 1823 971 1873 c,
990 1805 1038 1876 pai
1056 1821 1074 1858 a
1092 1821 1156 1872 pur-

141 1878 222 1947 gatas
246 1876 348 1930 transit
370 1876 408 1931 aa
430 1891 454 1930 o.
474 1879 492 1930 4
514 1879 579 1931 niro.
602 1879 646 1930 35.
751 1874 853 1930 herbas
872 1875 1000 1932 sisalidos
1015 1919 1021 1932 .
1037 1916 1043 1930 .
1058 1918 1065 1930 .
1079 1873 1157 1929 bese-

141 1947 247 2004 cariam
266 1963 297 2016 p.
329 1947 364 2014 cf.
388 1945 491 2003 Silana.
514 1945 582 2002 Jaa.
607 1961 628 2000 a.
653 1944 777 2000 fisalidor
801 1962 835 2002 aa
857 1948 936 2003 Alea.
958 1949 1004 2003 iat.
1022 1947 1062 2002 eci.
1083 1945 1155 2014 Pap.

90 2032 93 2039 ·
140 2020 161 2085 f.
181 2019 263 2074 101b:
282 2017 437 2086 phisalidos
455 2033 545 2102 quam·
562 2014 645 2072 latini
663 2015 982 2101 pesicaginam'vpcant.
1072 2022 1157 2098 tnu-

140 2106 217 2216 {iil
234 2104 358 2213 linit:
378 2087 728 2227 nullitaftiti
748 2103 774 2142 ⁶·
788 2088 909 2214 ilict
923 2095 1157 2241 innubili

140 2231 158 2284 i.
184 2229 290 2284 bestiae
315 2246 341 2283 c:
367 2245 417 2283 om.
436 2246 468 2298 p.
505 2230 586 2284 Aetio
606 2229 649 2297 Χ,
669 2234 687 2283 6
705 2246 736 2298 p.
757 2234 812 2285 630
834 2247 867 2285 aa
889 2232 1001 2285 cainam
1023 2230 1157 2284 cicatabas

140 2301 274 2356 antidotis
286 2304 442 2354 raamaata.
470 2300 504 2367 of.
520 2301 602 2354 etiam
615 2300 673 2355 coci.
685 2299 779 2356 Paris.
792 2316 855 2370 app.
865 2301 887 2369 f.
897 2306 958 2357 86⁸.
988 2299 1156 2354 Antidotum

140 2370 267 2428 besliane
294 2369 469 2439 appellatum
497 2370 674 2441 confringens
696 2373 726 2425 et
747 2370 778 2424 in
800 2371 913 2427 renibus
939 2371 1070 2427 caucolos
1097 2370 1157 2425 sive

140 2442 249 2513 lapidos
272 2456 343 2508 quos
367 2440 533 2511 gracilitas
557 2441 710 2511 appellent.
748 2443 879 2497 convenit
897 2442 1018 2497 maxime
1043 2439 1087 2495 bis
1107 2441 1156 2510 qui

140 2531 174 2568 ex
192 2512 352 2569 obtussiona
371 2513 551 2567 caucolorum
569 2511 719 2567 dissuriam
737 2512 883 2582 patiuntur
899 2512 918 2568 i.
937 2513 1016 2567 urina
1035 2511 1155 2566 difficul-

139 2587 235 2639 tatem.
264 2582 334 2638 facit
352 2583 381 2636 et
399 2582 435 2637 ad
454 2582 511 2638 alia
528 2583 627 2639 multa.
664 2581 778 2652 Recipit
795 2582 947 2639 cinamomi
965 2587 1013 2638 etc.
1088 2589 1155 2636 12e

138 2655 199 2709 xira
217 2649 245 2723 (ἡ
266 2647 360 2721 §accip
382 2655 445 2720 0(e?
455 2653 550 2722 p)xira
568 2670 610 2722 cp.
646 2653 762 2708 inferius
779 2653 849 2708 abi?
869 2685 902 2695 —
922 2654 1106 2710 restuititur
1123 2654 1156 2706 ia

141 2724 310 2780 antidotario
329 2724 386 2778 coci.
407 2723 499 2780 Paria.
519 2741 582 2794 app.
602 2725 622 2792 f.
642 2722 695 2779 851'
713 2723 798 2779 Exira
816 2726 858 2794 (ia
873 2743 934 2781 mar
953 2766 959 2780 .
975 2723 1086 2793 chira)
1105 2740 1156 2792 ap-

138 2796 245 2865 pellata
267 2795 297 2851 et
321 2796 384 2864 (est)
412 2794 593 2850 desiccatorie
615 2793 729 2849 rimatis
748 2794 784 2850 ad
805 2796 900 2851 omnia
949 2813 1013 2852 cora
1031 2797 1061 2851 ab
1079 2794 1154 2849 sinus

138 2867 282 2922 univorsos
297 2863 474 2934 conglutinat
488 2866 517 2920 et
529 2866 673 2921 fracturas.
701 2864 820 2936 inunges
837 2870 867 2921 ab
880 2866 1006 2923 artabicis
1025 2868 1054 2921 at
1067 2865 1154 2933 poda-

138 2937 231 3008 gricis.
263 2935 412 2992 nefreticis.
441 2935 610 3006 spleneticis.
645 2938 674 2990 et
692 2935 809 2992 duritias
827 2937 921 2992 mollit
938 2935 1107 2992 mirabiliter
1125 2937 1154 2988 et

138 3009 326 3065 callositatem
345 3008 468 3063 atanuat.
501 3008 531 3062 el
549 3010 591 3062 est
604 3007 642 3062 ad
655 3004 750 3062 omnia
767 3007 950 3062 utilissimum
967 3006 1153 3060 medicamen-

27 3091 28 3095 ’
136 3083 206 3136 inm.
240 3077 353 3149 Recipit
371 3094 433 3134 care
451 3081 498 3132 etc.
