2414 3924
140 205 199 269 192
428 215 462 261 n.
480 212 511 261 c.
529 212 627 261 cunsr
643 211 837 260 unorcrnnn

139 371 282 433 continet:
305 370 328 428 si
343 369 425 427 nimis
442 368 545 427 crebra
560 376 619 441 cst,
642 367 829 426 vehementer
844 367 949 427 afficit:
973 367 1057 445 quia,
1076 385 1134 447 quo

138 457 257 534 saepius
279 471 349 513 acus
373 470 481 530 corpus
507 452 785 530 transsuit,quoque
806 450 889 528 plura
910 451 975 510 loca
997 450 1136 524 injectum

137 538 281 598 vinculum
304 535 433 609 mordet,
456 553 493 594 eo
515 536 642 609 majores
657 534 893 594 inllammationes
910 536 1054 605 oriuntur;
1076 553 1135 595 ma·

138 624 243 701 gisque
259 629 378 680 aestate.
406 619 516 678 Neutra
532 620 617 677 etiam
632 619 688 676 vim
705 618 791 678 ullam
806 617 965 686 desiderat;
987 617 1039 678 sed
1055 628 1134 679 eate-

139 725 191 785 nus
215 705 292 764 utilis
316 712 374 779 est,
401 721 456 780 qna
481 704 555 761 cutis
577 702 728 761 ducentem
746 703 827 779 quasi
843 720 893 762 sna
910 711 1016 780 sponte
1032 702 1157 763 subse-s

139 791 242 868 quitur.
276 786 351 847 Fere
372 796 465 845 tamen
488 784 592 845 libulae
607 786 691 845 latius
704 784 807 843 vulnus
823 803 890 844 esse
906 786 1066 863 patiuntur:
1089 805 1134 845 su·

138 883 201 933 tura
223 889 291 930 oras
307 871 420 947 jungit,
442 887 516 947 qnae
536 887 572 928 ne
594 870 675 946 ipsae
692 868 805 946 quidem
820 870 893 928 inter
912 887 944 928 se
961 871 1134 947 contingere

139 975 178 1016 ex
197 965 258 1014 toto
283 953 404 1021 debent:
434 962 464 1011 ut
485 954 509 1011 si
533 953 600 1031 quid
621 954 696 1011 intus
719 952 846 1011 humoris
867 955 1071 1031 concreverit,
1098 955 1136 1012 sit

139 1057 194 1118 qna
211 1046 334 1097 emanet.
357 1038 387 1096 Si
403 1036 481 1114 quod
496 1036 599 1095 vulnus
611 1043 740 1094 neutrum
752 1035 853 1094 horum
864 1036 980 1114 recipit,
997 1036 1025 1095 id
1038 1045 1135 1096 tamen

139 1122 258 1201 purgari
280 1120 375 1179 debet.
412 1119 524 1178 Deinde
547 1121 622 1177 omni
643 1118 755 1177 vulneri
778 1119 870 1196 primo
892 1120 1066 1197 imponenda
1089 1128 1170 1181 estro

140 1206 263 1283 spongia
286 1222 324 1262 ex
347 1212 432 1262 aceto
455 1221 611 1279 expressa:
644 1202 668 1259 si
691 1201 835 1261 sustinere
856 1202 959 1280 aliquis
980 1205 1056 1262 aceti
1077 1206 1135 1262 vim

139 1305 197 1347 non
218 1294 331 1363 potest,
355 1288 422 1345 vino
442 1286 576 1345 utendum
592 1295 645 1344 εει.
680 1284 785 1344 Levius
808 1287 893 1364 plaga
904 1288 1021 1360 juvatur
1037 1289 1134 1360 etiam,

141 1373 166 1430 si
191 1388 228 1428 ex
254 1387 327 1449 aqua
355 1368 459 1444 frigida
485 1387 626 1447 expressa
651 1371 774 1446 spongia
798 1370 960 1448 imponitur.
1006 1369 1065 1429 Sed
1087 1389 1134 1446 ca,

141 1469 322 1533 quocumque
337 1453 423 1512 modo
440 1453 572 1529 imposita
586 1461 649 1528 est,
665 1452 728 1511 dum
740 1453 852 1530 madet,
869 1453 1004 1532 prodeat:
1024 1455 1133 1531 itaque,

76 1574 80 1582 ·
139 1546 169 1596 nt
184 1537 344 1613 inarescat,
360 1552 417 1594 nun
433 1544 478 1594 est
495 1536 734 1596 committendum.
767 1537 906 1615 Licetque
922 1539 985 1596 sinc
1001 1539 1134 1616 peregri·
1146 1558 1169 1597 rs

140 1623 200 1697 nis,
222 1630 251 1680 et
275 1621 462 1697 conquisitis,
487 1629 517 1679 et
538 1621 707 1698 compositis
727 1620 944 1680 medicamentis
966 1621 1067 1680 vulnus
1086 1639 1134 1680 cu·

139 1723 215 1766 rare.
241 1702 300 1765 Sed
316 1706 340 1763 si
356 1706 419 1781 quis
434 1704 501 1763 hnic
516 1722 614 1783 parum
631 1703 763 1778 conlidit,
779 1705 928 1782 imponere
943 1704 1135 1764 medicamen-

139 1798 198 1848 tntn
214 1789 317 1864 debet,
337 1788 414 1865 quod
429 1789 492 1847 sine
508 1805 579 1846 sevo
599 1787 789 1864 compositum
805 1789 842 1848 sit
857 1807 894 1847 ex
909 1790 960 1862 iis,
977 1806 1052 1866 qnae
1071 1806 1133 1846 cru-

141 1874 215 1932 entis
230 1872 397 1930 vulneribus
412 1880 477 1950 apta
492 1889 558 1930 esse
574 1872 729 1949 proposui;
752 1873 932 1950 maximeque
948 1874 972 1932 si
991 1889 1060 1931 caro
1077 1879 1133 1946 est,

140 1955 311 2023 barbarnm;
335 1956 359 2012 si
381 1955 478 2030 nervi,
501 1954 549 2013 vel
567 1955 725 2030 cartilago,
748 1955 796 2014 vel
811 1955 918 2032 aliquid
932 1973 970 2014 ex
985 1956 1168 2014 eminenti-ao

140 2039 209 2114 bus,
239 2038 340 2116 quales
361 2057 460 2114 aures,
490 2038 538 2096 vel
564 2038 646 2097 labra
673 2047 752 2114 sunt,
780 2038 919 2113 Polyidae
947 2038 1134 2117 sphragidem
1156 2054 1158 2058 “

141 2121 195 2200 (ci.
213 2122 271 2197 20,
289 2122 336 2200 2).
371 2122 596 2182 Alexandrinum
620 2139 735 2199 quoquc
759 2121 849 2180 viride
868 2122 1014 2202 (19,17)
1036 2122 1135 2182 nervis

140 2206 272 2264 idoneum
295 2214 355 2266 cst:
382 2204 627 2282 eminentibusque
647 2205 776 2281 partibus
794 2223 829 2264 ea
854 2224 937 2283 quam
957 2205 1060 2266 Graeci
1079 2197 1134 2286 ῥά-

140 2301 292 2347 πτουσαν
308 2297 415 2347 vocant
430 2287 486 2366 (ci.
506 2288 562 2362 19,
582 2287 628 2366 6).
658 2288 740 2348 Solet
755 2290 856 2364 etiam,
874 2290 977 2349 colliso
995 2306 1134 2368 corpore,

141 2371 247 2444 exigna
267 2380 349 2448 parte
370 2371 437 2429 findi
455 2371 537 2428 cutis.
576 2371 661 2444 Quod
678 2372 726 2431 ubi
741 2373 853 2448 incidit,
875 2391 933 2432 non
951 2373 1074 2432 alienum
1090 2382 1168 2438 estas

141 2451 284 2530 scalpello
308 2453 393 2512 latius
418 2455 547 2532 aperire;
570 2456 623 2513 nisi
639 2457 775 2532 musculi,
797 2459 938 2533 nervique
955 2458 1038 2530 juxta
1061 2466 1134 2532 sunt,

141 2553 216 2613 qnos
232 2535 318 2594 incidi
332 2554 389 2595 non
405 2537 537 2614 expedit:
557 2539 605 2597 ubi
621 2540 691 2598 satis
706 2539 849 2601 diductum
865 2550 926 2615 est,
942 2540 1134 2600 medicamen·

140 2627 198 2676 tum
219 2618 418 2696 imponendum
441 2630 494 2680 est.
526 2623 565 2681 m
589 2625 612 2681 si
632 2622 659 2681 id
677 2623 754 2702 qnod
771 2625 902 2684 collisum
919 2633 979 2698 est,
1003 2626 1135 2701 quamvis

140 2719 240 2779 parum
257 2701 399 2763 diductum
416 2714 474 2781 est,
492 2706 576 2765 latius
593 2716 687 2766 tamen
704 2710 810 2786 aperiri
825 2717 948 2787 propter
961 2725 1070 2766 nervos
1088 2715 1135 2765 aut

140 2786 285 2844 musculos
301 2789 459 2864 nonlicet,
477 2790 636 2850 adhibenda
652 2801 716 2850 sunt
734 2810 768 2850 ea
784 2810 857 2869 qnae
870 2791 1017 2851 humorem
1030 2792 1168 2850 leniterao

141 2869 305 2939 extrahant3
321 2875 536 2951 praecipueque
548 2893 585 2933 ex
595 2874 639 2932 his
652 2876 689 2950 id,
702 2876 778 2953 quod
790 2871 942 2957 ρυπῶδες
953 2877 1053 2934 vocari
1065 2892 1132 2952 pro·

141 2956 224 3031 posui
245 2954 401 3035 (19,15).
436 2955 503 3015 Non
517 2957 638 3017 alienum
654 2968 699 3018 εει
714 2961 815 3035 etiam,
838 2959 1011 3036 ubicumque
1030 2958 1133 3017 vulnus

139 3055 231 3112 grave
258 3047 320 3114 εει,
351 3041 486 3117 imposito
512 3058 570 3117 quo
596 3041 624 3100 id
646 3043 780 3119 juvetur,
813 3045 931 3120 insuper
956 3042 1133 3102 circumdare

140 3119 232 3179 lanam
251 3122 397 3182 succidam
412 3141 450 3183 ex
468 3134 552 3184 aceto
569 3134 597 3184 et
613 3125 697 3185 oleo:
717 3127 766 3185 vel
782 3126 973 3204 cataplasma,
997 3128 1022 3185 si
1036 3126 1133 3185 mollis

139 3203 164 3259 is
182 3203 264 3262 locus
284 3214 344 3277 cst,
362 3206 438 3284 quod
453 3207 557 3265 leniter
573 3211 727 3287 reprimat:
746 3211 770 3268 si
784 3227 943 3285 nervosus,
960 3219 1131 3269 autmnscu·
1142 3230 1168 3271 aa

139 3285 236 3361 losus,
254 3287 332 3364 quod
348 3290 483 3349 emolliat.

200 3370 249 3428 24.
279 3371 382 3432 Fascia
404 3391 476 3433 vero
496 3375 531 3433 ad
552 3376 654 3433 vulnus
674 3375 857 3452 deligandum
878 3378 967 3437 lintea
984 3378 1132 3455 aptissima

141 3459 199 3520 est:
222 3471 315 3531 eaque
330 3455 387 3514 lata
403 3475 470 3515 esse
486 3457 587 3533 debet,
609 3467 639 3517 ut
654 3461 744 3518 semel
760 3461 866 3535 injecta
881 3478 939 3520 non
954 3462 1058 3520 vulnus
1071 3469 1133 3520 tan·
