2414 3924
133 218 196 280 314
428 228 460 275 a.
476 226 507 275 c.
525 226 624 277 censr
640 226 837 276 nomme

131 403 204 460 rum,
220 391 249 443 et
264 391 331 443 ante
346 398 450 440 nonum
463 380 539 441 diem
555 381 661 441 vomitu
676 379 752 440 bilis.
785 379 845 440 Sed
862 398 947 458 quun
970 379 1130 441 iudanoma·

131 468 219 529 tionis
245 466 283 526 sit
307 474 409 542 metus,
438 464 568 524 succurri
583 464 769 539 abstinentia,
789 463 911 525 modicis
928 471 958 522 et
977 466 1136 541 temptasti·-

132 552 176 612 vis
192 549 279 619 cibis;
300 549 375 607 inter
398 548 472 608 baec
497 547 650 622 fomentis,
674 556 703 606 et
725 545 830 625 quibus
843 564 930 624 snpra
947 546 1132 625 scripsimus,

134 641 259 713 oportet.

432 864 614 925 CAPUT
645 865 823 924 XXVII.

369 983 405 1030 De
419 996 508 1030 cancro
527 981 570 1044 qui
587 981 672 1029 excisa
685 982 767 1030 vesica
780 982 898 1030 nascitur.

192 1133 341 1195 Proximus
357 1133 454 1191 canori
470 1140 562 1190 metus
577 1139 632 1190 est.
656 1130 687 1191 ls
701 1132 902 1210 cognoscitur,
919 1133 944 1192 si
956 1141 985 1192 et
1000 1151 1055 1210 per
1065 1136 1131 1194 vul·

133 1236 202 1294 nus,
220 1225 249 1276 et
264 1233 318 1294 per
331 1217 424 1295 ipsum
440 1214 534 1274 colem
549 1214 611 1273 lluit
627 1216 723 1274 sanies
739 1215 805 1274 mali
820 1215 936 1292 odoris,
952 1234 1076 1294 cumque
1092 1236 1131 1278 ea

133 1300 274 1380 quaedam
289 1317 306 1359 a
322 1307 461 1358 concreto
475 1298 613 1374 sanguine
626 1316 683 1357 non
697 1296 889 1374 abhorrentia,
906 1308 1067 1377 tenuesque
1081 1320 1130 1363 ca·

133 1382 270 1444 runculae
287 1382 390 1442 lanulis
406 1381 530 1441 similes:
546 1390 664 1459 praeter
680 1381 770 1458 baec,
788 1383 813 1441 si
828 1397 898 1442 orae
919 1382 1048 1442 vulneris
1069 1386 1128 1443 ari·
1138 1400 1165 1441 ao

133 1467 188 1527 dae
201 1474 281 1542 sunt,
303 1467 327 1524 si
342 1464 441 1525 dolent
456 1465 588 1541 inguina,
607 1465 632 1524 si
653 1462 745 1524 febris
768 1482 826 1524 non
841 1465 961 1541 desinit,
984 1482 1079 1542 eaque
1100 1468 1130 1525 in

133 1558 246 1611 noctem
269 1557 409 1626 augetur,
435 1549 460 1607 si
480 1547 631 1607 inordinati
647 1548 787 1608 horrores
802 1550 952 1608 accedunt.
985 1546 1129 1609 Conside-

131 1633 249 1694 randum
274 1642 369 1692 autern
391 1640 438 1691 est
457 1633 485 1690 in
509 1649 591 1709 quam
616 1639 726 1710 partem
741 1632 888 1691 canceris
901 1630 1008 1691 tendat.
1042 1633 1073 1692 Si
1091 1632 1130 1692 ad

133 1716 238 1791 colem,
256 1715 413 1776 indurescit
430 1715 456 1773 is
470 1714 565 1791 locus,
582 1723 611 1773 et
627 1712 719 1790 rubet,
740 1724 771 1775 et
788 1723 868 1775 tactu
889 1715 1022 1775 dolorem
1045 1717 1128 1774 exci-

131 1809 189 1877 tat,
205 1800 390 1877 testiculique
407 1799 606 1858 intumescunt:
621 1800 645 1856 si
660 1799 688 1856 in
703 1800 794 1876 ipsam
811 1799 953 1874 vesicam,
975 1799 1021 1859 ani
1039 1797 1129 1858 dolor
1137 1811 1162 1852 as

132 1885 280 1964 seqnitur,
298 1900 392 1942 coxae
409 1880 498 1941 durae
519 1891 600 1956 sunt,
623 1897 680 1940 non
700 1882 786 1940 iacile
807 1900 891 1941 crura
914 1881 1031 1942 extendi
1056 1898 1127 1959 pos·

132 1976 213 2028 sunt:
230 1969 292 2026 atsi
307 1968 334 2025 in
347 1965 514 2025 alterutrum
528 1965 612 2040 latus,
627 1965 719 2024 oculis
734 1965 763 2025 id
779 1969 940 2044 expositum
956 1974 1009 2042 est,
1024 1981 1127 2044 pares·

134 2068 191 2130 que
219 2051 359 2128 utrimque
375 2048 492 2109 easdem
508 2059 601 2124 notas,
630 2046 681 2106 sed
705 2049 849 2124 minores,
872 2047 970 2108 babet.
1001 2048 1128 2108 Primum
1202 2085 1205 2090 ·

132 2143 226 2194 autern
243 2133 278 2194 ad
294 2152 355 2193 rem
370 2134 496 2211 pertinet
512 2149 619 2208 corpus
633 2140 714 2190 recte
725 2134 845 2207 jacere,
863 2141 892 2191 ut
907 2134 1042 2209 superior
1056 2149 1128 2209 pars

132 2235 250 2296 semper
272 2235 304 2277 ea
329 2219 381 2292 sit,
402 2218 430 2275 in
451 2234 533 2294 quam
555 2216 651 2273 vitium
673 2215 773 2273 fertur.
804 2214 864 2290 lta,
882 2217 906 2273 si
924 2215 960 2274 ad
981 2214 1075 2274 colem
1092 2217 1126 2293 it,
1136 2240 1163 2281 20

131 2301 249 2378 supinus
264 2302 289 2360 is
318 2299 457 2360 collocari
476 2297 576 2366 debet;
601 2300 625 2357 si
643 2298 679 2359 ad
691 2299 832 2374 vesicam,
847 2300 875 2357 in
891 2307 1033 2366 ventrem;
1057 2299 1128 2357 siin

132 2383 217 2456 latus,
234 2384 260 2440 in
278 2382 304 2440 id
322 2381 397 2460 quod
417 2382 555 2457 integrius
571 2390 624 2441 est.
651 2381 772 2457 Deinde,
793 2382 839 2442 ubi
855 2391 969 2441 ventum
984 2381 1071 2440 luerit
1089 2381 1128 2441 ad

133 2465 318 2539 curationem,
336 2466 421 2522 lromo
437 2465 464 2521 in
481 2482 581 2541 aquarn
598 2464 760 2525 demittetur
774 2467 802 2524 in
818 2483 872 2542 qua
886 2464 1058 2525 marrubium
1074 2464 1126 2524 de·

134 2555 245 2606 coctum
263 2549 315 2621 sit,
331 2554 378 2604 aut
396 2563 563 2624 cupressus,
580 2558 627 2608 aut
642 2558 765 2624 myrtus:
786 2549 919 2626 idemque
940 2549 1042 2608 humor
1063 2548 1124 2623 ely·

133 2639 211 2688 stere
225 2629 299 2688 intus
316 2628 461 2705 adigetur:
487 2640 543 2690 tum
566 2641 780 2711 superponetur
800 2631 933 2691 lenticula
957 2650 1019 2691 cnm
1042 2632 1160 2692 mali-as

133 2711 214 2772 corio
229 2713 331 2778 mixta:
352 2730 425 2790 quae
447 2723 567 2792 utraque
593 2734 629 2774 ex
644 2717 710 2776 vino
729 2717 851 2776 decocta
868 2716 937 2782 sint;
961 2715 1008 2775 vel
1023 2714 1123 2791 rubus,

132 2805 180 2856 aut
202 2796 287 2855 oleae
307 2796 377 2856 lolia
400 2798 501 2857 eodem
523 2797 608 2857 modo
632 2799 769 2866 decocta:
791 2798 884 2858 aliave
906 2798 1123 2872 medicamenta,

132 2898 206 2958 quae
224 2881 259 2941 ad
277 2880 456 2941 cohibendos
471 2881 695 2960 purgandosque
712 2899 834 2941 cancros
846 2883 1049 2960 proposuimus
1065 2880 1122 2959 (cf.

130 2963 167 3038 V,
181 2963 231 3043 28,
244 2964 289 3042 2).
312 2963 357 3023 Ex
370 2964 483 3042 quibus,
497 2967 587 3042 siqua
600 2973 682 3025 erunt
699 2964 794 3040 arida,
808 2984 861 3044 per
877 2965 1060 3042 scriptorium
1076 2982 1123 3024 ca·

131 3047 234 3107 larnnm
247 3047 469 3124 inspirabantur.
485 3048 542 3109 Ubi
554 3057 631 3108 stare
641 3049 772 3126 coeperit
784 3066 900 3123 cancer,
914 3049 1007 3108 mulso
1019 3049 1123 3108 vulnus
1133 3065 1158 3106 ao

131 3130 258 3191 eluetor:
276 3131 468 3211 vitabiturque
481 3150 516 3192 eo
527 3141 658 3211 tempore
671 3142 810 3209 ceratum,
827 3131 914 3211 quod,
927 3132 962 3191 ad
978 3133 1122 3211 recipien-

131 3212 196 3272 dum
219 3214 247 3273 id
265 3214 377 3290 malum,
399 3233 506 3294 corpus
520 3215 645 3276 emollit:
663 3219 758 3295 potins
774 3216 919 3293 plumbum
935 3214 1041 3277 elotum
1060 3232 1124 3275 curn

129 3297 197 3357 vino
210 3298 376 3375 inungetur;
391 3316 535 3377 superque
547 3299 621 3359 idem
633 3300 754 3360 linteolo
767 3300 867 3359 illitum
877 3301 1047 3377 imponetur.
1063 3297 1123 3358 Sub

130 3381 232 3456 quibus
244 3382 389 3458 perveniri
401 3382 436 3441 ad
448 3385 596 3442 sanitatem
609 3393 723 3460 potest:
737 3401 800 3442 cum
813 3402 849 3444 eo
863 3392 967 3458 tamen,
976 3382 1053 3463 qnod
1065 3399 1123 3441 non

129 3463 305 3542 ignoremus,
323 3472 387 3523 orto
404 3481 510 3524 cancro
525 3483 615 3544 saepe
632 3466 708 3525 allici
726 3467 914 3544 stomachum,
931 3467 976 3527 cui
993 3484 1055 3526 curn
1071 3482 1122 3524 ve·
1131 3477 1159 3520 as
