2414 3924
482 198 725 265 -165-

83 355 114 408 et
135 363 203 408 non
226 343 325 406 solum
348 345 548 425 extrinsecus,
576 343 629 404 sed
656 346 839 405 intrinsecus
863 347 953 406 certis
980 347 1108 426 potioni·

81 434 141 497 bns
179 432 262 495 inira
301 434 422 514 scriptis
459 431 555 494 rabidi
591 435 673 494 canis
710 450 829 495 morsus
865 433 1038 496 sanantibus
1070 433 1107 497 ab

82 526 171 587 initio
197 521 295 583 dando
319 520 447 584 curabis.

175 612 261 692 potio
280 611 317 672 ad
336 613 419 671 canis
437 610 533 672 rabidi
551 628 694 672 morsum.
732 627 856 672 cancros
875 609 1007 671 lluviales
1025 612 1107 671 vivos

83 704 114 764 in
138 700 200 763 olla
224 717 311 760 aerea
333 699 418 760 rubri
447 702 525 760 aeris
548 699 706 761 combures
730 717 821 779 supra
844 698 988 760 carbones
1011 699 1134 759 doneco

84 793 291 870 cinerescant,
319 795 350 850 et
378 787 528 869 expendes
556 807 592 848 ex
620 790 685 869 ipsa
712 787 809 850 favilla
832 787 987 849 drachmas
1009 786 1049 869 X,
1077 795 1108 848 et

84 879 233 957 adiunges
260 879 337 938 turis
364 877 489 939 masculi
517 875 553 938 di
579 876 606 957 l,
634 879 789 956 gentianae
817 883 922 939 tunsae
946 884 976 938 et
1007 883 1107 938 cretae

84 967 121 1030 ni
144 967 182 1048 V,
204 973 236 1027 et
258 965 365 1027 exinde
394 965 478 1027 dabis
500 965 604 1026 bibere
629 984 698 1027 cum
720 984 811 1046 posca
834 967 943 1028 ieiunis
965 983 1020 1046 per
1042 965 1107 1027 dies

84 1073 216 1120 numero
238 1052 298 1115 XL.

187 1143 243 1204 alia
266 1144 348 1222 potio
367 1145 479 1205 rustica
503 1143 636 1204 fortioris
654 1145 773 1205 virtutis
798 1162 873 1224 quiae
896 1162 951 1223 per
972 1141 1106 1205 triduum
1121 1155 1141 1195 κ

83 1235 176 1296 datur
194 1232 231 1293 ad
250 1248 385 1293 morsum
404 1234 486 1293 canis
504 1231 608 1293 rabidi.
643 1234 709 1293 cani
726 1235 830 1312 pecori
848 1231 967 1294 animali
984 1232 1107 1313 bomini,

84 1323 249 1384 adomnia
275 1322 317 1381 ita
344 1320 436 1381 facies
459 1330 490 1382 et
517 1321 609 1383 dabis.
652 1323 753 1382 mittes
780 1323 812 1382 in
838 1329 940 1401 partes
963 1321 990 1382 ll
1013 1338 1106 1400 aquae

84 1410 270 1473 admodum
296 1407 391 1470 librae
422 1411 512 1471 unius
536 1411 650 1470 etvini
672 1411 782 1471 veteris
813 1410 963 1472 dimidiam
991 1418 1106 1489 partem

85 1500 168 1562 carci
201 1504 345 1578 quantum
382 1500 535 1560 tenuerint
562 1497 618 1558 llll
652 1499 750 1583 digiti,
783 1500 895 1560 cumini
923 1498 1107 1578 tantundem,

83 1588 230 1650 bacarum
252 1586 328 1647 lauri
351 1604 440 1667 grana
459 1586 498 1668 V,
519 1587 636 1648 radices
659 1588 696 1649 de
716 1588 886 1650 cesisboum
908 1586 983 1648 lotas
1006 1585 1030 1645 V
1052 1589 1106 1647 mi·
1122 1599 1141 1639 ιε

84 1695 177 1739 nores
211 1694 288 1756 quae
318 1677 435 1755 possint
467 1675 577 1738 habere
606 1677 688 1756 scrip
711 1676 805 1759 Vllll,
834 1674 913 1756 quod
937 1674 1107 1738 cesisboum

83 1765 177 1827 habet
204 1758 409 1825 folia'similia
437 1764 576 1827 feniculo.
625 1783 700 1844 quae
729 1774 799 1827 sunt
827 1767 906 1826 sicca
938 1763 1046 1824 tundes
1076 1771 1108 1824 et

86 1872 196 1916 cernes
224 1860 254 1914 et
280 1851 396 1913 radices
425 1856 585 1933 separatim
613 1853 737 1934 tundes,
768 1860 797 1914 et
825 1855 869 1913 sic
900 1854 932 1912 in
965 1853 1107 1912 mortario

84 1942 177 2004 simul
200 1944 268 2001 vino
292 1939 409 2001 adiecto
432 1941 550 2003 modico
574 1959 657 2003 mero
681 1940 833 2019 usquead
853 1939 987 2001 [ultimam
1009 1941 1105 1999 tenui-

83 2039 178 2092 tatem
203 2036 356 2110 conteres,
385 2037 415 2090 et
438 2049 557 2092 omnem
580 2030 737 2091 humorem
759 2032 820 2091 sive
844 2030 904 2088 vini
928 2031 989 2088 sive
1013 2045 1105 2106 aquae
1120 2039 1141 2079 2(

162 2242 176 2288 1
197 2237 246 2293 sed
268 2234 436 2290 intrinsecus
460 2252 510 2291 orn.
530 2253 544 2292 c
562 2242 587 2292 et
605 2241 668 2291 ante
691 2252 760 2291 corr.
779 2252 814 2304 p,
838 2235 902 2290 odd.
917 2241 953 2304 p⁰
970 2236 1003 2289 in
1020 2252 1106 2304 morp.

85 2306 174 2363 certis
193 2323 219 2361 c:
240 2306 340 2361 ceteris
354 2322 385 2375 p.
459 2307 548 2362 tifre
565 2324 595 2373 c,
612 2314 625 2362 i
642 2308 705 2374 (etc)
723 2324 751 2376 p.
824 2304 937 2361 rabidos
956 2324 979 2362 o.
998 2323 1107 2361 morsus

85 2397 114 2447 c,
137 2376 233 2432 rabidi
257 2395 279 2433 c.
303 2394 427 2432 morsum
446 2393 477 2447 p.
568 2378 713 2432 3curnbin
736 2395 761 2432 c:
788 2377 900 2432 sanabis
913 2395 944 2447 p.
1035 2378 1108 2431 led

84 2465 214 2503 morsum
232 2466 255 2503 c.
274 2448 366 2503 rabidi
382 2465 419 2518 p,
438 2449 475 2504 ad
494 2449 570 2504 canis
588 2465 711 2503 morsum
731 2452 790 2518 (om.
806 2449 840 2517 r.)
855 2464 876 2502 c.
949 2446 1108 2503 fluminales

82 2538 114 2591 p.
209 2525 313 2574 ocrea
335 2535 386 2576 orn.
408 2536 430 2576 c.
520 2519 604 2588 rubpi
623 2519 693 2574 coris
712 2536 737 2586 c,
761 2516 821 2572 rub'
841 2520 896 2574 eris
910 2537 941 2589 p.
1032 2535 1107 2573 com-

85 2592 215 2658 burico,
237 2596 362 2658 -resp
454 2591 622 2660 dexpende
644 2593 707 2658 (stc)
725 2607 751 2645 c:
775 2589 860 2644 tolles
878 2607 909 2659 p.
1003 2590 1065 2651 3X
1084 2606 1107 2659 c,

96 2675 123 2693 w

87 2701 144 2769 dag
163 2699 189 2751 X
203 2713 234 2765 p.
309 2697 376 2752 'idi
393 2698 414 2751 1.
429 2714 461 2766 p,
479 2701 497 2759 3
515 2698 528 2752 I
546 2712 568 2752 c.
640 2697 723 2751 tunsa
743 2714 769 2764 c,
790 2698 853 2752 tusc
867 2713 890 2765 p
909 2698 1036 2765 (contuse
1051 2699 1106 2766 ρο).

86 2766 400 2836 8df.V.p‚3V.c.
474 2774 788 2837 tnumerop:onee.
860 2768 908 2821 XL
929 2767 1105 2837 exue

88 2849 121 2897 11
139 2839 203 2896 ceni
215 2837 312 2908 pecori
326 2854 352 2894 c:
369 2839 445 2894 cenis
458 2839 581 2909 pectoris
591 2854 621 2907 p.
693 2844 725 2892 12
739 2839 809 2893 facis
824 2855 865 2908 cp.
933 2841 963 2893 et
976 2839 1067 2894 mittis
1082 2855 1103 2893 c.

87 2913 123 2967 Π.
143 2913 238 2981 partes
258 2926 331 2977 aque
344 2927 380 2979 p:
399 2911 431 2965 in
447 2914 543 2980 partes
561 2910 587 2966 Il
605 2912 690 2978 atque
709 2927 731 2963 c.
828 2915 859 2964 13
879 2912 908 2965 et
925 2910 984 2964 vini
1002 2909 1108 2965 veteris

87 3019 139 3057 om.
159 3017 181 3055 c.
291 3004 326 3051 14
344 3005 428 3052 cereri
448 3001 536 3068 quieti
555 3015 581 3065 c,
606 2994 670 3053 estu
692 2987 737 3068 dn
755 3015 777 3068 p
800 3000 843 3067 (in
864 3015 951 3067 morp.
970 3003 1006 3066 ρο
1023 3003 1107 3052 cereis

88 3076 158 3159 dni).
234 3092 267 3142 15
282 3088 431 3142 baccarum
445 3104 473 3157 c,
490 3086 575 3142 bacas
585 3104 616 3157 p.
689 3074 778 3157 grana
792 3086 817 3140 V
829 3102 864 3155 p:
889 3089 903 3144 3
923 3085 956 3138 V.
977 3101 998 3139 c.
1071 3086 1107 3138 de

88 3159 168 3215 cellis
181 3158 232 3214 boi
250 3158 363 3212 milotos
382 3175 409 3227 o,
428 3159 464 3213 da
482 3160 551 3213 cesis
570 3158 656 3213 boinu
674 3158 748 3212 lotas
763 3174 785 3225 p
800 3155 887 3226 (χέσις
901 3156 1002 3228 dodoi)
1073 3160 1106 3208 16

90 3265 145 3316 que
164 3265 191 3302 c:
215 3263 301 3316 quam
320 3234 359 3316 (d)
374 3264 404 3316 p.
491 3248 581 3317 possit
597 3264 632 3317 p,
655 3246 772 3316 possunt
791 3261 812 3300 a.
904 3230 961 3312 adp.
975 3241 1063 3298 VIIII.
1074 3259 1104 3311 p,

90 3319 163 3381 31x
184 3335 205 3372 c.
298 3318 381 3372 cessis
405 3320 491 3373 bdum
514 3335 540 3386 c,
564 3318 634 3373 cesis
656 3316 743 3371 boniti
762 3333 784 3384 p
807 3315 904 3384 (boinu
925 3315 980 3385 ΡΟ).
1072 3319 1105 3368 17

88 3390 204 3446 feniculi
223 3405 244 3443 c.
337 3395 369 3444 19
394 3390 478 3444 simul
500 3406 556 3444 uno
579 3406 604 3444 n.
625 3406 660 3459 p,
683 3387 736 3444 sibi
759 3394 771 3442 i
794 3404 849 3442 nno
868 3403 892 3446 e.
912 3403 933 3443 c.
1024 3385 1060 3440 ad
1078 3402 1107 3438 u.

89 3460 236 3517 lenitatem
251 3476 282 3528 p.
