2414 3924
405 234 473 280 uto.
481 234 553 284 vu1.
570 233 645 281 cns.
659 234 705 279 x1.
720 233 780 279 xrt.
1018 219 1078 282 363

90 389 135 449 Ac
155 387 259 465 quibus
274 386 303 445 in
327 387 448 466 pueritia
465 385 650 462 exciderunt,
669 403 765 463 neque
781 386 901 463 repositi
923 394 1005 460 sunt,
1027 387 1077 444 mi-

90 487 242 548 nusquam
258 472 348 529 ceteri
363 468 509 530 crescunt.
542 466 742 548 Omniumque,
770 486 844 546 quac
862 467 930 529 loco
953 486 1006 528 suo
1020 480 1078 527 non

89 563 170 630 sunt,
193 571 263 613 cero
279 555 466 630 emacrescit,
481 553 631 630 magisque
646 554 674 611 in
690 552 823 630 proximo
838 551 979 626 membro,
995 568 1078 628 quam

89 641 117 698 in
129 637 284 696 ulteriore:
314 646 361 712 ut,
380 644 464 714 puta,
489 637 513 695 si
533 635 668 695 humerus
691 635 758 695 loco
778 652 833 694 suo
853 642 911 694 non
934 642 994 709 est,
1020 651 1076 693 mn-

62 743 76 782 s
85 725 134 797 jor
149 721 176 778 in
192 738 227 779 eo
243 721 308 798 ipso
324 721 365 793 iit,
377 737 460 797 quom
478 721 504 778 in
526 717 660 786 brachio;
691 717 783 794 major
804 719 830 776 in
850 717 922 794 hoc,
946 735 1030 795 quam
1049 720 1078 776 in

89 822 188 880 manu,
203 804 320 862 macies.
353 802 423 862 Tum
440 819 494 881 pro
510 801 644 877 sedibus,
666 811 694 860 et
714 818 768 880 pro
788 800 920 876 casibus,
943 803 992 878 qui
1008 801 1076 860 inci·

89 889 208 961 derunt,
225 895 273 945 aut
288 888 380 963 major
400 894 448 945 aut
469 885 560 944 minor
582 904 650 944 usus
663 886 726 959 ejus
749 883 869 944 membri
890 883 1075 961 relinquitur:

90 987 207 1049 quoquc
227 969 255 1028 in
280 986 316 1028 eo
337 969 404 1047 plus
423 986 493 1028 usus
518 976 668 1047 superest,
690 985 726 1027 eo
740 968 835 1027 'minus
852 969 880 1028 id
895 975 1075 1026 extenuatur.

90 1051 234 1130 Quidquid
259 1061 353 1111 nutem
377 1052 445 1112 loco
471 1068 524 1112 suo
541 1060 646 1110 motum
663 1060 722 1127 est,
747 1060 813 1109 unte
829 1051 1077 1112 inflammationem

55 1164 79 1204 ιο
89 1135 287 1216 reponendum
305 1144 359 1194 est.
385 1136 415 1194 Si
430 1135 479 1194 illo
496 1136 665 1212 occuparit,
682 1133 745 1194 dum
759 1136 959 1214 conquiescat,
971 1151 1029 1194 nou
1040 1135 1078 1196 lu·

91 1218 262 1279 cesscndum
281 1226 344 1278 est:
374 1216 423 1277 ubi
435 1217 512 1276 linita
525 1226 584 1292 est,
601 1216 765 1277 tentandum
781 1226 825 1276 est
840 1219 868 1276 in
883 1218 918 1276 iis
931 1215 1077 1293 membris,

91 1320 165 1380 quae
180 1302 208 1360 id
225 1303 377 1378 patiuntur.
408 1301 527 1361 llulturn
539 1310 634 1360 autem
652 1318 689 1360 eo
706 1301 819 1361 coniert
842 1309 871 1359 et
893 1301 1026 1378 corporis
1049 1309 1079 1360 et

90 1401 244 1444 nervorum
265 1384 391 1451 hebitns;
424 1402 505 1462 num,
527 1385 552 1442 si
575 1402 682 1464 corpus
695 1394 798 1459 tenue,
820 1385 843 1442 si
865 1383 1007 1444 humidum
1021 1391 1077 1460 est,

92 1470 115 1527 si
132 1468 213 1526 nervi
228 1467 341 1544 infirmi,
359 1468 523 1546 expeditius
539 1485 573 1527 os
590 1469 753 1547 reponitur:
778 1466 829 1526 sed
854 1475 883 1527 et
898 1468 990 1545 primo
1008 1466 1077 1526 iaci·

56 1578 82 1616 rs
92 1552 146 1610 lius
165 1550 289 1625 excidit,
306 1560 335 1610 et
350 1558 455 1629 postea
468 1552 560 1611 minus
578 1551 702 1611 fideliter
718 1552 888 1610 continetur.
914 1551 995 1625 Quae
1010 1567 1077 1609 con·

89 1635 175 1695 traria
191 1633 235 1693 his
253 1642 334 1708 sunt,
349 1632 451 1693 melius
468 1635 626 1695 continent:
642 1633 695 1693 sed
709 1634 748 1711 id,
763 1633 841 1713 quod
859 1633 1011 1713 expulsum
1024 1642 1089 1713 est„

90 1717 245 1778 difficulter
269 1717 428 1777 admittunt.
458 1714 581 1796 Oportet
602 1727 696 1778 eutem
719 1720 812 1796 ipsam
829 1718 1078 1778 inflammationem

90 1802 201 1876 levore,
217 1817 305 1878 super
320 1800 438 1860 succido
453 1799 516 1860 lane
534 1818 571 1860 ex
586 1809 671 1860 aceto
689 1802 840 1880 imposita:
858 1821 875 1860 e
890 1801 972 1876 cibo,
990 1800 1015 1859 si
1029 1818 1077 1860 vu·

90 1885 221 1943 lentioris
241 1884 354 1943 articuli
373 1898 459 1942 casus
474 1892 535 1959 est,
555 1884 662 1944 triduo:
686 1884 826 1943 interdum
842 1886 928 1944 etiam
952 1884 1077 1962 quinque

55 1967 195 2033 sodiebus
212 1967 377 2027 abstinere:
400 1966 502 2026 bibere
526 1984 627 2045 aquarn
649 1966 785 2044 calidam,
808 1965 874 2027 dum
895 1969 970 2027 sitim
984 1968 1076 2027 liniat:

93 2052 294 2128 curiosiusque
310 2051 384 2110 hoec
400 2051 509 2125 iecere,
525 2051 560 2109 iis
574 2050 688 2109 ossibus
701 2050 795 2125 motis,
814 2068 888 2129 quoe
902 2051 1003 2110 validis
1017 2049 1076 2129 ple·

91 2135 195 2212 nisque
219 2134 355 2195 musculis
383 2135 578 2193 continentur:
595 2135 706 2193 sivero
722 2134 807 2194 etium
830 2135 919 2195 febris
940 2134 1075 2210 accessit,

89 2217 178 2276 multo
196 2219 302 2295 magis;
336 2217 439 2277 deinde
458 2236 496 2277 ex
511 2217 558 2278 die
575 2218 671 2295 quinto
689 2216 791 2275 lovere
812 2235 887 2296 aquo
902 2217 1011 2292 calida,
1031 2234 1075 2276 rc·

89 2308 224 2378 motuque
237 2301 310 2377 lona,
328 2309 456 2360 cerotum
476 2302 624 2380 imponere
648 2318 685 2360 ex
707 2302 827 2378 cyprino
850 2301 973 2376 fuctum,
1001 2302 1075 2361 nitro

55 2405 81 2442 2⁵
92 2401 208 2462 quoque
221 2384 354 2458 adjecto,
370 2383 465 2444 donec
478 2387 569 2445 omnis
584 2384 765 2444 inflammatio
782 2384 906 2453 inlutum
946 2393 1013 2444 tuuc
1027 2384 1075 2444 iri·

92 2468 214 2526 ctionem
231 2467 258 2526 ei
273 2466 402 2526 membro
418 2467 572 2538 adhibere3
594 2467 666 2527 cibis
681 2468 720 2527 nti
738 2466 839 2538 bonis;
857 2469 925 2527 vino
945 2468 1074 2529 modice:

86 2550 205 2626 jamque
224 2547 259 2607 nd
276 2568 345 2609 usus
362 2567 478 2629 quoque
495 2568 564 2610 suos
579 2551 607 2611 id
621 2550 776 2611 membrum
798 2568 986 2631 promovere3
1009 2552 1075 2631 quia

90 2639 200 2706 motus,
216 2632 288 2690 utin
305 2632 408 2691 dolore
422 2633 561 2710 pestifer,
583 2635 626 2694 sic
641 2636 714 2694 olias
735 2634 939 2695 saluberrimus
960 2635 1077 2712 corpori

92 2720 145 2770 est.
183 2712 262 2772 llaec
280 2717 437 2774 communia
455 2726 534 2784 sunt;
553 2735 629 2776 nunc
643 2716 679 2775 de
696 2717 817 2794 singulis
834 2718 935 2777 dicam,

55 2905 81 2945 nc
427 2879 609 2941 CAPUT
644 2881 739 2940 XII.

447 2997 483 3044 De
502 2995 605 3043 maxilla
622 2995 717 3043 luxata.

150 3127 266 3188 llaxilln
281 3130 309 3187 in
327 3128 453 3205 priorem
469 3138 580 3207 portem
597 3127 782 3207 propellitor;
807 3128 859 3187 sed
882 3130 966 3190 modo
982 3130 1074 3191 altere

91 3219 189 3290 purte,
206 3211 291 3271 modo
307 3221 439 3288 utraque.
468 3212 500 3271 Si
515 3211 624 3288 altero,
642 3213 670 3270 in
686 3212 857 3271 contrarium
880 3223 990 3290 partem
1011 3214 1074 3292 ipse

89 3304 273 3373 mentumque
294 3295 460 3355 inclinatur:
485 3295 588 3355 dentes
606 3294 722 3374 poribus
736 3312 792 3354 non
807 3296 999 3374 respondent:
1022 3296 1075 3357 sed

56 3377 145 3439 ossub
161 3380 206 3454 iis,
224 3381 272 3456 qui
286 3388 401 3455 secant,
418 3379 512 3439 canini
528 3388 593 3439 sunt
609 3379 662 3458 (ci.
684 3378 771 3458 llipp.
787 3377 835 3440 De
854 3379 942 3441 artic.
960 3378 984 3454 δ
1004 3383 1008 3422 ³

90 3461 128 3519 At
145 3463 169 3521 si
186 3470 325 3541 utraque,
343 3470 433 3523 toturn
446 3472 570 3524 mentum
586 3464 614 3522 in
633 3463 807 3523 exteriorem
824 3470 935 3603 qartem
957 3478 992 3539 pr

140 3564 244 3605 cussus.
848 3544 865 3605 3
