2414 3924
148 213 210 276 :tlt
433 223 464 269 s.
483 223 513 270 c.
533 221 631 269 cunsr
646 222 841 270 unnrcruan

148 396 183 438 aa
200 379 309 437 curatio
325 376 359 435 ad
375 375 625 455 quadmgesimnm
645 376 719 435 diem
733 377 893 452 perveniet.
923 373 1008 448 Quod
1033 379 1059 436 si
1077 395 1139 439 me·

127 507 131 513 .
147 471 193 521 tus
208 464 263 521 erit
277 459 502 538 suppurationis,
517 459 581 536 plus
594 459 744 535 malagma,
760 476 844 535 quam
857 467 983 518 ceratum
999 459 1035 519 ad
1055 461 1139 539 dige-

148 545 266 604 rendum
280 543 422 621 proficiet.
452 543 483 602 Si
505 544 671 620 suppuratio
687 543 806 619 vicerit,
823 560 917 621 neque
930 560 983 620 per
996 560 1072 620 quae
1092 564 1139 604 su·

148 628 323 706 praecripta
341 635 423 702 sunt,
446 625 549 685 discuti
567 627 699 704 potuerit;
723 628 814 684 omnis
836 642 917 686 mora
939 627 1054 686 vitanda
1069 630 1138 704 erit,

148 728 184 770 oe
202 728 236 771 os
251 710 324 770 inira
339 710 467 769 vitietur:
484 709 547 784 sed,
567 727 621 787 qua
640 717 723 787 parte
742 710 863 769 maxime
884 708 1019 783 tumebit,
1035 710 1164 776 demit-5

147 793 262 854 mudum
278 795 332 853 erit
347 791 473 853 candens
488 793 706 868 ferramentum,
731 791 825 852 donec
839 792 875 851 ad
892 811 946 870 pus
967 796 1138 871 perveniat:

148 877 234 955 idque
251 875 460 936 effundendum.
490 877 521 936 Si
537 893 675 955 nusquam
694 884 780 952 caput
795 894 828 935 se
844 876 993 952 ostendet,
1016 876 1065 937 ubi
1079 895 1138 938 ma·

147 963 223 1021 xime
239 979 292 1038 pus
308 958 400 1019 subsit
415 961 459 1018 sic
476 960 686 1034 intelligemus:
705 967 783 1019 creta
801 959 914 1019 cimolia
929 968 1019 1018 totum
1040 961 1139 1024 locum

146 1043 308 1118 lllincrnns,
333 1052 363 1102 ct
385 1042 488 1102 siccari
515 1044 669 1121 patiemur:
691 1059 747 1119 quo
771 1043 838 1102 loco
854 1044 975 1102 maxime
991 1043 1095 1103 bnmor
1109 1047 1139 1104 iu

147 1145 182 1187 ea
197 1125 415 1205 perseverabit,
437 1124 477 1183 ibi
491 1144 543 1203 pus
563 1125 723 1203 proximum
744 1127 812 1194 erit;
829 1143 926 1204 eoquo
941 1129 982 1186 uri
1005 1126 1172 1187 debebitis

147 1212 177 1270 Si
191 1210 274 1269 latius
293 1210 399 1287 aliquid
415 1207 569 1282 abscedet,
589 1208 699 1267 duobus
715 1218 762 1267 aut
773 1209 862 1269 tribus
878 1210 953 1269 locis
968 1212 1022 1269 erit
1036 1211 1138 1289 perlo-

146 1292 277 1359 randnm;
295 1292 555 1370 demittendumque
571 1292 768 1368 linamentum,
796 1301 843 1352 aut
864 1293 970 1371 aliquid
992 1310 1030 1352 ex
1056 1296 1138 1371 peni·

147 1375 231 1451 cillo,
252 1376 329 1455 qnod
349 1392 486 1437 summum
509 1375 567 1434 lino
584 1376 620 1433 sit
638 1374 814 1452 devinctum,
837 1376 965 1436 ntlacile
987 1376 1137 1438 educatur.

145 1460 268 1537 lleliqua
284 1459 394 1533 eadem,
413 1476 486 1536 qnae
501 1459 529 1516 in
545 1459 650 1517 ceteris
667 1456 790 1533 adustis,
818 1460 950 1519 facienda
972 1469 1046 1519 sunt.
1079 1460 1138 1522 llbi

146 1561 246 1622 purum
263 1545 318 1602 erit
332 1543 430 1618 ulcus,
445 1541 483 1601 ali
500 1558 606 1619 corpus
622 1539 749 1618 debebit,
757 1560 794 1601 ue
808 1541 900 1618 tabes,
918 1544 1083 1621 peruiciosa
1094 1544 1137 1604 iu·
1149 1566 1171 1606 rr

145 1635 217 1703 tura,
235 1628 263 1687 id
280 1625 383 1686 malum
399 1624 599 1704 subsequatur.
614 1623 833 1703 Nonnumquam
844 1627 940 1702 etiam,
958 1626 1053 1686 levius
1070 1630 1137 1707 ipso

146 1728 215 1771 osse
230 1711 353 1784 allecto,
372 1718 402 1768 et
422 1710 496 1767 inter
520 1708 597 1767 initia
619 1708 774 1784 neglecto,
794 1727 936 1787 nonpus,
960 1710 1012 1769 sed
1034 1710 1138 1770 humor

146 1793 260 1872 quidam
275 1794 366 1852 mucis
389 1792 487 1851 similis
508 1792 581 1851 intus
606 1793 679 1858 coit;
703 1792 908 1870 mollescitque
928 1802 1028 1853 contra
1046 1796 1136 1855 cutis:

144 1878 172 1935 l
187 1874 840 2037 ttilllllltlttlm{illiti
855 1876 1169 2021 lttrlltlldll.

231 2005 237 2017 .
588 2003 596 2032 ,
988 2005 995 2018 .

145 2045 184 2118 id,
201 2044 278 2121 quod
295 1978 482 2102 erfvertebra
499 2040 629 2116 excedit,
646 2042 743 2119 aliquo
762 2041 847 2102 modo
870 2044 992 2104 fractum
1008 2052 1070 2120 est,
1094 2044 1135 2104 lo·

146 2146 197 2187 cus
214 2127 326 2204 quidem
345 2143 491 2185 concavus
510 2127 554 2191 llt;
572 2127 743 2202 punctiones
753 2136 847 2185 autem
862 2127 889 2185 iu
905 2144 940 2186 eo
960 2128 1135 2196 sentiuntur;

145 2210 210 2289 quia
232 2227 356 2269 necesse
375 2218 420 2267 est
432 2226 467 2267 ea
479 2208 638 2283 fragmenta
651 2210 768 2286 spinosa
785 2228 861 2285 esse,
878 2227 934 2287 quo
950 2210 989 2286 fit,
1005 2218 1036 2269 ut
1048 2211 1136 2271 bomo

144 2296 172 2351 in
189 2294 362 2353 anteriorem
384 2300 493 2369 partem
517 2288 638 2348 subinde
659 2292 772 2351 nitatur.
808 2292 888 2352 Haeo
909 2293 1077 2354 noscendae
1091 2297 1136 2356 rei

145 2391 232 2434 cansa
246 2384 319 2434 sunt.
351 2373 566 2433 Medicamentis
583 2389 653 2431 vero
672 2374 771 2434 iisdem
791 2393 865 2454 opus
881 2386 935 2452 est,
951 2395 1025 2454 quac
1042 2381 1169 2456 primast

145 2465 227 2534 parte
242 2456 325 2532 hujus
341 2458 444 2534 capitis
460 2457 594 2533 exposita
609 2466 683 2516 sunt.
886 2458 889 2464 '

510 2689 690 2750 CAPUT
726 2693 767 2752 X.

210 2808 246 2858 Do
265 2806 441 2868 humerorum,
461 2806 634 2870 brachiorum,
653 2806 788 2868 femorum,
803 2823 916 2871 crurum,
936 2810 1074 2875 digitorum
1103 2821 1105 2825 ⁴

493 2892 629 2943 fractorum
648 2895 784 2943 curatione.

203 3044 230 3100 1.
255 3042 370 3100 Similes
392 3061 490 3102 rursus
513 3061 550 3102 ex
569 3061 671 3121 magna
700 3054 780 3123 parte
808 3064 892 3105 casus
910 3048 1167 3128 curationesquoao

142 3133 208 3183 sunt
222 3123 332 3184 humeri
350 3134 379 3184 et
396 3126 530 3186 femoris:
555 3128 712 3187 communia
728 3130 811 3188 etlam
832 3129 971 3206 quaedam
994 3129 1132 3207 humeris,

142 3206 282 3282 brachiis,
301 3208 468 3284 femiuibus,
492 3210 639 3288 cruribus,
662 3211 767 3287 digitis.
800 3213 946 3290 Siquidem
969 3232 1002 3272 ea
1018 3214 1133 3274 minime

142 3291 307 3369 periculose
324 3292 416 3352 media
432 3294 615 3370 franguntur:
631 3312 689 3373 quo
706 3298 827 3375 propior
842 3296 966 3357 lractura
982 3300 1070 3376 capiti
1084 3299 1132 3357 vel

141 3376 284 3453 superiori
300 3376 346 3435 vel
363 3377 493 3436 inleriori
511 3387 571 3452 est,
588 3396 625 3437 eo
641 3379 727 3455 pejor
740 3388 799 3438 cst:
822 3398 885 3439 nam
899 3382 1131 3457 etmajores'do

142 3457 220 3516 lores
235 3457 342 3534 adlert,
361 3469 390 3518 et
404 3458 549 3519 dillrcilius
566 3469 689 3520 curatur.
712 3461 754 3523 Ea
771 3465 893 3523 manime
910 3465 1071 3524 tolerabilis
1087 3474 1166 3529 ests
