2414 3924
441 217 486 229 ·-
539 184 601 248 153
650 221 688 230 -

61 333 90 386 ct
107 328 253 388 mntinuo
272 327 398 390 sudabit.
436 338 467 390 et
485 331 511 390 si
529 330 607 390 iorte
626 331 691 391 sitis
710 333 800 392 nimia
824 349 875 392 eos
898 332 1079 415 astrinxerit,

60 413 206 476 rodomeli
230 433 322 495 aqueae
347 417 460 479 calidae
484 418 645 479 admixtum
669 420 754 498 potui
778 419 869 480 dabis.

147 503 229 565 aliud
262 505 298 567 ad
326 506 535 586 repulsandam
568 509 662 588 sitim,
695 508 775 587 quod
808 508 930 588 adipson
962 519 1077 572 vocant

60 610 144 674 myra
168 611 245 673 equa
268 594 408 656 infundes
432 602 463 656 et
484 598 580 675 ipsam
603 597 784 657 infusionem
808 595 891 658 dabis
914 604 948 658 ut
970 599 1001 658 in
1025 616 1077 658 ore

61 683 234 744 contineant
257 683 439 763 frequenter.
1090 706 1105 746 s

148 769 238 832 aliud.
284 771 336 832 lini
370 776 491 835 seminis
524 792 615 836 sucus
648 773 802 835 collutioni
834 777 895 836 oris
928 774 1077 836 adbibitus

61 861 118 922 sive
143 867 352 922 transvoratus
375 864 455 923 sitim
478 866 600 941 mitigat.

148 947 239 1010 aliud.
277 948 335 1010 olei
353 954 468 1012 rosacei
486 950 642 1012 dimidium
663 950 843 1013 coclearium
861 960 892 1013 st
912 954 960 1013 ovi
978 952 1077 1013 album

60 1047 89 1100 et
123 1047 219 1100 tenue
258 1037 345 1098 simili
383 1043 546 1118 quantitate
583 1039 789 1101 commiscebis
827 1049 857 1102 et
895 1040 1076 1102 sorbendum

60 1127 151 1188 dabie.
1091 1151 1131 1190 ro⁴

149 1215 229 1277 aliud
265 1215 345 1293 quod
380 1218 544 1296 appellatur
576 1217 742 1278 arGraecis
772 1218 931 1300 oenomeli,
965 1219 1076 1280 taciens

61 1305 93 1366 ad
117 1306 242 1367 nimiam
265 1305 345 1365 sitim
369 1313 399 1366 et
422 1307 569 1368 fervorem
594 1306 840 1388 extinguendum,
867 1315 898 1368 et
920 1309 1077 1370 conficitur

61 1397 108 1455 sic.
157 1392 256 1453 mellis
289 1395 392 1472 optimi
423 1403 539 1475 partem
570 1395 583 1455 l
611 1402 642 1456 et
673 1397 734 1455 vini
766 1403 867 1475 partes
894 1395 921 1455 ll
952 1398 984 1456 in
1016 1414 1076 1457 uno

61 1479 268 1543 commiscebis
299 1490 330 1542 et
356 1501 498 1567 repones,
530 1483 637 1545 debinc
665 1492 800 1563 tempore
833 1483 993 1545 caniculari
1022 1484 1077 1545 soli

62 1571 144 1632 dabis
167 1567 274 1632 diebus
297 1569 362 1651 XL,
385 1580 416 1633 et
438 1575 541 1635 uteris.
1091 1592 1117 1633 re

149 1659 238 1720 aliud.
288 1659 324 1719 ad
356 1660 473 1740 linguae
504 1663 704 1741 asperitatem.
750 1660 816 1721 oleo
848 1679 971 1722 rosaceo
1004 1679 1076 1721 suco

61 1749 183 1809 seminis
206 1747 260 1808 lini
283 1746 411 1810 admixto
435 1751 610 1830 frequenter
634 1750 671 1809 de
694 1768 792 1829 penna
814 1757 926 1828 tanges.

148 1836 237 1897 abiud.
275 1835 311 1895 ad
330 1855 449 1900 causon.
486 1846 643 1919 postquam
661 1840 769 1918 pepsin
788 1839 893 1898 lecerit
912 1835 1076 1916 aegritudo,

60 1925 104 1986 die
137 1927 242 1987 critica
271 1932 386 2004 captato
421 1936 555 2006 tempore
589 1928 772 1988 imminentis
804 1925 1000 1985 discussionis
1030 1942 1075 1983 se-

59 2014 192 2076 cundum
216 2020 342 2074 aetatem
366 2023 396 2075 et
418 2018 497 2076 vires
516 2024 546 2077 et
564 2034 670 2077 causae
690 2012 923 2094 magnitudinem
947 2019 978 2072 et
1000 2020 1074 2073 tem·
1090 2033 1117 2073 so

58 2105 140 2182 poris
174 2110 205 2162 et
233 2104 363 2180 reglonis
396 2104 580 2186 qualitatem,
613 2104 749 2183 frigidam
786 2104 873 2162 nimis
902 2119 1007 2180 aquam
1039 2100 1074 2161 ad

59 2194 227 2254 satietatem
251 2189 409 2251 bibendam
433 2192 529 2273 dabie,
554 2203 583 2254 et
607 2191 732 2253 sanabis,

131 2474 144 2520 1
160 2465 251 2520 nimia
265 2466 326 2521 sitis
335 2484 366 2536 p.
441 2467 624 2536 u(st'n?)xeris
639 2485 661 2535 c,
680 2467 806 2524 affecerit
814 2486 844 2538 p.
918 2474 934 2522 2
949 2469 1075 2522 rodomel

56 2559 119 2624 (sic)
138 2573 165 2612 c:
191 2571 241 2610 mn.
256 2571 286 2625 p.
396 2564 470 2624 aquo
493 2555 614 2611 culidem
633 2556 787 2611 admixtum
808 2573 833 2624 c,
858 2563 894 2626 eq
913 2563 947 2612 ca
964 2556 1035 2610 mixt
1044 2574 1074 2626 p.

58 2634 72 2682 3
91 2626 302 2696 repausandum
320 2643 343 2681 e.
452 2626 587 2697 adipson
606 2645 633 2682 c:
658 2628 772 2698 edrpbtp
787 2644 818 2697 p.
928 2633 944 2681 4
962 2627 1075 2698 mixip

57 2699 158 2766 (mixas
169 2699 225 2766 p⁰)‚
243 2697 332 2752 mixta
346 2715 368 2753 e.
402 2698 436 2764 cf.
452 2698 538 2769 Gorg.
554 2699 702 2753 Martialis
719 2700 786 2754 oud.
806 2716 828 2753 c.
849 2704 892 2755 59.
965 2699 1075 2755 effusio·

55 2787 122 2825 nem
134 2785 168 2839 p.
242 2769 436 2837 tfrequenter
454 2772 616 2838 egrotantes
630 2787 661 2839 p.
743 2768 801 2825 'lsi
820 2774 849 2824 et
867 2769 914 2825 ovi
932 2769 1074 2825 albumine

56 2843 118 2909 (orn.
137 2856 174 2895 ve
193 2869 227 2878 —
247 2838 340 2907 coel'r)
360 2857 381 2894 e.
463 2844 479 2893 8
499 2840 594 2895 elbum
609 2857 644 2910 p:
663 2841 805 2896 albumine
825 2857 845 2896 c.
919 2846 934 2895 9
954 2840 1075 2897 similem

57 2909 246 2980 quantitatem
261 2927 302 2979 cp.
366 2911 527 2965 commisces
542 2928 565 2978 c,
580 2917 661 2966 —ces
670 2929 701 2981 p.
769 2909 896 2966 sorbend'
907 2927 942 2981 p:
956 2912 1039 2981 potui
1052 2929 1074 2966 c.

57 2988 88 3035 11
115 2979 314 3036 eionomelitos
337 2998 369 3051 ep
392 2981 439 3048 (ef.
458 2982 552 3037 Diose.
577 2987 607 3050 5,
631 2988 686 3051 16).
796 2988 829 3037 13
848 2982 904 3037 mel
923 2981 1034 3051 optimis
1052 2999 1074 3037 c.

57 3051 181 3107 etvini:
210 3051 298 3105 nimiu
312 3068 347 3121 p,
375 3051 455 3106 inimi
479 3053 530 3121 (cel
552 3052 641 3122 minu)
666 3070 687 3110 c.
782 3051 812 3106 in
834 3069 890 3107 uno
914 3052 1075 3108 commisces

57 3140 97 3192 cp.
193 3128 226 3176 16
250 3123 342 3178 oleum
368 3139 512 3178 rosaceum
539 3126 589 3193 (ro.
608 3127 641 3192 p)
670 3126 717 3178 sue
738 3124 810 3191 (suci
832 3127 856 3192 c)
881 3121 994 3177 seminis
1022 3122 1075 3176 lini

57 3210 209 3281 s(d)mixti1
227 3213 287 3278 (-t
300 3213 333 3280 p)
352 3228 393 3280 ep.
499 3218 531 3265 17
551 3212 586 3267 de
605 3229 631 3266 e:
653 3228 714 3265 eum
730 3228 760 3280 p.
871 3214 903 3263 18
922 3209 1027 3264 adom.
1042 3227 1073 3279 p.

56 3282 138 3352 pesin
157 3299 180 3337 c.
255 3287 288 3335 19
304 3282 436 3336 creticoc
455 3285 534 3351 (-cs
548 3286 590 3352 p).
664 3283 778 3350 captato
793 3297 818 3335 c:
838 3283 955 3350 coprete
973 3281 1033 3350 (sie)
1043 3297 1074 3350 p.

58 3377 90 3425 22
117 3370 155 3426 ed
179 3368 343 3424 sacietatem
367 3386 393 3424 c:
420 3370 456 3424 ad
480 3369 595 3439 isoiep
619 3371 663 3436 (tn
687 3386 774 3438 marg.
800 3369 836 3424 sd
866 3351 937 3425 loebe
959 3373 1000 3427 eie
1020 3372 1066 3439 ρο)

58 3441 212 3497 bibendam
231 3438 311 3494 debis
326 3457 358 3510 p:
380 3441 503 3495 dandum
522 3440 675 3496 bibendum
694 3440 774 3495 debis
793 3456 815 3494 c.
