2414 3924
148 180 207 242 148
434 191 468 238 a,
484 190 515 238 c.
532 189 629 239 cnusr
646 188 842 238 nuorcrnsu

145 350 174 407 in
196 363 250 408 ano
274 354 332 404 est:
363 362 426 403 cnm
449 344 552 403 eodem
573 343 677 405 dolore
701 346 835 422 exiguum
856 342 964 422 aliquid
983 344 1137 424 emittitur:

145 441 232 510 atquc
254 447 290 489 eo
314 445 429 507 quoque
454 435 624 487 tormentum
647 427 816 488 intenditur:
837 427 924 504 idque
941 436 1009 506 post
1022 437 1138 508 tempus
1172 478 1183 498 .

145 512 262 592 aliquod
283 512 409 580 levatnr;
431 513 593 588 exiguaque
618 514 812 590 requiescet:
834 527 951 570 somnus
968 512 1137 591 interpella·

144 608 218 659 tnrz·
232 595 372 656 febricula
394 597 496 656 oritur:
523 593 673 673 longoque
695 605 828 673 tempore
852 593 880 653 id
902 594 1023 671 malum,
1051 613 1138 675 quum

145 681 369 756 inveteraverit,
391 688 438 739 aut
461 679 536 739 tollit
550 676 710 755 bominem,
735 688 798 754 aut,
823 678 934 738 etiamsi
951 679 1061 756 finitur,
1087 698 1161 739 err-r

146 767 263 826 cruciat.
308 762 433 842 Oportet
457 766 484 822 in
507 764 604 841 primis
626 764 852 841 conquiescere:
884 761 1024 840 siquidem
1044 764 1138 822 omnis

143 849 262 927 agitatio
286 846 451 907 exulcerat:
477 846 580 905 deinde
603 847 733 921 jejunum
760 845 883 906 sorbere
909 847 967 905 vini
992 845 1136 924 cyathum,

145 934 190 993 cui
212 933 334 992 contrita
355 930 437 989 radix
463 930 652 1008 quinquefolii
674 932 710 989 sit
731 929 860 1004 adjecta:
886 931 1037 1008 imponere
1059 940 1136 990 cata·

144 1017 282 1097 plasmata
301 1033 390 1093 snper
412 1022 558 1088 ventrem,
582 1032 656 1091 qnae
673 1014 845 1092 reprimant:
870 1013 946 1091 qnod
961 1015 988 1071 in
1003 1015 1136 1092 superio·

144 1099 222 1160 ribus
243 1101 353 1159 ventris
371 1096 480 1157 morbis
500 1115 558 1157 non
575 1096 708 1176 expedit:
733 1099 904 1176 quotiesque
921 1096 1046 1173 desedit,
1070 1097 1135 1156 sub·
1148 1116 1172 1155 so

144 1185 226 1245 luere
241 1200 313 1261 aqua
330 1181 423 1241 calida
438 1182 466 1239 in
482 1200 537 1259 qua
553 1182 694 1241 decoctae
708 1180 856 1240 verbenae
868 1181 939 1239 sint:
955 1178 1136 1259 portulacam

144 1267 192 1327 vel
215 1275 340 1342 coctam,
366 1264 412 1325 vel
431 1260 467 1324 e'x
484 1264 552 1326 dura
566 1267 654 1324 muria
671 1264 777 1325 edisse.
817 1264 847 1322 Si
861 1266 1002 1324 vetustior
1018 1263 1136 1325 morbus

145 1359 206 1425 est,
230 1368 267 1408 ex
285 1348 470 1409 inferioribus
487 1348 613 1427 partibus
628 1348 756 1426 tepidum
772 1347 922 1407 infundere
938 1347 986 1407 rel
1003 1349 1136 1425 ptisanae

145 1450 322 1508 cremorem,
342 1434 389 1493 vel
405 1432 466 1508 lac,
484 1432 530 1492 vel
547 1431 659 1511 adipem
673 1432 824 1509 liquatam,
844 1431 889 1490 vel
905 1431 1058 1491 medullam
1072 1451 1135 1492 cer·

145 1519 253 1596 vinam,
277 1517 325 1577 rel
345 1517 457 1592 oleum,
479 1515 526 1576 vel
549 1534 613 1576 cum
634 1533 703 1575 rosa
718 1515 867 1592 butyrum,
889 1516 937 1574 vel
954 1533 1017 1574 cum
1033 1515 1169 1576 cademi:

144 1600 238 1661 album
261 1601 376 1661 crndnm
400 1619 437 1660 ex
462 1602 543 1675 oris,
575 1599 621 1658 vel
643 1617 745 1677 aquam
765 1602 793 1658 in
817 1617 872 1677 qua
893 1599 943 1657 lini
965 1617 1065 1659 semen
1086 1600 1135 1659 de·

145 1694 258 1746 coctum
279 1686 331 1754 sit;
355 1685 418 1760 vel,
440 1685 465 1744 si
486 1701 602 1743 somnus
623 1701 680 1743 non
701 1682 829 1760 accedit,
848 1682 966 1742 vitellos
983 1701 1046 1742 cum
1061 1701 1136 1763 aqua

143 1772 172 1830 in
195 1789 250 1848 qua
271 1787 358 1829 rosae
380 1769 459 1828 foris
479 1768 550 1828 lolia
573 1776 658 1828 cocta
681 1769 746 1826 sint.
785 1766 895 1838 Levant
911 1768 986 1825 euim
1002 1765 1135 1827 dolorem

143 1853 232 1929 baec,
257 1862 286 1913 et
301 1855 413 1928 mitiora
429 1852 528 1913 ulcera
544 1852 685 1920 cfficiunt;
712 1851 893 1928 maximeque
911 1850 991 1911 utilia
1009 1860 1088 1928 sunt,
1110 1851 1135 1909 si

145 1937 201 1997 cibi
224 1954 339 2015 quoque
362 1935 511 2014 sequutum
533 1936 676 1995 fastidium
696 1942 750 1994 est.
783 1934 938 1994 Themison
954 1937 1043 1993 muria
1060 1934 1132 1995 dura
1144 1954 1169 1994 ao

144 2039 227 2100 quam
252 2023 408 2099 asperrima
431 2021 474 2078 sic
488 2019 622 2101 utendum
637 2020 792 2079 memoriae
807 2017 942 2097 prodidit.
983 2015 1046 2076 Gibi
1060 2035 1134 2078 vero

144 2123 210 2165 esse
233 2103 354 2177 debent,
377 2104 424 2182 qui
440 2104 544 2162 leniter
560 2111 689 2161 ventrem
706 2102 892 2178 adstringant.
926 2101 966 2160 a:
982 2119 1032 2178 ea,
1059 2121 1134 2180 quae

54 2245 57 2250 .
146 2191 252 2248 urinam
277 2196 410 2261 movent,
440 2189 464 2245 si
491 2186 518 2245 id
544 2195 722 2263 consequuta
745 2195 825 2261 sunt,
857 2186 885 2243 in
911 2184 994 2245 aliurn
1022 2195 1134 2264 partem

143 2272 289 2331 humorem
303 2269 471 2344 avertendo,
489 2277 623 2346 prosunt;
641 2270 665 2327 si
678 2286 735 2327 non
748 2272 813 2328 sunt
826 2278 1015 2346 consequuta,
1028 2286 1134 2328 noxam

143 2362 263 2429 augent:
287 2355 383 2430 itaque
399 2354 453 2410 nisi
469 2355 497 2410 in
516 2351 617 2429 quibus
635 2362 767 2431 prompte
783 2353 811 2411 id
826 2354 926 2412 facere
945 2363 1169 2431 consuerentur

143 2453 200 2496 non
217 2445 281 2494 snut
299 2435 468 2496 adhibenda.
501 2436 600 2510 Potui,
626 2437 649 2495 si
667 2435 809 2496 febricula
826 2444 886 2513 est,
910 2433 986 2513 aqua'
998 2454 1069 2514 pura
1086 2454 1133 2496 ca·

142 2519 218 2592 lida,
234 2518 283 2578 vel
299 2537 333 2579 ea
350 2536 423 2596 quae
438 2521 501 2597 ipsa
518 2536 633 2597 quoque
650 2520 826 2597 adstringat,
843 2519 904 2578 dari
917 2518 1016 2579 debet:
1037 2521 1134 2579 sinon

144 2612 202 2677 est,
221 2603 313 2661 vinnm
329 2603 411 2679 leve,
428 2612 580 2662 austerum.
610 2605 640 2662 Si
658 2603 788 2681 pluribus
805 2602 906 2662 diebus
921 2602 989 2662 nihil
1005 2602 1133 2664 remedia

142 2685 197 2745 alia
210 2686 361 2762 juverunt,
383 2695 524 2764 vetusque
535 2688 595 2762 jam
611 2689 707 2747 vitium
724 2696 783 2762 est,
810 2704 900 2764 aquae
917 2686 992 2745 bene
1007 2686 1132 2762 frigidae

144 2771 223 2847 potio
245 2780 368 2830 assumta
384 2770 481 2829 ulcera
498 2771 665 2847 adstringit,
690 2780 718 2829 et
733 2772 842 2829 initium
861 2769 1005 2829 secundae
1022 2763 1167 2834 valeto-:tc

142 2853 215 2913 dinis
232 2854 312 2913 facit.
342 2854 400 2913 Sed
415 2854 462 2913 nbi
479 2864 579 2914 venter
595 2872 771 2932 suppressus
785 2863 846 2930 est,
864 2854 994 2931 protinus
1012 2854 1046 2913 ad
1064 2853 1132 2912 cali-

142 2938 204 2998 dam
222 2939 367 3016 potionem
383 2939 584 2998 revertendum
601 2947 654 2997 est.
683 2937 766 2997 Solet
782 2946 876 2996 antem
892 2936 1031 2995 interdurn
1047 2938 1132 2996 etiam

143 3023 233 3100 putris
256 3024 369 3098 sanies,
395 3023 571 3101 pessimique
593 3021 692 3082 odoris
714 3021 910 3080 descendere:
941 3021 1018 3080 solet
1042 3038 1132 3098 purus

142 3108 260 3181 sanguis
276 3106 432 3184 profluere.
463 3107 493 3164 Si
509 3106 643 3184 superins
660 3105 757 3164 vitium
776 3113 837 3180 est,
853 3104 935 3163 alvus
950 3121 1023 3181 aqna
1038 3103 1130 3163 mulsa

141 3188 205 3248 duci
222 3189 322 3258 debet;
344 3200 401 3249 tum
420 3189 522 3249 deinde
541 3189 641 3248 eadem
657 3187 783 3265 infundi,
802 3206 875 3265 qnae
891 3206 977 3264 snpra
994 3204 1128 3265 compre·
1139 3212 1165 3252 :s

141 3271 230 3332 hensa
257 3283 329 3333 sunt.
366 3273 405 3332 A:
428 3275 452 3332 si
474 3275 592 3349 sangnis
618 3269 749 3349 profluit,
774 3269 832 3329 cibi
850 3272 1043 3349 potionesque
1062 3287 1131 3330 esse

141 3353 261 3431 debent,
279 3375 351 3434 quae
366 3356 554 3432 adstringant.
