2414 3924
352 235 819 289 mmmmmm
919 207 923 214 ’

429 457 609 520 CAPUT
641 462 750 522 XIX.

169 575 241 637 Quae
256 583 346 626 natura
363 589 393 625 sc
407 576 549 641 proprietas
566 576 689 640 cujusquo
704 577 741 627 rei
756 578 789 629 sit
806 592 856 642 qus
874 579 1005 630 vescimur.

152 727 256 806 Neque
271 726 344 786 lraec
360 725 423 785 sola
438 725 600 786 discrimina
612 736 691 795 sunt:
711 729 763 789 sed
775 730 861 789 etiam
872 730 946 791 aliae
958 747 1007 788 res
1023 728 1091 790 boni

92 813 172 873 sacci
193 819 273 886 sunt,
300 809 375 870 aliae
396 809 478 877 mali;
508 826 579 889 quas
606 799 785 890 εὐχύμους,
813 812 861 871 vel
884 804 1093 890 κακοχύμους

67 896 197 958 sdraeci
214 902 334 962 vocant3
351 893 425 952 aliae
440 892 537 971 lenes,
559 893 632 953 aliae
647 913 747 963 aores3
770 895 844 955 aliae
860 897 1031 956 crassiorem
1049 897 1090 975 pi·

92 981 191 1039 tuitam
205 978 324 1053 iaciunt,
338 976 413 1036 aliae
425 978 597 1045 tenuiorem
619 977 693 1037 aliae
706 977 827 1038 idoneae
841 979 1000 1056 stomacho,
1017 978 1092 1039 allae

91 1063 205 1124 alienae
221 1069 302 1121 sunt:
318 1061 442 1138 itemque
459 1060 533 1119 aliae
550 1060 657 1135 inflant,
676 1061 750 1121 aliae
765 1061 801 1122 ab
813 1062 872 1122 hoc
884 1061 999 1130 absunt;
1017 1062 1091 1122 aliae

92 1146 278 1220 calefaciunt,
300 1144 374 1203 aliae
399 1143 587 1218 refrigeraot;
613 1144 686 1202 aliae
705 1144 793 1204 facile
817 1147 845 1205 in
860 1144 1009 1207 stomacho
1025 1163 1089 1205 ace-

91 1238 189 1306 scunt,
210 1228 285 1288 aliae
304 1245 362 1287 non
378 1226 465 1287 facile
485 1227 559 1286 intus
574 1238 808 1305 corrumpuntur;
831 1229 904 1289 aliae
919 1238 1036 1289 movent
1050 1228 1090 1288 al·
1106 1223 1108 1227 ’

57 1330 173 1389 uorum,
202 1311 275 1372 aliae
297 1311 491 1389 supprimunt;
519 1309 593 1370 aliae
615 1312 702 1370 citant
723 1314 832 1372 urinam
857 1313 911 1390 (cl.
935 1330 999 1389 cap.
1023 1311 1090 1390 31),

89 1396 186 1456 *aliae
208 1393 334 1462 tardant;
361 1391 501 1472 quaedam
524 1411 652 1453 somnum
673 1403 805 1471 movent,
827 1396 967 1475 quaedam
987 1413 1090 1454 sensus

91 1481 226 1539 excitant.
266 1477 347 1551 Quae
368 1478 461 1535 omnia
484 1475 550 1537 ideo
574 1477 720 1537 noscenda
741 1489 819 1556 sunt,
854 1481 986 1558 quoniam
1014 1477 1090 1538 aliud

91 1563 138 1625 alii
161 1560 208 1621 vel
232 1561 361 1638 corpori,
376 1559 425 1618 vel
439 1558 596 1620 valetudini
614 1562 756 1620 convenit.

445 1792 626 1856 CAPUT
657 1798 737 1856 XX.

55 1931 81 1971 1⁶
379 1912 416 1962 Do
435 1911 475 1962 his
491 1925 555 1976 quae
571 1912 630 1960 boui
648 1913 716 1962 succi
734 1920 800 1962 sunt.

154 2061 226 2121 Boni
250 2065 330 2123 succi
352 2072 418 2122 sunt
437 2064 577 2137 triticum,
599 2061 701 2138 siligo,
727 2060 816 2137 alica,
832 2079 937 2138 oryza,
956 2062 1088 2140 amylum,

91 2157 219 2224 tragum,
242 2148 370 2223 ptisana,
393 2145 454 2221 lac,
478 2164 580 2205 caseus
594 2144 704 2220 mollis,
729 2146 819 2204 omnis
833 2149 965 2222 venatio,
989 2163 1089 2205 omnes

91 2249 172 2306 aves,
188 2247 261 2309 quae
280 2248 316 2289 ex
332 2228 424 2287 media
440 2231 559 2288 materia
577 2237 655 2297 sunt;
672 2246 710 2288 ex
724 2228 880 2301 majoribus
892 2245 1009 2308 quoque
1026 2247 1088 2307 eae,

92 2332 162 2393 quas
183 2329 270 2390 snpra
291 2314 451 2372 nominavi:
473 2312 558 2372 medii
582 2315 656 2372 inter
678 2320 795 2371 teneros
817 2311 962 2390 durosque
979 2313 1087 2391 pisces,

56 2414 83 2454 oo
92 2407 121 2456 ut
135 2396 255 2470 mullus,
273 2406 301 2455 et
316 2395 415 2474 lupus:
434 2414 522 2454 verna
537 2396 650 2455 lactuca
666 2395 721 2473 (cl.
740 2413 804 2473 cap.
819 2394 887 2472 32),
904 2397 1004 2471 urtica,
1020 2395 1087 2456 mal·

94 2499 138 2554 va,
155 2478 311 2553 cucurbita,
330 2496 414 2538 ovum
435 2478 560 2554 sorbile,
577 2478 742 2556 portulaca,
760 2477 912 2554 cochleae,
930 2478 1086 2556 palmulae:

93 2581 130 2621 ex
154 2564 246 2641 pomis
265 2561 467 2642 quodcumque
489 2580 583 2640 neque
603 2560 753 2636 acerbum,
781 2579 874 2639 neque
897 2561 1008 2620 acidum
1026 2570 1086 2620 est:

92 2648 189 2704 vinum
200 2645 295 2722 dulce,
311 2645 360 2705 vel
375 2645 451 2721 lene,
468 2663 591 2722 passum,
608 2645 761 2719 defrutum,
778 2645 877 2720 oleae,
896 2662 969 2723 quae
986 2662 1024 2704 ex
1042 2643 1088 2703 his

94 2727 204 2787 duobus
226 2730 255 2787 in
276 2728 415 2790 alterutro
438 2737 570 2788 servatae
592 2737 670 2787 sunt:
693 2728 812 2804 vulvae,
836 2737 947 2803 rostra,
974 2737 1086 2786 truncu-

58 2825 83 2864 25
97 2812 174 2890 lique
191 2827 278 2889 sunm,
294 2813 386 2872 omnis
401 2813 514 2890 pinguis
531 2830 610 2887 caro,
626 2812 717 2871 omnis
729 2810 882 2888 glutinosa,
898 2827 982 2868 omne
992 2811 1087 2883 jecur.

413 3045 613 3105 CAPUT
652 3043 761 3101 XXI.

385 3161 422 3211 De
437 3161 555 3223 hisquae
570 3159 629 3206 mali
643 3157 711 3207 succi
730 3165 795 3207 aunt.

154 3312 221 3372 lllali
242 3329 315 3371 vero
338 3314 417 3372 succi
440 3321 503 3371 sunt
523 3308 642 3382 milium,
664 3308 809 3385 panicum,
833 3304 986 3377 hordeum,
1006 3302 1086 3375 legu-

92 3397 181 3471 mina,
198 3411 268 3455 caro
286 3394 444 3456 domestica
463 3410 627 3473 permacra,
644 3391 792 3466 omnisque
809 3405 876 3447 caro
892 3386 984 3462 salsa,
1003 3400 1087 3444 omno

58 3494 84 3534 ao
94 3479 305 3555 salsamentum,
318 3496 428 3556 garum,
441 3487 526 3537 vetus
537 3494 649 3552 caseus,
665 3475 749 3547 siser,
765 3470 993 3614 radicnlffapa,
1010 3466 1089 3546 napi,
