2414 3924
155 217 195 280 12
405 228 454 276 nu
476 228 539 275 nru
559 228 692 277 nurum
715 227 790 278 oar.
811 227 872 276 v1r.

154 368 352 448 Empedocles
367 369 483 430 videtur
499 369 642 429 sensisse:
665 386 735 429 nam
752 386 855 429 causas
871 367 991 448 quidam
1015 387 1069 430 cur
1087 370 1132 432 di-

154 455 304 516 videretur
321 471 380 514 non
396 455 504 533 posuit,
521 454 625 531 partiri
639 453 844 513 tantummodo
861 454 909 522 ait,
926 459 956 514 et
970 453 995 513 si
1011 461 1132 516 utrum·

155 558 213 618 que
234 539 319 600 sedes
346 556 439 616 aeque
461 537 569 598 calidas
596 539 800 615 occupaverit,
833 544 991 616 utrumque
1013 558 1133 601 marem

154 625 252 693 nasci,
274 624 300 684 si
315 622 436 701 frigidas
453 639 560 699 aeque,
585 630 740 700 utramque
756 623 909 692 feminam,
928 624 1039 685 sivero
1055 623 1132 685 alte·

155 727 223 769 rum
239 706 421 777 calidiorem,
439 706 564 768 alterum
581 708 775 783 frigidiorem,
793 707 904 786 dispari
919 726 992 769 sexu
1007 716 1132 787 partum
1150 723 1166 772 5

155 792 299 854 futurum.

123 884 141 943 7
223 877 365 956 Superest
388 875 487 937 dicere
508 877 544 937 de
560 875 745 954 temporibus
761 876 869 956 quibus
889 884 991 955 partus
1014 877 1134 939 soleant

158 980 222 1024 esse
243 961 280 1022 ad
303 961 484 1021 nascendum
505 964 626 1029 maturi;
650 962 700 1040 qui
721 961 804 1022 locus
826 979 860 1022 eo
882 961 955 1022 mibi
977 978 1050 1023 cura
1066 981 1132 1023 ma·

157 1050 221 1108 iore
236 1047 409 1106 tractandus
431 1053 491 1115 est,
514 1046 593 1125 quod
610 1046 753 1124 quaedam
769 1063 892 1106 necesse
914 1052 958 1107 est
974 1045 1011 1106 de
1033 1055 1132 1108 astro·

157 1130 234 1210 logia
251 1132 421 1211 musicaque
438 1137 466 1191 et
481 1131 665 1191 arithmetica
681 1132 836 1207 attingere.
1151 1144 1182 1195 10

36 1287 39 1292 ,
124 1226 140 1274 a
222 1215 284 1275 lam
299 1217 428 1292 primum
446 1223 535 1294 quoto
551 1223 619 1294 post
634 1216 859 1295 conceptionem
875 1233 976 1277 mense
998 1216 1132 1280 infantes

159 1300 206 1363 edi
226 1297 355 1370 soleam,
387 1301 560 1378 frequenter
583 1301 722 1377 agitatum
749 1302 827 1361 inter
854 1308 968 1361 veteres
993 1300 1133 1363 nondum

159 1386 304 1445 convenit.
351 1385 468 1462 Hippon
490 1383 707 1462 Metapontinos
734 1403 751 1444 a
772 1385 898 1463 septimo
920 1385 956 1445 ad
978 1384 1130 1448 decimum

159 1485 291 1530 mensem
308 1469 388 1530 nasei
403 1486 490 1546 posse
507 1470 678 1529 aestimavit.
709 1486 778 1530 nam
794 1472 919 1547 septimo
935 1475 1053 1547 partum
1070 1472 1132 1531 iarn

160 1571 224 1615 esse
240 1562 389 1616 maturum
412 1571 447 1613 eo
464 1555 542 1631 quod
563 1554 594 1613 in
619 1552 758 1614 omnibus
778 1571 921 1614 numerus
942 1557 1131 1633 septenarius
1151 1567 1181 1616 15

158 1637 320 1718 plurimum
340 1639 447 1717 possit,
479 1639 622 1716 siquidem
645 1645 759 1717 septem
781 1639 945 1700 formemur
965 1639 1131 1711 mensibus,

160 1723 326 1800 additisque
357 1721 456 1782 alteris
485 1724 559 1783 recti
589 1725 751 1783 consistere
780 1724 971 1802 incipiamus
1003 1731 1033 1783 et
1062 1734 1133 1802 post

159 1809 316 1888 septimum
344 1825 478 1868 mensem
506 1807 612 1868 dentes
638 1806 724 1868 nobis
751 1808 957 1877 innascantur,
987 1808 1132 1889 idemque

159 1901 227 1972 post
247 1893 406 1973 septimum
427 1893 532 1952 cadant
553 1910 678 1962 annum,
706 1899 811 1970 quarto
828 1893 942 1953 decimo
957 1900 1058 1954 autem
1073 1913 1132 1973 pu-

126 1988 141 2035 3
160 1976 283 2039 besoere
299 1976 456 2037 soleamus.
488 1977 540 2038 sed
556 1977 633 2037 banc
649 1995 665 2037 a
681 1983 794 2056 septem
811 1977 964 2038 mensibus
984 1978 1131 2056 incipien-
1149 1990 1179 2038 ‘20

160 2069 218 2122 tem
239 2063 437 2122 maturitatem
462 2061 612 2141 usquead
634 2061 736 2122 decem
759 2063 932 2139 perductam
959 2062 1026 2122 ideo
1049 2064 1131 2140 quod

159 2150 189 2206 in
205 2145 268 2208 aliis
284 2145 424 2207 omnibus
439 2146 513 2207 haec
530 2147 631 2207 eadem
649 2153 753 2206 natura
770 2156 822 2217 est,
840 2155 873 2206 ut
887 2153 1001 2225 septem
1017 2150 1131 2209 mensi·
1186 2186 1189 2193 ·

160 2231 216 2291 bus
231 2233 351 2291 aunisve
367 2238 427 2292 tres
444 2239 494 2291 aut
509 2249 625 2291 menses
641 2238 691 2291 aut
706 2232 774 2290 anni
791 2232 825 2291 ad
843 2232 1130 2293 consummationem

125 2324 142 2371 4
161 2316 316 2377 accedant:
347 2334 415 2375 nam
443 2315 547 2375 dentes
567 2323 681 2391 septem
702 2332 838 2376 mensum
864 2316 969 2376 inlanti
990 2318 1073 2376 nasci
1101 2326 1131 2378 et

159 2403 286 2460 maxime
308 2400 421 2459 decimo
439 2399 541 2476 perfici
557 2417 674 2469 mense,
698 2400 823 2478 septimo
845 2417 922 2460 anno
944 2402 1057 2479 primos
1078 2420 1129 2462 eo·
1149 2412 1180 2462 25

159 2501 226 2543 rum
248 2483 399 2552 excidere,
430 2483 546 2543 decimo
567 2483 700 2553 ultimos,
731 2491 797 2563 post
821 2492 957 2564 quartum
980 2485 1130 2547 decimum

159 2583 269 2628 annum
296 2565 469 2637 nonnullos,
498 2569 549 2628 sed
571 2586 674 2629 omnes
701 2568 777 2629 intra
801 2571 958 2648 septimum
979 2570 1129 2630 decimum

159 2668 271 2712 annum
293 2649 467 2728 pubescere.
505 2652 574 2713 huic
595 2654 727 2731 opinioni
754 2655 785 2712 in
809 2661 893 2731 parte
915 2653 1011 2733 aliqua
1037 2672 1129 2733 repu-

126 2744 251 2816 ngnant
278 2735 340 2804 alii,
370 2739 402 2796 in
427 2746 511 2816 parte
538 2738 736 2798 consentiunt.
782 2756 849 2798 nam
878 2739 1003 2816 septimo
1024 2757 1130 2801 mense

159 2905 361 2917 ——u

228 3009 251 3057 1.
275 3007 441 3072 enpedocles
464 3008 492 3056 V
555 3009 579 3057 2.
598 3008 697 3071 partiri
714 3007 819 3065 Ioboue,
837 3020 945 3072 panrrm
964 3008 1029 3068 DV,
1048 3008 1134 3073 partfi

162 3072 202 3124 V²
223 3077 249 3123 in
271 3092 351 3141 morp.
421 3077 445 3125 6.
465 3075 666 3139 postfuturum
684 3077 739 3125 DV
760 3078 820 3126 odd.
843 3074 875 3126 be
899 3088 1129 3127 courrnmareoue

158 3187 255 3225 eurem
268 3192 375 3240 pannus
387 3144 572 3227 Νιιῐιιοωὶῃ118
591 3141 621 3207 (d
633 3143 678 3240 V),
699 3193 763 3242 quae
779 3180 912 3241 pertinent
931 3179 967 3227 ad
983 3193 1041 3241 cap.
1056 3182 1082 3242 5,
1096 3183 1129 3235 5,·

158 3247 208 3291 tum
229 3251 369 3308 sequuntur
392 3261 427 3294 ece
449 3261 507 3308 cop.
527 3247 574 3307 14,
594 3248 610 3292 7
636 3244 666 3292 in
688 3247 778 3310 prima
800 3244 973 3295 hebdomade
995 3261 1074 3311 usque
1093 3248 1131 3296 ad

158 3325 215 3373 cap.
235 3313 275 3374 17,
290 3313 305 3359 9
323 3317 406 3362 nocte
424 3313 600 3376 frequentem
625 3313 733 3378 denique
751 3314 821 3362 redit
837 3317 970 3376 scriptura
988 3314 1024 3362 ad
1040 3329 1097 3376 cap.
1114 3319 1130 3362 7

156 3378 213 3425 init.
238 3383 365 3445 superest
388 3379 482 3430 dicere
502 3385 550 3429 cet.
623 3382 662 3430 10.
693 3380 839 3445 adtingere
868 3380 896 3428 V
962 3382 1002 3428 11.
1027 3394 1129 3430 conoe·

156 3457 256 3506 parone
280 3448 305 3496 1)
376 3448 416 3500 13.
440 3447 551 3511 hyppon
577 3447 605 3495 V
670 3450 711 3498 20.
735 3448 807 3498 huuc
831 3448 856 3496 D
924 3448 967 3499 24.
984 3462 1128 3498 mensuum

159 3509 184 3552 ⁴-
201 3514 337 3563 mensium
359 3514 385 3563 V
452 3517 494 3567 25.
512 3526 619 3578 patmus
637 3515 662 3562 D
732 3515 963 3565 scammuse
