<?xml version="1.0" encoding="UTF-8"?>
<!DOCTYPE html PUBLIC "-//W3C//DTD XHTML 1.0 Transitional//EN"
    "http://www.w3.org/TR/xhtml1/DTD/xhtml1-transitional.dtd">
<html xmlns="http://www.w3.org/1999/xhtml" xml:lang="en" lang="en">
 <head>
  <title>
</title>
<meta http-equiv="Content-Type" content="text/html;charset=utf-8" />
  <meta name='ocr-system' content='tesseract 3.04.00' />
  <meta name='ocr-capabilities' content='ocr_page ocr_carea ocr_par ocr_line ocrx_word'/>
</head>
<body>
  <div class='ocr_page' id='page_1' title='image "./cassiifelicisde00rosegoog_0556.png"; bbox 0 0 2414 3924; ppageno 0'>
   <div class='ocr_carea' id='block_1_1' title="bbox 463 183 1116 262">
    <p class='ocr_par' dir='ltr' id='par_1_1' title="bbox 463 183 1116 262">
     <span class='ocr_line' id='line_1_1' title="bbox 463 183 1116 262; baseline 0.006 -5"><span class='ocrx_word' id='word_1_1' title='bbox 463 213 534 259; x_wconf 80' lang='lat' dir='ltr'>mn.</span> <span class='ocrx_word' id='word_1_2' title='bbox 550 212 597 259; x_wconf 85' lang='lat' dir='ltr'>vr.</span> <span class='ocrx_word' id='word_1_3' title='bbox 624 210 698 258; x_wconf 76' lang='lat' dir='ltr'>cnr.</span> <span class='ocrx_word' id='word_1_4' title='bbox 718 213 764 260; x_wconf 80' lang='lat' dir='ltr'>ur.</span> <span class='ocrx_word' id='word_1_5' title='bbox 789 183 790 186; x_wconf 47' lang='lat'>&#39;</span> <span class='ocrx_word' id='word_1_6' title='bbox 1053 197 1116 262; x_wconf 81' lang='lat'>233</span> 
     </span>
    </p>
   </div>
   <div class='ocr_carea' id='block_1_2' title="bbox 82 364 1116 3550">
    <p class='ocr_par' dir='ltr' id='par_1_2' title="bbox 82 364 1116 2711">
     <span class='ocr_line' id='line_1_2' title="bbox 117 364 1116 447; baseline 0 -22"><span class='ocrx_word' id='word_1_7' title='bbox 117 386 145 447; x_wconf 89' lang='lat' dir='ltr'>p.</span> <span class='ocrx_word' id='word_1_8' title='bbox 168 366 225 447; x_wconf 87' lang='lat'>)(.</span> <span class='ocrx_word' id='word_1_9' title='bbox 249 379 271 424; x_wconf 91' lang='lat'>1.</span> <span class='ocrx_word' id='word_1_10' title='bbox 294 383 447 441; x_wconf 83' lang='lat' dir='ltr'>cerussae,</span> <span class='ocrx_word' id='word_1_11' title='bbox 476 364 577 441; x_wconf 90' lang='lat' dir='ltr'>stibis,</span> <span class='ocrx_word' id='word_1_12' title='bbox 605 365 783 443; x_wconf 81' lang='lat' dir='ltr'>singulorum</span> <span class='ocrx_word' id='word_1_13' title='bbox 808 385 835 444; x_wconf 90' lang='lat' dir='ltr'>p.</span> <span class='ocrx_word' id='word_1_14' title='bbox 856 365 913 444; x_wconf 82' lang='lat'>)·(.</span> <span class='ocrx_word' id='word_1_15' title='bbox 936 380 972 426; x_wconf 90' lang='lat'>11.</span> <span class='ocrx_word' id='word_1_16' title='bbox 995 383 1116 443; x_wconf 87' lang='lat' dir='ltr'>spumae</span> 
     </span>
     <span class='ocr_line' id='line_1_3' title="bbox 117 449 1116 529; baseline -0.004 -17"><span class='ocrx_word' id='word_1_17' title='bbox 117 450 230 529; x_wconf 79' lang='lat' dir='ltr'>argenti</span> <span class='ocrx_word' id='word_1_18' title='bbox 253 458 356 510; x_wconf 88' lang='lat' dir='ltr'>coctae</span> <span class='ocrx_word' id='word_1_19' title='bbox 377 458 406 508; x_wconf 89' lang='lat' dir='ltr'>ct</span> <span class='ocrx_word' id='word_1_20' title='bbox 426 449 523 509; x_wconf 91' lang='lat' dir='ltr'>elotae</span> <span class='ocrx_word' id='word_1_21' title='bbox 547 469 576 528; x_wconf 88' lang='lat' dir='ltr'>p.</span> <span class='ocrx_word' id='word_1_22' title='bbox 597 450 654 529; x_wconf 89' lang='lat'>)·(.</span> <span class='ocrx_word' id='word_1_23' title='bbox 679 463 725 509; x_wconf 92' lang='lat' dir='ltr'>1v.</span> <span class='ocrx_word' id='word_1_24' title='bbox 778 451 836 511; x_wconf 84' lang='lat' dir='ltr'>Sed</span> <span class='ocrx_word' id='word_1_25' title='bbox 862 467 897 509; x_wconf 89' lang='lat' dir='ltr'>ca</span> <span class='ocrx_word' id='word_1_26' title='bbox 939 465 1039 527; x_wconf 89' lang='lat' dir='ltr'>spuma</span> <span class='ocrx_word' id='word_1_27' title='bbox 1078 465 1116 508; x_wconf 79' lang='lat' dir='ltr'>ex</span> 
     </span>
     <span class='ocr_line' id='line_1_4' title="bbox 116 533 1115 614; baseline -0.003 -19"><span class='ocrx_word' id='word_1_28' title='bbox 116 552 189 614; x_wconf 91' lang='lat' dir='ltr'>aqua</span> <span class='ocrx_word' id='word_1_29' title='bbox 207 534 350 612; x_wconf 79' lang='lat' dir='ltr'>pluviatili</span> <span class='ocrx_word' id='word_1_30' title='bbox 367 535 513 613; x_wconf 77' lang='lat' dir='ltr'>coquitur,</span> <span class='ocrx_word' id='word_1_31' title='bbox 530 543 560 594; x_wconf 90' lang='lat' dir='ltr'>et</span> <span class='ocrx_word' id='word_1_32' title='bbox 573 533 653 596; x_wconf 91' lang='lat' dir='ltr'>arida</span> <span class='ocrx_word' id='word_1_33' title='bbox 666 533 741 594; x_wconf 89' lang='lat' dir='ltr'>haec</span> <span class='ocrx_word' id='word_1_34' title='bbox 755 533 962 593; x_wconf 87' lang='lat' dir='ltr'>medicamenta</span> <span class='ocrx_word' id='word_1_35' title='bbox 974 551 1011 593; x_wconf 81' lang='lat' dir='ltr'>eu</span> <span class='ocrx_word' id='word_1_36' title='bbox 1025 549 1115 593; x_wconf 88' lang='lat' dir='ltr'>succo</span> 
     </span>
     <span class='ocr_line' id='line_1_5' title="bbox 114 616 1115 696; baseline -0.002 -18"><span class='ocrx_word' id='word_1_37' title='bbox 114 620 199 694; x_wconf 87' lang='lat' dir='ltr'>myrti</span> <span class='ocrx_word' id='word_1_38' title='bbox 224 626 421 678; x_wconf 87' lang='lat' dir='ltr'>conteruntur.</span> <span class='ocrx_word' id='word_1_39' title='bbox 456 616 508 676; x_wconf 94' lang='lat' dir='ltr'>llis</span> <span class='ocrx_word' id='word_1_40' title='bbox 524 619 596 678; x_wconf 92' lang='lat' dir='ltr'>illita</span> <span class='ocrx_word' id='word_1_41' title='bbox 612 618 723 695; x_wconf 84' lang='lat' dir='ltr'>fronte,</span> <span class='ocrx_word' id='word_1_42' title='bbox 745 617 921 696; x_wconf 77' lang='lat' dir='ltr'>cataplasma</span> <span class='ocrx_word' id='word_1_43' title='bbox 938 634 1053 694; x_wconf 88' lang='lat' dir='ltr'>quoque</span> <span class='ocrx_word' id='word_1_44' title='bbox 1068 635 1115 676; x_wconf 93' lang='lat' dir='ltr'>su·</span> 
     </span>
     <span class='ocr_line' id='line_1_6' title="bbox 93 700 1115 783; baseline -0.001 -24"><span class='ocrx_word' id='word_1_45' title='bbox 93 701 356 783; x_wconf 80' lang='lat' dir='ltr'>sperinjiciendurn</span> <span class='ocrx_word' id='word_1_46' title='bbox 377 709 422 760; x_wconf 89' lang='lat' dir='ltr'>est</span> <span class='ocrx_word' id='word_1_47' title='bbox 444 719 481 760; x_wconf 87' lang='lat' dir='ltr'>ex</span> <span class='ocrx_word' id='word_1_48' title='bbox 501 702 610 777; x_wconf 82' lang='lat' dir='ltr'>farina,</span> <span class='ocrx_word' id='word_1_49' title='bbox 641 719 715 780; x_wconf 90' lang='lat' dir='ltr'>quae</span> <span class='ocrx_word' id='word_1_50' title='bbox 738 701 842 779; x_wconf 78' lang='lat' dir='ltr'>frigida</span> <span class='ocrx_word' id='word_1_51' title='bbox 859 718 932 778; x_wconf 89' lang='lat' dir='ltr'>aqua</span> <span class='ocrx_word' id='word_1_52' title='bbox 949 709 1051 761; x_wconf 86' lang='lat' dir='ltr'>coacta</span> <span class='ocrx_word' id='word_1_53' title='bbox 1067 700 1115 776; x_wconf 90' lang='lat' dir='ltr'>sit,</span> 
     </span>
     <span class='ocr_line' id='line_1_7' title="bbox 116 782 1115 865; baseline -0.005 -18"><span class='ocrx_word' id='word_1_54' title='bbox 116 788 221 863; x_wconf 89' lang='lat' dir='ltr'>cuique</span> <span class='ocrx_word' id='word_1_55' title='bbox 238 794 284 845; x_wconf 88' lang='lat' dir='ltr'>aut</span> <span class='ocrx_word' id='word_1_56' title='bbox 298 785 417 846; x_wconf 81' lang='lat' dir='ltr'>acaciae</span> <span class='ocrx_word' id='word_1_57' title='bbox 433 804 556 862; x_wconf 89' lang='lat' dir='ltr'>succus,</span> <span class='ocrx_word' id='word_1_58' title='bbox 575 795 622 846; x_wconf 90' lang='lat' dir='ltr'>aut</span> <span class='ocrx_word' id='word_1_59' title='bbox 638 803 796 865; x_wconf 81' lang='lat' dir='ltr'>cupressus</span> <span class='ocrx_word' id='word_1_60' title='bbox 809 785 922 862; x_wconf 89' lang='lat' dir='ltr'>adjecta</span> <span class='ocrx_word' id='word_1_61' title='bbox 935 785 981 844; x_wconf 92' lang='lat' dir='ltr'>sit.</span> <span class='ocrx_word' id='word_1_62' title='bbox 1005 782 1115 843; x_wconf 83' lang='lat' dir='ltr'>Cucur-</span> 
     </span>
     <span class='ocr_line' id='line_1_8' title="bbox 116 869 1116 948; baseline -0.002 -18"><span class='ocrx_word' id='word_1_63' title='bbox 116 870 205 931; x_wconf 91' lang='lat' dir='ltr'>bitula</span> <span class='ocrx_word' id='word_1_64' title='bbox 221 887 353 948; x_wconf 89' lang='lat' dir='ltr'>quoqne,</span> <span class='ocrx_word' id='word_1_65' title='bbox 381 871 472 929; x_wconf 92' lang='lat' dir='ltr'>inciso</span> <span class='ocrx_word' id='word_1_66' title='bbox 488 872 616 947; x_wconf 88' lang='lat' dir='ltr'>vertice,</span> <span class='ocrx_word' id='word_1_67' title='bbox 638 879 720 929; x_wconf 89' lang='lat' dir='ltr'>recte</span> <span class='ocrx_word' id='word_1_68' title='bbox 738 869 986 938; x_wconf 89' lang='lat' dir='ltr'>accommodatur;</span> <span class='ocrx_word' id='word_1_69' title='bbox 1015 877 1063 929; x_wconf 90' lang='lat' dir='ltr'>aut</span> <span class='ocrx_word' id='word_1_70' title='bbox 1078 885 1116 928; x_wconf 86' lang='lat' dir='ltr'>ex</span> 
     </span>
     <span class='ocr_line' id='line_1_9' title="bbox 116 950 1116 1032; baseline -0.003 -18"><span class='ocrx_word' id='word_1_71' title='bbox 116 953 294 1031; x_wconf 81' lang='lat' dir='ltr'>temporibus</span> <span class='ocrx_word' id='word_1_72' title='bbox 319 956 437 1030; x_wconf 84' lang='lat' dir='ltr'>sanguis</span> <span class='ocrx_word' id='word_1_73' title='bbox 459 956 585 1014; x_wconf 89' lang='lat' dir='ltr'>mittitur.</span> <span class='ocrx_word' id='word_1_74' title='bbox 629 953 732 1031; x_wconf 84' lang='lat' dir='ltr'>Inungi</span> <span class='ocrx_word' id='word_1_75' title='bbox 754 973 825 1015; x_wconf 88' lang='lat' dir='ltr'>vcro</span> <span class='ocrx_word' id='word_1_76' title='bbox 849 973 886 1014; x_wconf 88' lang='lat' dir='ltr'>eo</span> <span class='ocrx_word' id='word_1_77' title='bbox 907 952 1011 1030; x_wconf 89' lang='lat' dir='ltr'>debet,</span> <span class='ocrx_word' id='word_1_78' title='bbox 1037 950 1116 1032; x_wconf 91' lang='lat' dir='ltr'>quod</span> 
     </span>
     <span class='ocr_line' id='line_1_10' title="bbox 116 1037 1114 1117; baseline -0.002 -19"><span class='ocrx_word' id='word_1_79' title='bbox 116 1037 204 1098; x_wconf 91' lang='lat' dir='ltr'>babet</span> <span class='ocrx_word' id='word_1_80' title='bbox 217 1055 352 1114; x_wconf 88' lang='lat' dir='ltr'>squamae</span> <span class='ocrx_word' id='word_1_81' title='bbox 365 1039 451 1114; x_wconf 91' lang='lat' dir='ltr'>aeris,</span> <span class='ocrx_word' id='word_1_82' title='bbox 465 1040 619 1116; x_wconf 87' lang='lat' dir='ltr'>papaveris</span> <span class='ocrx_word' id='word_1_83' title='bbox 632 1037 780 1114; x_wconf 91' lang='lat' dir='ltr'>lacrimae,</span> <span class='ocrx_word' id='word_1_84' title='bbox 792 1040 970 1116; x_wconf 84' lang='lat' dir='ltr'>singulorum</span> <span class='ocrx_word' id='word_1_85' title='bbox 984 1055 1012 1115; x_wconf 89' lang='lat' dir='ltr'>p.</span> <span class='ocrx_word' id='word_1_86' title='bbox 1025 1037 1081 1117; x_wconf 90' lang='lat'>)·(.</span> <span class='ocrx_word' id='word_1_87' title='bbox 1091 1049 1114 1096; x_wconf 93' lang='lat'>1.</span> 
     </span>
     <span class='ocr_line' id='line_1_11' title="bbox 84 1121 1114 1200; baseline 0.004 -24"><span class='ocrx_word' id='word_1_88' title='bbox 84 1136 108 1176; x_wconf 86' lang='grc' dir='ltr'>ιο</span> <span class='ocrx_word' id='word_1_89' title='bbox 118 1122 339 1183; x_wconf 88' lang='lat' dir='ltr'>cervinicornus</span> <span class='ocrx_word' id='word_1_90' title='bbox 347 1121 487 1182; x_wconf 89' lang='lat' dir='ltr'>combusti</span> <span class='ocrx_word' id='word_1_91' title='bbox 500 1131 529 1182; x_wconf 90' lang='lat' dir='ltr'>et</span> <span class='ocrx_word' id='word_1_92' title='bbox 544 1122 630 1198; x_wconf 90' lang='lat' dir='ltr'>eloti,</span> <span class='ocrx_word' id='word_1_93' title='bbox 656 1122 764 1200; x_wconf 91' lang='lat' dir='ltr'>plumbi</span> <span class='ocrx_word' id='word_1_94' title='bbox 777 1123 863 1197; x_wconf 87' lang='lat' dir='ltr'>eloti,</span> <span class='ocrx_word' id='word_1_95' title='bbox 879 1123 1114 1200; x_wconf 84' lang='lat' dir='ltr'>gummis,singu·</span> 
     </span>
     <span class='ocr_line' id='line_1_12' title="bbox 116 1205 1114 1287; baseline 0.001 -21"><span class='ocrx_word' id='word_1_96' title='bbox 116 1207 209 1266; x_wconf 92' lang='lat' dir='ltr'>lorum</span> <span class='ocrx_word' id='word_1_97' title='bbox 226 1205 383 1284; x_wconf 87' lang='lat' dir='ltr'>p.)-(.1v.</span> <span class='ocrx_word' id='word_1_98' title='bbox 399 1207 470 1265; x_wconf 90' lang='lat' dir='ltr'>turis</span> <span class='ocrx_word' id='word_1_99' title='bbox 486 1225 513 1285; x_wconf 90' lang='lat' dir='ltr'>p.</span> <span class='ocrx_word' id='word_1_100' title='bbox 526 1206 582 1287; x_wconf 90' lang='lat'>)·(.</span> <span class='ocrx_word' id='word_1_101' title='bbox 595 1220 656 1265; x_wconf 80' lang='lat' dir='ltr'>xla.</span> <span class='ocrx_word' id='word_1_102' title='bbox 677 1205 741 1267; x_wconf 91' lang='lat' dir='ltr'>Hoc</span> <span class='ocrx_word' id='word_1_103' title='bbox 758 1207 921 1281; x_wconf 77' lang='lat' dir='ltr'>collyrium,</span> <span class='ocrx_word' id='word_1_104' title='bbox 929 1210 995 1285; x_wconf 91' lang='lat' dir='ltr'>quia</span> <span class='ocrx_word' id='word_1_105' title='bbox 1007 1225 1114 1268; x_wconf 91' lang='lat' dir='ltr'>cornus</span> 
     </span>
     <span class='ocr_line' id='line_1_13' title="bbox 115 1277 1114 1368; baseline 0 -19"><span class='ocrx_word' id='word_1_106' title='bbox 115 1288 217 1366; x_wconf 90' lang='lat' dir='ltr'>habet,</span> <span class='ocrx_word' id='word_1_107' title='bbox 234 1277 290 1349; x_wconf 76' lang='grc' dir='ltr'>διὰ</span> <span class='ocrx_word' id='word_1_108' title='bbox 304 1288 442 1366; x_wconf 78' lang='grc' dir='ltr'><strong><em>κέρατος</em></strong></span> <span class='ocrx_word' id='word_1_109' title='bbox 457 1294 624 1350; x_wconf 88' lang='lat' dir='ltr'>nominatur.</span> <span class='ocrx_word' id='word_1_110' title='bbox 665 1290 908 1368; x_wconf 82' lang='lat' dir='ltr'>Quotiescumque</span> <span class='ocrx_word' id='word_1_111' title='bbox 924 1307 981 1349; x_wconf 91' lang='lat' dir='ltr'>non</span> <span class='ocrx_word' id='word_1_112' title='bbox 996 1289 1114 1365; x_wconf 84' lang='lat' dir='ltr'>adjicio,</span> 
     </span>
     <span class='ocr_line' id='line_1_14' title="bbox 117 1372 1079 1453; baseline -0.002 -20"><span class='ocrx_word' id='word_1_113' title='bbox 117 1372 195 1452; x_wconf 94' lang='lat' dir='ltr'>quod</span> <span class='ocrx_word' id='word_1_114' title='bbox 212 1391 306 1448; x_wconf 85' lang='lat' dir='ltr'>genus</span> <span class='ocrx_word' id='word_1_115' title='bbox 321 1372 450 1434; x_wconf 89' lang='lat' dir='ltr'>humoris</span> <span class='ocrx_word' id='word_1_116' title='bbox 467 1373 658 1449; x_wconf 89' lang='lat' dir='ltr'>adjiciendum</span> <span class='ocrx_word' id='word_1_117' title='bbox 674 1377 725 1450; x_wconf 94' lang='lat' dir='ltr'>sit,</span> <span class='ocrx_word' id='word_1_118' title='bbox 744 1393 846 1453; x_wconf 91' lang='lat' dir='ltr'>aquam</span> <span class='ocrx_word' id='word_1_119' title='bbox 861 1374 982 1451; x_wconf 84' lang='lat' dir='ltr'>intelligi</span> <span class='ocrx_word' id='word_1_120' title='bbox 999 1374 1079 1435; x_wconf 90' lang='lat' dir='ltr'>vulo.</span> 
     </span>
     <span class='ocr_line' id='line_1_15' title="bbox 179 1453 1115 1537; baseline 0 -21"><span class='ocrx_word' id='word_1_121' title='bbox 179 1457 226 1516; x_wconf 84' lang='lat'>17.</span> <span class='ocrx_word' id='word_1_122' title='bbox 254 1455 300 1515; x_wconf 84' lang='lat' dir='ltr'>Ad</span> <span class='ocrx_word' id='word_1_123' title='bbox 321 1457 395 1517; x_wconf 90' lang='lat' dir='ltr'>idem</span> <span class='ocrx_word' id='word_1_124' title='bbox 417 1457 584 1536; x_wconf 83' lang='lat' dir='ltr'>Euelpidis,</span> <span class='ocrx_word' id='word_1_125' title='bbox 614 1458 693 1536; x_wconf 90' lang='lat' dir='ltr'>quod</span> <span class='ocrx_word' id='word_1_126' title='bbox 715 1453 919 1537; x_wconf 79' lang='grc' dir='ltr'><em>μεμιγμένον</em></span> <span class='ocrx_word' id='word_1_127' title='bbox 940 1457 1115 1517; x_wconf 88' lang='lat' dir='ltr'>nominabat.</span> 
     </span>
     <span class='ocr_line' id='line_1_16' title="bbox 84 1541 1115 1620; baseline 0 -20"><span class='ocrx_word' id='word_1_128' title='bbox 84 1551 107 1592; x_wconf 75' lang='lat'>1⁵</span> <span class='ocrx_word' id='word_1_129' title='bbox 117 1541 150 1600; x_wconf 91' lang='lat' dir='ltr'>ln</span> <span class='ocrx_word' id='word_1_130' title='bbox 171 1559 207 1600; x_wconf 93' lang='lat' dir='ltr'>eo</span> <span class='ocrx_word' id='word_1_131' title='bbox 231 1543 386 1619; x_wconf 88' lang='lat' dir='ltr'>papaveris</span> <span class='ocrx_word' id='word_1_132' title='bbox 409 1542 562 1617; x_wconf 88' lang='lat' dir='ltr'>lacrimae,</span> <span class='ocrx_word' id='word_1_133' title='bbox 585 1551 614 1601; x_wconf 88' lang='lat' dir='ltr'>et</span> <span class='ocrx_word' id='word_1_134' title='bbox 636 1541 693 1601; x_wconf 90' lang='lat' dir='ltr'>albi</span> <span class='ocrx_word' id='word_1_135' title='bbox 715 1543 840 1620; x_wconf 90' lang='lat' dir='ltr'>piperis,</span> <span class='ocrx_word' id='word_1_136' title='bbox 863 1542 995 1619; x_wconf 81' lang='lat' dir='ltr'>singulae</span> <span class='ocrx_word' id='word_1_137' title='bbox 1011 1544 1115 1603; x_wconf 87' lang='lat' dir='ltr'>unciae</span> 
     </span>
     <span class='ocr_line' id='line_1_17' title="bbox 117 1625 1114 1705; baseline -0.002 -20"><span class='ocrx_word' id='word_1_138' title='bbox 117 1634 202 1702; x_wconf 93' lang='lat' dir='ltr'>sunt,</span> <span class='ocrx_word' id='word_1_139' title='bbox 230 1626 335 1700; x_wconf 83' lang='lat' dir='ltr'>gummi</span> <span class='ocrx_word' id='word_1_140' title='bbox 357 1625 448 1701; x_wconf 90' lang='lat' dir='ltr'>libra,</span> <span class='ocrx_word' id='word_1_141' title='bbox 475 1627 551 1685; x_wconf 87' lang='lat' dir='ltr'>aeris</span> <span class='ocrx_word' id='word_1_142' title='bbox 575 1625 717 1686; x_wconf 89' lang='lat' dir='ltr'>combusti</span> <span class='ocrx_word' id='word_1_143' title='bbox 743 1645 771 1704; x_wconf 90' lang='lat' dir='ltr'>p.</span> <span class='ocrx_word' id='word_1_144' title='bbox 786 1626 843 1705; x_wconf 85' lang='lat'><strong>)·(·</strong></span> <span class='ocrx_word' id='word_1_145' title='bbox 858 1639 881 1685; x_wconf 92' lang='lat'>1.</span> <span class='ocrx_word' id='word_1_146' title='bbox 904 1645 927 1685; x_wconf 93' lang='lat' dir='ltr'>s.</span> <span class='ocrx_word' id='word_1_147' title='bbox 964 1625 1042 1686; x_wconf 87' lang='lat' dir='ltr'>luter</span> <span class='ocrx_word' id='word_1_148' title='bbox 1061 1626 1114 1685; x_wconf 91' lang='lat' dir='ltr'>bas</span> 
     </span>
     <span class='ocr_line' id='line_1_18' title="bbox 117 1708 1113 1789; baseline 0.001 -22"><span class='ocrx_word' id='word_1_149' title='bbox 117 1718 211 1768; x_wconf 91' lang='lat' dir='ltr'>autem</span> <span class='ocrx_word' id='word_1_150' title='bbox 227 1710 407 1785; x_wconf 87' lang='lat' dir='ltr'>curationes,</span> <span class='ocrx_word' id='word_1_151' title='bbox 426 1718 494 1788; x_wconf 91' lang='lat' dir='ltr'>post</span> <span class='ocrx_word' id='word_1_152' title='bbox 510 1711 750 1770; x_wconf 88' lang='lat' dir='ltr'>intermissionem</span> <span class='ocrx_word' id='word_1_153' title='bbox 765 1711 905 1788; x_wconf 90' lang='lat' dir='ltr'>aliquam,</span> <span class='ocrx_word' id='word_1_154' title='bbox 923 1719 1043 1789; x_wconf 85' lang='lat' dir='ltr'>prosunt</span> <span class='ocrx_word' id='word_1_155' title='bbox 1053 1708 1113 1768; x_wconf 90' lang='lat' dir='ltr'>bal·</span> 
     </span>
     <span class='ocr_line' id='line_1_19' title="bbox 118 1791 1116 1873; baseline 0 -22"><span class='ocrx_word' id='word_1_156' title='bbox 118 1791 201 1851; x_wconf 86' lang='lat' dir='ltr'>neum</span> <span class='ocrx_word' id='word_1_157' title='bbox 227 1801 256 1852; x_wconf 90' lang='lat' dir='ltr'>et</span> <span class='ocrx_word' id='word_1_158' title='bbox 277 1794 381 1853; x_wconf 89' lang='lat' dir='ltr'>vinum.</span> <span class='ocrx_word' id='word_1_159' title='bbox 419 1794 569 1873; x_wconf 79' lang='lat' dir='ltr'>Quumque</span> <span class='ocrx_word' id='word_1_160' title='bbox 584 1793 715 1853; x_wconf 90' lang='lat' dir='ltr'>omnibus</span> <span class='ocrx_word' id='word_1_161' title='bbox 731 1794 918 1873; x_wconf 88' lang='lat' dir='ltr'>lippientibus</span> <span class='ocrx_word' id='word_1_162' title='bbox 934 1793 1039 1853; x_wconf 88' lang='lat' dir='ltr'>vitandi</span> <span class='ocrx_word' id='word_1_163' title='bbox 1057 1791 1116 1851; x_wconf 92' lang='lat' dir='ltr'>cibi</span> 
     </span>
     <span class='ocr_line' id='line_1_20' title="bbox 119 1874 1115 1956; baseline 0 -22"><span class='ocrx_word' id='word_1_164' title='bbox 119 1877 190 1952; x_wconf 90' lang='lat' dir='ltr'>sint,</span> <span class='ocrx_word' id='word_1_165' title='bbox 207 1878 254 1955; x_wconf 93' lang='lat' dir='ltr'>qui</span> <span class='ocrx_word' id='word_1_166' title='bbox 272 1885 442 1947; x_wconf 78' lang='lat' dir='ltr'>extenuant3</span> <span class='ocrx_word' id='word_1_167' title='bbox 462 1887 519 1937; x_wconf 92' lang='lat' dir='ltr'>tum</span> <span class='ocrx_word' id='word_1_168' title='bbox 536 1879 709 1956; x_wconf 87' lang='lat' dir='ltr'>praecipue,</span> <span class='ocrx_word' id='word_1_169' title='bbox 728 1878 830 1956; x_wconf 93' lang='lat' dir='ltr'>quibus</span> <span class='ocrx_word' id='word_1_170' title='bbox 846 1881 938 1938; x_wconf 91' lang='lat' dir='ltr'>tenuis</span> <span class='ocrx_word' id='word_1_171' title='bbox 953 1877 1055 1938; x_wconf 88' lang='lat' dir='ltr'>lrumor</span> <span class='ocrx_word' id='word_1_172' title='bbox 1067 1874 1115 1934; x_wconf 93' lang='lat' dir='ltr'>diu</span> 
     </span>
     <span class='ocr_line' id='line_1_21' title="bbox 82 1959 1113 2040; baseline 0.001 -22"><span class='ocrx_word' id='word_1_173' title='bbox 82 1970 108 2010; x_wconf 80' lang='lat'>2⁰</span> <span class='ocrx_word' id='word_1_174' title='bbox 118 1959 216 2019; x_wconf 83' lang='lat' dir='ltr'>fertur.</span> <span class='ocrx_word' id='word_1_175' title='bbox 239 1960 324 2035; x_wconf 80' lang='lat' dir='ltr'>Quod</span> <span class='ocrx_word' id='word_1_176' title='bbox 340 1963 364 2020; x_wconf 90' lang='lat' dir='ltr'>si</span> <span class='ocrx_word' id='word_1_177' title='bbox 375 1963 436 2036; x_wconf 79' lang='lat' dir='ltr'>Jam</span> <span class='ocrx_word' id='word_1_178' title='bbox 452 1961 594 2021; x_wconf 83' lang='lat' dir='ltr'>fastidium</span> <span class='ocrx_word' id='word_1_179' title='bbox 611 1971 657 2021; x_wconf 90' lang='lat' dir='ltr'>est</span> <span class='ocrx_word' id='word_1_180' title='bbox 672 1979 786 2039; x_wconf 90' lang='lat' dir='ltr'>eorum,</span> <span class='ocrx_word' id='word_1_181' title='bbox 803 1980 876 2040; x_wconf 91' lang='lat' dir='ltr'>quae</span> <span class='ocrx_word' id='word_1_182' title='bbox 892 1963 1019 2040; x_wconf 91' lang='lat' dir='ltr'>pituitam</span> <span class='ocrx_word' id='word_1_183' title='bbox 1035 1978 1113 2020; x_wconf 90' lang='lat' dir='ltr'>cras-</span> 
     </span>
     <span class='ocr_line' id='line_1_22' title="bbox 117 2044 1113 2124; baseline 0.001 -22"><span class='ocrx_word' id='word_1_184' title='bbox 117 2044 224 2103; x_wconf 90' lang='lat' dir='ltr'>siorem</span> <span class='ocrx_word' id='word_1_185' title='bbox 241 2044 379 2120; x_wconf 89' lang='lat' dir='ltr'>reddunt,</span> <span class='ocrx_word' id='word_1_186' title='bbox 398 2047 470 2105; x_wconf 92' lang='lat' dir='ltr'>sient</span> <span class='ocrx_word' id='word_1_187' title='bbox 487 2047 514 2105; x_wconf 96' lang='lat' dir='ltr'>in</span> <span class='ocrx_word' id='word_1_188' title='bbox 531 2046 587 2105; x_wconf 87' lang='lat' dir='ltr'>boc</span> <span class='ocrx_word' id='word_1_189' title='bbox 603 2064 712 2122; x_wconf 87' lang='lat' dir='ltr'>genere</span> <span class='ocrx_word' id='word_1_190' title='bbox 727 2048 863 2105; x_wconf 85' lang='lat' dir='ltr'>materiae</span> <span class='ocrx_word' id='word_1_191' title='bbox 881 2047 1002 2106; x_wconf 83' lang='lat' dir='ltr'>maxime</span> <span class='ocrx_word' id='word_1_192' title='bbox 1019 2062 1113 2124; x_wconf 89' lang='lat' dir='ltr'>prorn-</span> 
     </span>
     <span class='ocr_line' id='line_1_23' title="bbox 118 2123 1113 2208; baseline 0 -22"><span class='ocrx_word' id='word_1_193' title='bbox 118 2123 260 2196; x_wconf 75' lang='lat' dir='ltr'>tnm&#39;est;</span> <span class='ocrx_word' id='word_1_194' title='bbox 296 2129 520 2206; x_wconf 78' lang='lat' dir='ltr'>confugiendum</span> <span class='ocrx_word' id='word_1_195' title='bbox 548 2139 592 2189; x_wconf 92' lang='lat' dir='ltr'>est</span> <span class='ocrx_word' id='word_1_196' title='bbox 618 2129 653 2188; x_wconf 94' lang='lat' dir='ltr'>ad</span> <span class='ocrx_word' id='word_1_197' title='bbox 681 2149 736 2205; x_wconf 91' lang='lat' dir='ltr'>ea,</span> <span class='ocrx_word' id='word_1_198' title='bbox 765 2147 854 2207; x_wconf 88' lang='lat' dir='ltr'>quae,</span> <span class='ocrx_word' id='word_1_199' title='bbox 885 2131 950 2208; x_wconf 91' lang='lat' dir='ltr'>quia</span> <span class='ocrx_word' id='word_1_200' title='bbox 973 2137 1113 2203; x_wconf 89' lang='lat' dir='ltr'>ventrem,</span> 
     </span>
     <span class='ocr_line' id='line_1_24' title="bbox 118 2213 562 2291; baseline 0.005 -21"><span class='ocrx_word' id='word_1_201' title='bbox 118 2227 226 2290; x_wconf 91' lang='lat' dir='ltr'>corpus</span> <span class='ocrx_word' id='word_1_202' title='bbox 241 2229 357 2290; x_wconf 90' lang='lat' dir='ltr'>quoque</span> <span class='ocrx_word' id='word_1_203' title='bbox 373 2213 562 2291; x_wconf 82' lang='lat' dir='ltr'>adstringunt.</span> 
     </span>
     <span class='ocr_line' id='line_1_25' title="bbox 182 2296 1115 2373; baseline 0 -19"><span class='ocrx_word' id='word_1_204' title='bbox 182 2296 231 2357; x_wconf 90' lang='lat'>18.</span> <span class='ocrx_word' id='word_1_205' title='bbox 254 2296 294 2355; x_wconf 81' lang='lat' dir='ltr'>At</span> <span class='ocrx_word' id='word_1_206' title='bbox 310 2296 426 2373; x_wconf 88' lang='lat' dir='ltr'>ulcera,</span> <span class='ocrx_word' id='word_1_207' title='bbox 444 2299 468 2355; x_wconf 91' lang='lat' dir='ltr'>si</span> <span class='ocrx_word' id='word_1_208' title='bbox 485 2316 548 2356; x_wconf 91' lang='lat' dir='ltr'>cum</span> <span class='ocrx_word' id='word_1_209' title='bbox 563 2298 783 2358; x_wconf 85' lang='lat' dir='ltr'>inflammatione</span> <span class='ocrx_word' id='word_1_210' title='bbox 800 2297 876 2356; x_wconf 88' lang='lat' dir='ltr'>finita</span> <span class='ocrx_word' id='word_1_211' title='bbox 891 2314 949 2355; x_wconf 91' lang='lat' dir='ltr'>non</span> <span class='ocrx_word' id='word_1_212' title='bbox 965 2304 1043 2373; x_wconf 93' lang='lat' dir='ltr'>sunt,</span> <span class='ocrx_word' id='word_1_213' title='bbox 1066 2304 1115 2355; x_wconf 92' lang='lat' dir='ltr'>aut</span> 
     </span>
     <span class='ocr_line' id='line_1_26' title="bbox 84 2381 1114 2458; baseline 0.003 -22"><span class='ocrx_word' id='word_1_214' title='bbox 84 2388 109 2427; x_wconf 64' lang='lat'>²³</span> <span class='ocrx_word' id='word_1_215' title='bbox 119 2382 389 2455; x_wconf 89' lang='lat' dir='ltr'>supercrescentia,</span> <span class='ocrx_word' id='word_1_216' title='bbox 405 2390 452 2441; x_wconf 93' lang='lat' dir='ltr'>aut</span> <span class='ocrx_word' id='word_1_217' title='bbox 468 2381 600 2458; x_wconf 93' lang='lat' dir='ltr'>sordida,</span> <span class='ocrx_word' id='word_1_218' title='bbox 619 2391 666 2441; x_wconf 92' lang='lat' dir='ltr'>aut</span> <span class='ocrx_word' id='word_1_219' title='bbox 679 2400 765 2458; x_wconf 88' lang='lat' dir='ltr'>cava,</span> <span class='ocrx_word' id='word_1_220' title='bbox 782 2390 830 2440; x_wconf 89' lang='lat' dir='ltr'>aut</span> <span class='ocrx_word' id='word_1_221' title='bbox 842 2388 922 2440; x_wconf 88' lang='lat' dir='ltr'>certe</span> <span class='ocrx_word' id='word_1_222' title='bbox 933 2389 1032 2440; x_wconf 88' lang='lat' dir='ltr'>vetera</span> <span class='ocrx_word' id='word_1_223' title='bbox 1048 2397 1114 2439; x_wconf 88' lang='lat' dir='ltr'>esse</span> 
     </span>
     <span class='ocr_line' id='line_1_27' title="bbox 120 2463 1115 2544; baseline 0.004 -24"><span class='ocrx_word' id='word_1_224' title='bbox 120 2471 303 2521; x_wconf 90' lang='lat' dir='ltr'>consuerunt.</span> <span class='ocrx_word' id='word_1_225' title='bbox 339 2463 385 2523; x_wconf 83' lang='lat' dir='ltr'>Ex</span> <span class='ocrx_word' id='word_1_226' title='bbox 406 2465 450 2524; x_wconf 90' lang='lat' dir='ltr'>bis</span> <span class='ocrx_word' id='word_1_227' title='bbox 468 2467 722 2544; x_wconf 90' lang='lat' dir='ltr'>supercrescentia</span> <span class='ocrx_word' id='word_1_228' title='bbox 739 2465 880 2541; x_wconf 86' lang='lat' dir='ltr'>collyrio,</span> <span class='ocrx_word' id='word_1_229' title='bbox 904 2464 981 2542; x_wconf 93' lang='lat' dir='ltr'>quod</span> <span class='ocrx_word' id='word_1_230' title='bbox 996 2483 1115 2542; x_wconf 80' lang='grc' dir='ltr'><em>μεμιγ-</em></span> 
     </span>
     <span class='ocr_line' id='line_1_28' title="bbox 117 2539 1114 2628; baseline 0.003 -24"><span class='ocrx_word' id='word_1_231' title='bbox 117 2539 221 2624; x_wconf 81' lang='grc' dir='ltr'><em>μένον</em></span> <span class='ocrx_word' id='word_1_232' title='bbox 244 2555 380 2624; x_wconf 89' lang='lat' dir='ltr'>vocatur,</span> <span class='ocrx_word' id='word_1_233' title='bbox 402 2549 510 2626; x_wconf 89' lang='lat' dir='ltr'>optimc</span> <span class='ocrx_word' id='word_1_234' title='bbox 532 2551 732 2628; x_wconf 88' lang='lat' dir='ltr'>reprimuntur.</span> <span class='ocrx_word' id='word_1_235' title='bbox 770 2548 893 2609; x_wconf 87' lang='lat' dir='ltr'>Sordida</span> <span class='ocrx_word' id='word_1_236' title='bbox 910 2558 1068 2627; x_wconf 80' lang='lat' dir='ltr'>purgantur</span> <span class='ocrx_word' id='word_1_237' title='bbox 1084 2556 1114 2607; x_wconf 93' lang='lat' dir='ltr'>et</span> 
     </span>
     <span class='ocr_line' id='line_1_29' title="bbox 119 2628 787 2711; baseline 0.007 -25"><span class='ocrx_word' id='word_1_238' title='bbox 119 2628 236 2705; x_wconf 91' lang='lat' dir='ltr'>eodem,</span> <span class='ocrx_word' id='word_1_239' title='bbox 255 2638 285 2688; x_wconf 89' lang='lat' dir='ltr'>et</span> <span class='ocrx_word' id='word_1_240' title='bbox 300 2648 355 2704; x_wconf 86' lang='lat' dir='ltr'>ec,</span> <span class='ocrx_word' id='word_1_241' title='bbox 374 2632 451 2709; x_wconf 89' lang='lat' dir='ltr'>quod</span> <span class='ocrx_word' id='word_1_242' title='bbox 468 2631 602 2711; x_wconf 78' lang='grc' dir='ltr'><em>σμιλίον</em></span> <span class='ocrx_word' id='word_1_243' title='bbox 616 2634 787 2693; x_wconf 87' lang='lat' dir='ltr'>nominatur.</span> 
     </span>
    </p>

    <p class='ocr_par' dir='ltr' id='par_1_3' title="bbox 83 2713 1114 2961">
     <span class='ocr_line' id='line_1_30' title="bbox 181 2713 1113 2796; baseline 0.002 -25"><span class='ocrx_word' id='word_1_244' title='bbox 181 2713 230 2773; x_wconf 85' lang='lat'>19.</span> <span class='ocrx_word' id='word_1_245' title='bbox 261 2713 355 2773; x_wconf 91' lang='lat' dir='ltr'>Habet</span> <span class='ocrx_word' id='word_1_246' title='bbox 370 2718 515 2793; x_wconf 85' lang='lat' dir='ltr'>aeruginis</span> <span class='ocrx_word' id='word_1_247' title='bbox 536 2736 565 2795; x_wconf 93' lang='lat' dir='ltr'>p.</span> <span class='ocrx_word' id='word_1_248' title='bbox 580 2715 635 2796; x_wconf 87' lang='lat'>)·(.</span> <span class='ocrx_word' id='word_1_249' title='bbox 652 2731 697 2776; x_wconf 77' lang='grc' dir='ltr'>Ν.</span> <span class='ocrx_word' id='word_1_250' title='bbox 718 2716 1032 2794; x_wconf 83' lang='lat' dir='ltr'>gummistantumdem,</span> <span class='ocrx_word' id='word_1_251' title='bbox 1057 2733 1113 2774; x_wconf 88' lang='lat' dir='ltr'>am·</span> 
     </span>
     <span class='ocr_line' id='line_1_31' title="bbox 83 2797 1114 2879; baseline 0.003 -26"><span class='ocrx_word' id='word_1_252' title='bbox 83 2802 109 2844; x_wconf 74' lang='lat'>³⁰</span> <span class='ocrx_word' id='word_1_253' title='bbox 120 2797 259 2872; x_wconf 89' lang='lat' dir='ltr'>moniaci,</span> <span class='ocrx_word' id='word_1_254' title='bbox 275 2797 352 2855; x_wconf 90' lang='lat' dir='ltr'>minii</span> <span class='ocrx_word' id='word_1_255' title='bbox 364 2799 501 2878; x_wconf 90' lang='lat' dir='ltr'>sinopici,</span> <span class='ocrx_word' id='word_1_256' title='bbox 519 2800 697 2878; x_wconf 81' lang='lat' dir='ltr'>singulorum</span> <span class='ocrx_word' id='word_1_257' title='bbox 714 2820 741 2879; x_wconf 90' lang='lat' dir='ltr'>p.</span> <span class='ocrx_word' id='word_1_258' title='bbox 753 2800 809 2879; x_wconf 91' lang='lat'>)·(.</span> <span class='ocrx_word' id='word_1_259' title='bbox 823 2813 894 2860; x_wconf 87' lang='lat' dir='ltr'>xv1.</span> <span class='ocrx_word' id='word_1_260' title='bbox 911 2817 985 2877; x_wconf 89' lang='lat' dir='ltr'>quae</span> <span class='ocrx_word' id='word_1_261' title='bbox 1001 2798 1114 2875; x_wconf 88' lang='lat' dir='ltr'>quidam</span> 
     </span>
     <span class='ocr_line' id='line_1_32' title="bbox 119 2881 1076 2961; baseline 0 -24"><span class='ocrx_word' id='word_1_262' title='bbox 119 2897 157 2938; x_wconf 83' lang='lat' dir='ltr'>ex</span> <span class='ocrx_word' id='word_1_263' title='bbox 171 2897 261 2956; x_wconf 90' lang='lat' dir='ltr'>aqua,</span> <span class='ocrx_word' id='word_1_264' title='bbox 280 2881 409 2958; x_wconf 90' lang='lat' dir='ltr'>quidam,</span> <span class='ocrx_word' id='word_1_265' title='bbox 426 2903 482 2961; x_wconf 88' lang='lat' dir='ltr'>quo</span> <span class='ocrx_word' id='word_1_266' title='bbox 498 2884 714 2944; x_wconf 89' lang='lat' dir='ltr'>vehementiora</span> <span class='ocrx_word' id='word_1_267' title='bbox 729 2887 799 2959; x_wconf 88' lang='lat' dir='ltr'>sint,</span> <span class='ocrx_word' id='word_1_268' title='bbox 818 2901 855 2942; x_wconf 85' lang='lat' dir='ltr'>ex</span> <span class='ocrx_word' id='word_1_269' title='bbox 871 2891 954 2943; x_wconf 90' lang='lat' dir='ltr'>aceto</span> <span class='ocrx_word' id='word_1_270' title='bbox 971 2889 1076 2939; x_wconf 92' lang='lat' dir='ltr'>terunt.</span> 
     </span>
    </p>

    <p class='ocr_par' dir='ltr' id='par_1_4' title="bbox 117 2960 1115 3212">
     <span class='ocr_line' id='line_1_33' title="bbox 180 2960 1113 3045; baseline 0 -23"><span class='ocrx_word' id='word_1_271' title='bbox 180 2963 230 3023; x_wconf 82' lang='lat'>20.</span> <span class='ocrx_word' id='word_1_272' title='bbox 255 2963 287 3024; x_wconf 98' lang='lat' dir='ltr'>ld</span> <span class='ocrx_word' id='word_1_273' title='bbox 304 2982 419 3044; x_wconf 89' lang='lat' dir='ltr'>quoque</span> <span class='ocrx_word' id='word_1_274' title='bbox 435 2967 598 3045; x_wconf 89' lang='lat' dir='ltr'>Euelpidis,</span> <span class='ocrx_word' id='word_1_275' title='bbox 615 2968 693 3045; x_wconf 93' lang='lat' dir='ltr'>quod</span> <span class='ocrx_word' id='word_1_276' title='bbox 707 2966 848 3043; x_wconf 80' lang='grc' dir='ltr'><em>χείρωνοι</em></span> <span class='ocrx_word' id='word_1_277' title='bbox 864 2962 1040 3044; x_wconf 84' lang='lat' dir='ltr'>appellabat,</span> <span class='ocrx_word' id='word_1_278' title='bbox 1053 2960 1113 3022; x_wconf 90' lang='lat' dir='ltr'>huc</span> 
     </span>
     <span class='ocr_line' id='line_1_34' title="bbox 117 3046 1113 3130; baseline -0.002 -25"><span class='ocrx_word' id='word_1_279' title='bbox 117 3047 187 3106; x_wconf 89' lang='lat' dir='ltr'>utile</span> <span class='ocrx_word' id='word_1_280' title='bbox 203 3056 262 3107; x_wconf 90' lang='lat' dir='ltr'>est:</span> <span class='ocrx_word' id='word_1_281' title='bbox 287 3046 375 3109; x_wconf 80' lang='lat' dir='ltr'>Croci</span> <span class='ocrx_word' id='word_1_282' title='bbox 390 3069 418 3128; x_wconf 94' lang='lat' dir='ltr'>p.</span> <span class='ocrx_word' id='word_1_283' title='bbox 435 3051 491 3130; x_wconf 86' lang='lat'>)·(.</span> <span class='ocrx_word' id='word_1_284' title='bbox 507 3065 529 3110; x_wconf 92' lang='lat'>1.</span> <span class='ocrx_word' id='word_1_285' title='bbox 547 3052 701 3129; x_wconf 87' lang='lat' dir='ltr'>papaveris</span> <span class='ocrx_word' id='word_1_286' title='bbox 717 3050 862 3123; x_wconf 89' lang='lat' dir='ltr'>lacrimae,</span> <span class='ocrx_word' id='word_1_287' title='bbox 879 3047 1010 3124; x_wconf 80' lang='lat' dir='ltr'>gummis,</span> <span class='ocrx_word' id='word_1_288' title='bbox 1018 3047 1113 3120; x_wconf 84' lang='lat' dir='ltr'>singu·</span> 
     </span>
     <span class='ocr_line' id='line_1_35' title="bbox 117 3129 1115 3212; baseline -0.002 -23"><span class='ocrx_word' id='word_1_289' title='bbox 117 3131 209 3190; x_wconf 91' lang='lat' dir='ltr'>lorum</span> <span class='ocrx_word' id='word_1_290' title='bbox 226 3150 252 3210; x_wconf 87' lang='lat' dir='ltr'>p.</span> <span class='ocrx_word' id='word_1_291' title='bbox 264 3133 320 3212; x_wconf 91' lang='lat'>)·(.</span> <span class='ocrx_word' id='word_1_292' title='bbox 335 3145 368 3193; x_wconf 85' lang='grc' dir='ltr'>ΙΙ.</span> <span class='ocrx_word' id='word_1_293' title='bbox 384 3137 461 3194; x_wconf 89' lang='lat' dir='ltr'>aeris</span> <span class='ocrx_word' id='word_1_294' title='bbox 473 3134 614 3195; x_wconf 90' lang='lat' dir='ltr'>combusti</span> <span class='ocrx_word' id='word_1_295' title='bbox 627 3143 656 3193; x_wconf 88' lang='lat' dir='ltr'>et</span> <span class='ocrx_word' id='word_1_296' title='bbox 668 3135 754 3208; x_wconf 89' lang='lat' dir='ltr'>eloti,</span> <span class='ocrx_word' id='word_1_297' title='bbox 771 3132 919 3208; x_wconf 75' lang='lat' dir='ltr'>myrrhae,</span> <span class='ocrx_word' id='word_1_298' title='bbox 935 3129 1115 3207; x_wconf 82' lang='lat' dir='ltr'>singulorum</span> 
     </span>
    </p>

    <p class='ocr_par' dir='ltr' id='par_1_5' title="bbox 83 3212 1115 3375">
     <span class='ocr_line' id='line_1_36' title="bbox 83 3212 1115 3297; baseline -0.003 -23"><span class='ocrx_word' id='word_1_299' title='bbox 83 3225 147 3293; x_wconf 78' lang='lat' dir='ltr'>³⁵p.</span> <span class='ocrx_word' id='word_1_300' title='bbox 164 3215 220 3295; x_wconf 90' lang='lat'>)·(.</span> <span class='ocrx_word' id='word_1_301' title='bbox 235 3229 282 3275; x_wconf 86' lang='lat' dir='ltr'>lv.</span> <span class='ocrx_word' id='word_1_302' title='bbox 307 3219 417 3295; x_wconf 88' lang='lat' dir='ltr'>piperis</span> <span class='ocrx_word' id='word_1_303' title='bbox 438 3219 495 3278; x_wconf 84' lang='lat' dir='ltr'>albi</span> <span class='ocrx_word' id='word_1_304' title='bbox 517 3237 545 3297; x_wconf 92' lang='lat' dir='ltr'>p.</span> <span class='ocrx_word' id='word_1_305' title='bbox 562 3216 617 3296; x_wconf 90' lang='lat'>)·(.</span> <span class='ocrx_word' id='word_1_306' title='bbox 635 3231 681 3277; x_wconf 83' lang='lat' dir='ltr'>vl.</span> <span class='ocrx_word' id='word_1_307' title='bbox 719 3216 777 3276; x_wconf 85' lang='lat' dir='ltr'>Sed</span> <span class='ocrx_word' id='word_1_308' title='bbox 799 3223 863 3274; x_wconf 91' lang='lat' dir='ltr'>ante</span> <span class='ocrx_word' id='word_1_309' title='bbox 885 3215 959 3292; x_wconf 90' lang='lat' dir='ltr'>leni,</span> <span class='ocrx_word' id='word_1_310' title='bbox 983 3224 1042 3274; x_wconf 94' lang='lat' dir='ltr'>tum</span> <span class='ocrx_word' id='word_1_311' title='bbox 1056 3212 1115 3271; x_wconf 66' lang='lat' dir='ltr'>ber</span> 
     </span>
     <span class='ocr_line' id='line_1_37' title="bbox 117 3299 381 3375; baseline 0.015 -19"><span class='ocrx_word' id='word_1_312' title='bbox 117 3299 310 3375; x_wconf 86' lang='lat' dir='ltr'>inungendum</span> <span class='ocrx_word' id='word_1_313' title='bbox 327 3310 381 3360; x_wconf 90' lang='lat' dir='ltr'>est.</span> 
     </span>
    </p>

    <p class='ocr_par' dir='ltr' id='par_1_6' title="bbox 118 3382 1043 3550">
     <span class='ocr_line' id='line_1_38' title="bbox 181 3382 1043 3464; baseline -0.003 -21"><span class='ocrx_word' id='word_1_314' title='bbox 181 3383 231 3443; x_wconf 84' lang='lat'>21.</span> <span class='ocrx_word' id='word_1_315' title='bbox 260 3384 293 3444; x_wconf 96' lang='lat' dir='ltr'>ld</span> <span class='ocrx_word' id='word_1_316' title='bbox 309 3403 425 3463; x_wconf 89' lang='lat' dir='ltr'>quoquc</span> <span class='ocrx_word' id='word_1_317' title='bbox 441 3385 585 3462; x_wconf 88' lang='lat' dir='ltr'>ejusdem,</span> <span class='ocrx_word' id='word_1_318' title='bbox 600 3385 678 3463; x_wconf 94' lang='lat' dir='ltr'>quod</span> <span class='ocrx_word' id='word_1_319' title='bbox 693 3383 853 3464; x_wconf 79' lang='grc' dir='ltr'><em>σφαιρίον</em></span> <span class='ocrx_word' id='word_1_320' title='bbox 868 3382 1043 3456; x_wconf 76' lang='lat' dir='ltr'>nominabat,</span> 
     </span>
     <span class='ocr_line' id='line_1_39' title="bbox 118 3466 1043 3550; baseline 0.001 -25"><span class='ocrx_word' id='word_1_321' title='bbox 118 3466 183 3526; x_wconf 83' lang='lat' dir='ltr'>dem</span> <span class='ocrx_word' id='word_1_322' title='bbox 197 3469 289 3528; x_wconf 84' lang='lat' dir='ltr'>valet:</span> <span class='ocrx_word' id='word_1_323' title='bbox 322 3468 437 3547; x_wconf 89' lang='lat' dir='ltr'>Lapidis</span> <span class='ocrx_word' id='word_1_324' title='bbox 453 3469 614 3529; x_wconf 89' lang='lat' dir='ltr'>haematitis</span> <span class='ocrx_word' id='word_1_325' title='bbox 631 3469 699 3529; x_wconf 88' lang='lat' dir='ltr'>cloti</span> <span class='ocrx_word' id='word_1_326' title='bbox 716 3488 742 3548; x_wconf 93' lang='lat' dir='ltr'>p.</span> <span class='ocrx_word' id='word_1_327' title='bbox 755 3469 810 3550; x_wconf 89' lang='lat'>)·(.</span> <span class='ocrx_word' id='word_1_328' title='bbox 821 3483 845 3530; x_wconf 88' lang='lat'>1.</span> <span class='ocrx_word' id='word_1_329' title='bbox 857 3488 883 3546; x_wconf 87' lang='lat' dir='ltr'>a,</span> <span class='ocrx_word' id='word_1_330' title='bbox 899 3467 1009 3548; x_wconf 86' lang='lat' dir='ltr'>piperis</span> <span class='ocrx_word' id='word_1_331' title='bbox 1024 3478 1043 3541; x_wconf 73' lang='grc'>1</span> 
     </span>
    </p>
   </div>
   <div class='ocr_carea' id='block_1_3' title="bbox 0 0 1212 3924">
    <p class='ocr_par' dir='ltr' id='par_1_7' title="bbox 0 0 1212 3924">
     <span class='ocr_line' id='line_1_40' title="bbox 0 0 1212 3924; baseline 0 0"><span class='ocrx_word' id='word_1_332' title='bbox 0 0 1212 3924; x_wconf 95' lang='lat' dir='ltr'> </span> 
     </span>
    </p>
   </div>
  </div>
 </body>
</html>
