2414 3924
462 201 680 265 ..49-

58 364 145 426 quem
169 344 280 406 Graeci
302 360 415 404 narccn
441 351 488 406 tes
517 352 650 407 esteseos
674 357 792 422 vocant,
822 350 978 430 aliquando
1007 371 1076 414 cum
1110 369 1151 410 ne.

57 445 174 496 tumore
205 441 236 496 et
263 432 421 513 aliquando
450 436 514 495 sine
542 443 673 517 tumore,
704 436 861 516 aliquando
894 458 962 500 cum
994 441 1075 531 largo
1086 422 1168 512 Ψ

55 525 202 585 reumatis
228 525 355 584 incursu
383 530 414 583 et
441 522 598 602 aliquando
625 543 693 586 cum
722 525 880 604 gravedine
904 535 934 588 et
963 528 1075 605 dolore,

55 611 217 692 aliquando
239 618 339 672 autem
362 618 483 690 praeter
505 614 577 693 ipsa.

144 703 177 761 in
202 698 408 762 curationibus
430 718 502 761 vero
525 703 551 761 si
574 701 724 763 modicum
752 702 864 763 fervida
891 705 983 765 luerit
1005 719 1102 767 ocu-s

56 789 155 851 lorum
182 788 384 870 perturbatio,
412 807 503 869 posca
530 789 630 869 tepida
657 791 843 852 fomentabis.
881 795 906 853 sl
938 811 1008 853 raro
1039 812 1076 855 ex

56 879 252 958 perfrictione
280 877 373 938 fuerit
398 877 599 964 perturbatio,
626 879 772 959 penicillis
798 881 883 960 prius
912 880 1016 942 calidis
1039 901 1074 943 ex

57 971 122 1028 rino
157 969 253 1027 mixto
285 965 352 1026 albo
384 966 497 1028 alterna
524 969 688 1028 mutatione
716 967 880 1048 vaporabis.
925 972 972 1029 sin
1004 989 1074 1031 raro

59 1059 151 1116 maior
178 1056 273 1116 luerit
300 1053 385 1115 dolor
412 1073 481 1116 cnm
507 1057 622 1135 ingenti
649 1063 766 1117 tumore
790 1064 820 1118 et
849 1058 1020 1137 gravedine,
1045 1067 1075 1120 et

59 1149 81 1205 ri
108 1145 271 1205 inlronte
299 1143 403 1222 plenae
430 1161 464 1204 ac
492 1144 638 1205 distentae
669 1147 871 1226 apparuerint¹
887 1162 992 1228 venae,
1025 1146 1074 1208 de·
1089 1162 1115 1202 ιο

59 1234 164 1294 tractio
191 1233 345 1311 sanguinis
376 1248 431 1312 per
453 1232 653 1293 llebotomiam
676 1233 741 1294 lieri
764 1240 894 1316 oportet,
913 1235 960 1296 'si
975 1243 1074 1296 tamen

60 1322 104 1383 alii
128 1321 275 1382 humores
292 1337 353 1381 uon
375 1321 566 1401 impedierint
588 1329 747 1401 augmento
768 1323 846 1383 lacto
869 1334 923 1406 per
944 1323 1074 1403 aliquam

60 1411 265 1472 obtrusionem
291 1410 444 1470 interioris
472 1409 606 1471 membri.
653 1411 732 1490 quod
760 1413 785 1471 si
817 1410 873 1472 hoc
899 1414 1075 1493 contigerit,

61 1499 222 1561 cathartico
246 1498 313 1558 dato
332 1505 467 1559 ventrem
490 1498 639 1579 purgabis.
675 1499 820 1560 utendum
840 1502 928 1560 etiam
950 1503 982 1561 iu
1001 1503 1074 1581 ipsis

61 1588 151 1649 oculis
170 1585 292 1666 liquidis
310 1586 511 1648 inlusionibus
529 1605 565 1648 ex
583 1588 660 1648 laeui
679 1591 778 1666 graeci
797 1607 869 1649 suco
887 1588 984 1650 lenius
1003 1606 1073 1650 con·
1089 1605 1114 1646 15

60 1677 151 1737 lectis.
202 1673 278 1735 bene
311 1682 411 1736 autem
441 1676 474 1737 fit
505 1677 531 1736 si
563 1677 682 1737 laeuum
714 1694 853 1756 graecum
886 1696 960 1756 aqua
994 1677 1074 1738 dulci

60 1768 153 1843 primo
184 1763 312 1846 lavetur,
340 1771 374 1824 ut
401 1773 517 1824 terrosa
545 1773 644 1826 careat
672 1766 822 1844 qualitate.
864 1775 894 1827 et
916 1773 1073 1844 postquam

60 1853 148 1914 luerit
173 1853 270 1913 lotum
300 1852 449 1914 modicum
477 1870 601 1932 coques,
627 1861 662 1913 ut
690 1871 809 1914 omnem
836 1853 1006 1914 acredinem
1037 1872 1074 1914 ex

60 1959 90 2002 se
112 1941 256 2022 dimittat,
279 1950 310 2002 et
328 1942 459 2002 secunda
476 1960 558 2021 -aqua
580 1944 690 2003 iterum
710 1961 821 2021 coques
845 1942 947 2002 delusa
971 1943 1072 2021 priori.

59 2039 86 2091 et
108 2049 180 2092 cum
204 2029 313 2090 videris
337 2039 443 2091 sucum
465 2033 567 2091 venire
590 2033 621 2091 in
641 2031 865 2092 similitudinem
883 2032 956 2111 vini,
980 2030 1072 2109 liqua-
1088 2049 1113 2088 20

127 2315 143 2361 1
163 2307 223 2361 Hic
246 2270 307 2361 cum
324 2307 407 2362 initio
421 2324 451 2376 p.
471 2313 529 2363 206
547 2323 645 2362 rursus
665 2309 765 2377 incipit
788 2324 821 2377 9,
844 2310 884 2362 sic
906 2310 1007 2376 (rubr.)
1032 2310 1074 2362 Ad

57 2380 204 2434 oculorum
218 2378 276 2432 dol.
306 2377 456 2432 Oculorum
470 2379 551 2433 dolor
564 2381 606 2432 est
620 2395 703 2448 quem
717 2380 794 2448 greci
807 2380 945 2434 narcodus
956 2380 1074 2434 esteseos

57 2453 167 2506 vocant.
207 2453 236 2504 et
255 2449 288 2503 fit
305 2449 456 2517 aliquando
476 2467 539 2504 cum
558 2451 667 2504 tumore
687 2455 733 2505 etc.
815 2466 910 2518 quem:
937 2451 1073 2519 q(qu0d)

56 2556 97 2607 cp.
168 2521 401 2594 teodofestosseos
415 2555 446 2608 p,
465 2537 600 2592 narcodes
616 2538 735 2593 esteleos
750 2555 772 2592 c.
845 2540 905 2592 iet
920 2557 945 2593 c:
965 2555 1015 2593 om.
1029 2555 1073 2608 gp.

57 2617 74 2664 3
92 2610 230 2664 reumatis
248 2611 361 2664 incursu
380 2627 405 2664 c:
429 2609 603 2664 reumatismi
622 2626 704 2663 cursu
722 2626 748 2679 p,
767 2609 951 2663 reumatisimi
969 2609 1016 2664 rel
1035 2609 1074 2678 (Γ)

57 2697 140 2735 cursu
159 2698 245 2736 sensu
262 2683 361 2750 (sic)p
383 2681 607 2747 (reumatismum
626 2682 725 2748 recepit
743 2682 824 2734 etiam
844 2681 938 2748 Petu).
1047 2682 1076 2734 et

53 2767 101 2820 gc:
121 2768 171 2806 orn.
189 2769 219 2821 p.
303 2753 432 2806 tantem
448 2769 478 2821 g:
498 2768 548 2806 om.
568 2768 609 2820 cp.
686 2752 778 2821 ipsam
793 2769 822 2820 p.
896 2750 1076 2805 inmodicum

55 2822 178 2877 fervide:
199 2824 312 2879 modice
328 2822 450 2877 iferrida
468 2840 494 2888 c,
513 2823 627 2876 modice
646 2823 675 2876 et
693 2823 711 2878 f.
730 2839 775 2891 gp.
881 2830 896 2876 6
915 2824 944 2876 to
964 2821 1013 2875 ida
1030 2839 1074 2890 pc:

53 2890 183 2962 fetidap
202 2895 259 2962 (scd
277 2896 309 2948 in
327 2911 413 2964 marg.
432 2895 503 2948 idem
553 2893 656 2963 frigida
670 2893 787 2960 credet).
861 2898 876 2946 7
895 2841 1076 2962 perfrictione

53 2982 99 3034 pc:
121 2966 271 3020 —catione
285 2982 316 3034 p.
390 2972 406 3020 8
426 2965 475 3018 Sin
493 2981 536 3033 pc:
557 2963 631 3033 Sip.
719 2969 752 3016 10
772 2967 880 3034 appuei
898 2965 961 3032 (sic)
979 2980 997 3031 9
1015 2963 1076 3030 (ap-

54 3036 203 3106 paruerint
222 3038 274 3104 cp).
361 3036 534 3090 detractione
554 3051 595 3103 cp.
687 3041 720 3088 13
740 3034 902 3105 contiger
921 3034 1006 3102 (-rit
1025 3033 1075 3098 cp).

54 3114 89 3161 14
108 3108 140 3160 in
160 3108 268 3162 addidi.
358 3106 427 3176 ipsis
447 3106 535 3160 oculis
554 3108 613 3174 (om.
634 3104 674 3174 in)
693 3123 737 3175 pc:
757 3107 793 3160 ad
813 3106 908 3160 oculos
923 3122 953 3172 p.
1043 3107 1076 3153 15

52 3178 145 3232 levius
166 3196 189 3233 c.
263 3185 297 3232 16
311 3178 484 3248 fenigrecum
497 3179 549 3244 (sic
561 3193 594 3246 p,
612 3175 713 3230 fenu—
725 3181 760 3245 p)
779 3193 853 3245 aqua
866 3193 911 3245 pp,
930 3172 1024 3240 fenng'
1040 3176 1075 3224 cir

53 3248 154 3320 aliqua
173 3267 195 3304 c.
271 3255 303 3303 17
322 3252 402 3303 ut-
417 3248 554 3318 qualitate
572 3265 589 3317 q
609 3251 654 3314 (cui
672 3255 769 3302 cerose
789 3252 883 3302 carent
901 3244 1017 3300 calitete
1038 3247 1078 3316 c)=

53 3324 86 3375 ut
99 3321 217 3376 omnino
231 3321 308 3376 terre
321 3322 416 3374 careat
425 3337 454 3388 p.
530 3326 563 3373 18
577 3322 613 3388 (et
628 3323 671 3386 19)
689 3325 742 3387 coq
754 3336 772 3388 p
786 3320 902 3388 (coques
917 3334 938 3382 c,
953 3320 1019 3385 coqs
1028 3315 1070 3381 p).

56 3399 88 3447 ta
108 3391 240 3446 dimittat
257 3407 302 3461 pc:
320 3392 445 3461 deponat
459 3409 488 3460 p.
576 3389 676 3459 priori:
695 3391 735 3443 sic
753 3405 812 3458 pop.
906 3394 940 3440 20
958 3387 1042 3441 videi
1060 3399 1078 3452 9

55 3463 142 3532 l-ris
160 3466 216 3531 cr)-

108 3561 235 3602 casatus
249 3561 349 3614 Felix,
363 3562 398 3602 ed.
411 3564 439 3605 V.
453 3563 519 3602 Rosa.
901 3553 918 3598 4
