2414 3924
535 209 778 275 „145-

146 360 175 422 id
207 368 253 420 est
282 359 463 438 dimissoria,
495 362 614 436 oportet
645 355 811 435 cumprime
839 365 992 435 aegrotum
1022 357 1163 438 ydrelaeo

147 447 240 510 calido
268 453 449 527 perunctum
476 445 573 506 lavare
601 443 735 506 calidiori
761 443 877 506 lavacro
908 462 946 505 ex
973 464 1048 525 aqua
1080 447 1162 512 dulci

145 544 333 617 praeparato,
366 542 397 595 et
428 536 553 594 maxime
585 532 652 593 illos
681 532 866 595 lavacrorum
898 541 1059 616 amatores,
1085 555 1163 616 quos

145 623 252 686 Graeci
282 615 483 685 filolutrnntas
514 621 671 702 appellant
717 629 747 681 et
779 629 937 701 postquam
970 623 1162 688 calidioribus

87 708 89 712 ’
115 726 132 768 a
147 713 229 775 cellis
248 731 388 792 egressus
407 712 507 794 fuerit,
525 713 557 772 in
575 712 719 789 piscinam
738 708 921 772 descendere
939 711 1039 774 facies.
1068 717 1161 776 etiam

145 811 176 864 et
199 803 301 864 ruinas
319 801 447 881 simplici
465 802 626 879 apozimate
649 797 825 878 provocabis
842 818 880 859 ex
904 799 1079 863 decoctione
1101 807 1161 884 apii

144 901 177 952 et
210 893 302 973 aneti,
334 908 393 969 qno
426 891 521 968 possit
551 887 660 949 humor
691 887 742 949 ille
769 887 880 949 fellitos
904 906 960 968 per
985 893 1088 952 urinas
1110 893 1161 954 de-

145 981 276 1060 purgari.
312 981 381 1039 rino
404 995 474 1038 vero
498 986 657 1057 antequam
675 976 829 1056 aegritudo
852 979 959 1056 pepsiu
982 978 1070 1041 faciat
1092 999 1161 1060 prc-

146 1067 271 1130 lribebis.
307 1075 464 1147 postquam
488 1084 559 1126 raro
582 1066 689 1127 fecerit
710 1067 829 1146 papeia,
852 1073 943 1126 tenne
967 1075 997 1127 et
1020 1077 1162 1147 aquatum

106 1173 132 1212 1⁰
147 1157 302 1218 concedes.
344 1163 375 1217 et
398 1155 523 1216 muham
550 1153 687 1233 frigidam
710 1152 766 1215 sub
794 1153 868 1214 hora
890 1157 1070 1217 accessionis
1092 1167 1162 1237 post

147 1248 272 1325 primam
299 1244 456 1324 periodum
482 1245 567 1323 potui
595 1241 691 1323 dabis,
720 1244 859 1321 quoniam
887 1242 926 1303 fel
953 1243 1096 1326 rubeum,
1124 1265 1160 1308 ex

148 1352 206 1412 quo
240 1350 328 1393 causa
360 1339 509 1413 movetur,
543 1349 634 1411 super
665 1348 769 1392 omnes
801 1330 942 1393 humores
975 1333 1006 1393 in
1033 1352 1162 1412 corpore

148 1425 225 1482 sicca
248 1428 279 1482 et
302 1439 400 1481 amara
422 1423 531 1481 virtute
554 1422 646 1500 viget,
669 1419 795 1498 ideoque
815 1427 958 1500 utsupra
981 1421 1163 1483 dictumest

148 1517 352 1590 competenter
383 1508 581 1570 humectando
614 1516 645 1568 et
676 1509 880 1587 refrigerando
913 1517 944 1570 at
975 1508 1161 1571 obdulcando

108 1614 134 1654 m
148 1597 273 1660 sanabis.
315 1599 358 1658 sic
387 1599 466 1658 enim
493 1599 592 1658 omnia
619 1597 777 1657 contrariis
805 1595 862 1657 sibi
889 1595 980 1659 rebus
1007 1607 1161 1660 curantur.

236 1687 362 1767 fysicum
380 1686 416 1746 ad
435 1694 538 1766 typum
557 1687 727 1747 tertiarum.
762 1684 912 1747 coriandri
930 1687 1051 1747 seminis
1069 1705 1161 1766 grana

147 1776 188 1837 lll
211 1783 280 1855 post
302 1776 421 1836 tertiam
444 1775 490 1835 rel
514 1781 649 1854 quartam
671 1772 828 1855 periodum
854 1773 938 1836 dabis
960 1777 1106 1836 nescienti
1129 1778 1160 1836 in

147 1883 202 1925 oro
217 1863 363 1925 sorbenda
377 1872 446 1924 ante
466 1863 536 1924 solis
555 1870 655 1924 ortum
674 1869 741 1923 ante
761 1865 972 1945 accessionem,
991 1871 1020 1924 et
1035 1863 1163 1925 sanabis.

201 2040 299 2101 LVlll.
336 2041 384 2103 Ad
408 2049 529 2122 typum
554 2040 750 2101 tertiannnr
773 2058 843 2101 non
867 2041 1107 2103 manifestum.

108 2181 134 2220 ao
236 2164 303 2226 Non
321 2166 497 2226 manifestus
516 2166 661 2225 tertianus
680 2182 696 2224 a
715 2162 836 2224 Graecis
856 2163 965 2225 nothus
989 2166 1162 2245 appellatur.

148 2252 197 2314 hic
212 2263 300 2333 typus
315 2253 453 2315 sordidus
468 2253 615 2314 aGraecis
631 2270 755 2332 ryparos
768 2251 931 2332 appellatus
942 2252 998 2313 sub
1015 2254 1162 2332 frigidiori

221 2465 235 2514 1
251 2466 290 2541 οξ
298 2463 333 2513 eri
346 2440 412 2527 sime
429 2459 556 2529 egrotum
571 2475 594 2525 a,
613 2458 726 2550 oportet
739 2460 867 2541 egrotum
881 2458 972 2528 primo
986 2475 1017 2542 p.
1090 2460 1162 2514 idre-

148 2531 213 2586 leon
236 2530 360 2586 calidum
383 2546 409 2596 e,
437 2529 552 2598 ydrolee
577 2530 670 2599 (-la)
693 2530 785 2584 oahdo
804 2546 834 2599 p.
943 2535 959 2583 3
987 2531 1108 2599 pperato
1134 2548 1162 2585 o:

150 2620 305 2688 temperato
319 2635 350 2687 p.
423 2625 440 2672 4
458 2608 611 2674 filolntm'rtss
624 2634 663 2689 p,
681 2618 874 2674 filolntimidoe
892 2634 906 2672 c
924 2617 998 2686 (Gal.
1021 2617 1084 2684 XI,
1104 2620 1161 2686 34).

148 2689 213 2743 oin
231 2705 282 2744 om.
301 2706 342 2758 op.
419 2689 488 2744 facis
507 2705 549 2759 cp.
625 2689 713 2743 etiam
731 2720 767 2728 -
784 2688 951 2759 provocabis
969 2705 1020 2745 om.
1040 2705 1062 2745 c.
1146 2697 1161 2742 7

148 2761 178 2815 et
195 2759 318 2829 taneio,
342 2762 371 2815 et
388 2765 432 2816 en.
448 2777 470 2829 p
489 2762 529 2828 (et
547 2760 624 2815 aneti
636 2762 692 2829 ψ).
784 2760 859 2828 quod
878 2776 909 2829 p.
998 2760 1095 2816 vinum
1119 2777 1162 2829 op.

148 2830 242 2886 urinas
261 2847 287 2886 c:
306 2848 407 2886 -nam
421 2849 452 2901 p.
561 2829 723 2901 depurgari:
749 2831 896 2914 provocari
916 2832 976 2899 (sic)
995 2847 1036 2900 op.
1145 2837 1163 2885 8

148 2901 629 3044 reuerterentur·
667 2901 957 3042 ,stertente
1031 2901 1165 3028 laplflll

149 3045 203 3113 (cri)
222 3061 263 3114 op.
337 3051 371 3099 13
389 3048 423 3100 ut
441 3076 473 3084 —
494 3047 551 3112 (14)
569 3043 760 3115 refrigerando
780 3061 806 3098 or
826 3060 875 3098 om.
886 3061 917 3113 p.
992 3049 1024 3098 17
1043 3044 1163 3098 tercium

147 3115 192 3172 vel
213 3117 345 3185 quartum
363 3133 389 3170 o:
409 3115 457 3170 lli.
477 3115 523 3170 val
542 3115 610 3171 .ΙΠΙ.
625 3131 656 3186 p.
728 3115 758 3169 in
774 3131 858 3177 orum
872 3117 936 3183 (ovo
951 3116 975 3183 e)
994 3115 1163 3171 sorbendum

147 3187 234 3311 g-d’)
249 3205 279 3256 p.
354 3192 386 3243 18
406 3203 431 3241 a.
451 3188 544 3242 ortum
562 3185 628 3241 solis
642 3205 673 3257 p.
744 3187 949 3255 ente(eco.)p:
969 3188 1054 3241 unte.
1129 3192 1162 3239 19

175 3275 190 3312 e
208 3276 263 3311 non
282 3257 431 3313 manifesto
448 3257 609 3327 tertiunop
628 3261 670 3328 (fn
687 3263 849 3328 qualemn
861 3258 932 3312 mole
950 3257 1084 3312 antecedit
1102 3273 1162 3324 cap.

148 3327 207 3394 „De
226 3331 294 3396 typo
314 3329 521 3398 quotidiano‘u,
544 3329 590 3383 Ad
611 3329 704 3400 tipum
725 3328 878 3384 tertiarium
900 3345 956 3384 non
982 3326 1163 3381 menifestum

145 3399 205 3452 ind.
231 3413 246 3449 o
269 3402 306 3464 (et
324 3403 371 3468 p):
400 3399 446 3455 Ad
467 3401 586 3454 notham
608 3401 761 3456 tercianam
783 3417 806 3455 c.
924 3404 957 3453 21
986 3397 1094 3468 riparos
1121 3413 1163 3466 ep.

239 3467 307 3521 letur
325 3486 346 3524 c.
419 3469 602 3539 frigidissimo
616 3488 647 3540 p.
