2414 3924
152 193 213 255 306
439 203 471 251 n.
490 201 845 250 concanonicum

150 359 198 434 sit,
215 356 292 435 quod
312 357 408 415 vitium
430 353 533 416 Graeci
555 353 702 434 φίμωσιν
723 353 881 433 appellant,
902 356 1059 434 aperienda
1078 367 1139 429 est;

151 440 228 519 qnod
243 440 300 499 hoc
314 438 399 498 modo
418 439 448 498 tit
463 438 508 515 (P.
526 438 603 515 Aeg.
627 437 676 512 Vl,
698 439 773 517 55):
798 437 896 498 subter
915 456 1056 500 asumma
1075 458 1139 516 om,

150 525 223 585 cutis
239 521 371 582 inciditur
385 531 466 582 recta
484 521 558 582 linea
576 521 720 599 usquead
739 521 865 590 frenum:
884 530 970 599 atque
991 523 1030 583 ita
1051 541 1140 603 supe·

148 610 208 668 rius
222 616 322 682 tergus
334 604 509 679 relaxatum,
527 605 633 664 cedere
648 613 726 664 rotro
749 612 853 683 potest.
885 604 969 678 Quod
982 607 1015 664 si
1037 624 1140 684 parum

149 692 192 752 sic
208 689 371 769 proiectum
391 697 451 763 est,
474 695 523 747 aut
543 696 662 766 propter
683 688 852 764 angustias,
874 696 922 747 aut
937 695 1069 766 propter
1089 688 1160 751 dnn

149 776 241 834 sitiam
251 774 398 847 tergoris,
422 773 551 850 protinus
568 770 707 846 triangula
728 771 914 834 formamus
940 770 975 831 ab
997 772 1140 833 inferiore

149 866 232 937 parta
254 854 413 915 excidenda
435 863 479 913 est
496 856 554 930 sic,
576 863 605 913 ut
621 862 723 913 vertex
736 855 799 928 ejus
815 854 851 914 ad
865 854 991 931 frenum,
1014 855 1097 916 basis
1111 858 1140 915 in

149 952 232 1017 tergo
249 948 378 998 extremo
395 940 440 996 sit.
471 936 540 996 l’um
550 935 729 1014 superdanda
743 936 896 997 linamenta
917 945 997 1015 sunt,
1021 939 1139 1019 aliaque

148 1023 354 1085 medicamenta
372 1039 445 1099 quac
461 1021 496 1080 ad
511 1023 658 1080 sanitatem
673 1019 840 1098 perducant.
869 1019 1138 1082 Necessariumau·

149 1119 206 1168 tem
220 1114 280 1182 est,
297 1104 391 1164 donec
407 1104 526 1163 cicatrix
540 1106 591 1179 sit,
607 1104 832 1182 conquiescere:
849 1121 912 1162 nam
924 1103 1081 1164 ambulatio
1096 1115 1136 1166 at·
1149 1131 1172 1171 ro

148 1188 269 1250 terendo
285 1186 365 1247 ulcus
383 1187 527 1247 sordidum
541 1185 644 1246 reddit,

209 1270 363 1331 lalrbulare
379 1287 495 1348 quoque
511 1269 747 1329 adolescentulos
767 1271 905 1330 interdum
920 1271 1026 1345 accis,
1052 1271 1138 1330 inter·

149 1355 213 1415 dum
227 1354 397 1413 valetudinis
413 1371 513 1429 causa,
531 1352 644 1429 quidam
661 1363 848 1413 consuerunt:
862 1355 982 1432 ejusque
999 1352 1075 1412 haec
1093 1372 1138 1414 ra·

149 1440 188 1498 tio
205 1446 258 1497 est.
287 1435 377 1511 Cutis,
395 1454 469 1514 quae
486 1453 574 1514 super
588 1435 722 1512 glandem
739 1445 798 1513 est,
815 1436 994 1511 extenditur,
1011 1445 1138 1496 notatur·

148 1539 204 1601 que
222 1521 361 1598 utrimque
376 1539 392 1580 a
407 1518 544 1579 lateribus
559 1528 731 1594 atramento,
747 1536 802 1597 qua
818 1521 997 1598 perforetur;
1031 1519 1138 1579 deinde
1149 1536 1171 1574 ra

148 1605 307 1665 remittitur.
339 1604 369 1663 Si
390 1621 478 1681 super
501 1602 635 1678 glandem
657 1612 742 1662 uotae
764 1612 960 1678 revertuntur,
983 1604 1067 1662 nimis
1083 1621 1139 1682 ap·

148 1687 322 1767 prehensum
337 1695 399 1762 est,
422 1695 451 1744 et
465 1685 539 1745 ultra
555 1687 647 1744 notari
664 1685 765 1745 debet:
795 1687 819 1745 si
833 1687 918 1763 glans
932 1684 968 1744 ab
984 1685 1028 1745 his
1044 1684 1139 1746 libera

149 1781 208 1848 est,
223 1772 248 1829 is
261 1768 344 1830 locus
358 1768 479 1829 idoneus
496 1767 600 1828 lrbulae
617 1777 670 1827 est.
700 1768 779 1845 Tum,
797 1787 852 1847 qua
866 1779 953 1830 notae
968 1777 1046 1846 sunt,
1065 1771 1140 1830 cutis

148 1874 201 1915 acu
219 1853 296 1912 iilum
314 1852 437 1912 ducente
448 1852 761 1929 transsuitur,ejusque
773 1852 813 1911 lili
828 1854 923 1930 capita
939 1853 1012 1912 iuter
1032 1871 1067 1912 se
1088 1851 1139 1911 de·

149 1938 290 2014 ligantur,
308 1936 494 2012 quotidieque
509 1934 537 1992 id
553 1943 693 2011 movetur,
708 1934 801 1996 donec
824 1937 902 1995 circa
925 1935 1066 1995 >foramina
1097 1938 1137 1994 ci·
1148 1957 1172 1998 nc

148 2019 304 2080 catriculae
316 2019 392 2078 liant.
423 2019 480 2079 Ubi
495 2036 549 2077 eae
567 2018 750 2078 confirmatae
765 2027 844 2093 sunt,
862 2028 976 2078 exemto
987 2019 1035 2079 lilo
1048 2018 1140 2078 libula

148 2103 276 2176 additur,
302 2120 376 2180 quae
403 2119 461 2179 quo
495 2100 603 2178 levior,
627 2117 663 2161 ec
678 2102 780 2161 melior
796 2110 849 2161 est·
876 2101 935 2161 Sed
950 2102 1006 2162 hcc
1021 2101 1141 2180 quidem

147 2187 263 2265 saepius
279 2188 353 2244 inter
369 2202 560 2264 supervacua,
577 2203 660 2262 quam
675 2186 748 2244 inter
763 2187 928 2245 necessaria
943 2196 996 2245 est.

456 2351 639 2412 CAPUT
671 2348 824 2412 XXVI.

356 2469 393 2517 De
413 2466 712 2532 mingendi'diilicnltate,
727 2477 750 2517 et
760 2469 895 2522 curatione.
1151 2474 1174 2513 2⁶

212 2601 237 2657 l.
260 2602 321 2660 Res
337 2619 407 2662 vcro
422 2604 561 2664 interdum
577 2604 657 2681 cogit
677 2606 787 2665 emoliri
806 2623 889 2664 manu
904 2606 1025 2679 urinam,
1040 2622 1139 2682 ¹quum

147 2682 264 2743 illanon
278 2684 419 2762 redditur,
435 2696 483 2746 aut
500 2689 565 2766 quia
580 2696 729 2746 senectute
747 2689 802 2747 iter
818 2689 880 2761 eJus
901 2687 1062 2764 collapsum
1079 2699 1137 2762 est,

147 2776 195 2826 aut
210 2769 275 2846 quia
291 2768 435 2847 calculus,
458 2771 505 2830 val
522 2778 688 2830 concretum
704 2770 810 2848 aliquid
835 2789 872 2830 ex
889 2772 1035 2847 sangnine
1058 2771 1137 2830 intus

146 2870 180 2910 se
196 2853 347 2930 opposuit:
374 2871 408 2914 ac
433 2855 587 2913 mediocris
612 2871 727 2931 qnoque
749 2854 928 2914 inflammatio
951 2871 1041 2932 saepe
1071 2871 1137 2913 earn

145 2934 226 2994 reddi
244 2937 409 2996 naturaliter
431 2937 564 3015 prohibet
585 2935 630 3014 (P.
652 2935 727 3012 Aeg.
748 2936 798 3011 v1,
817 2938 883 3016 60).
911 2935 1001 3013 ldque
1019 2955 1078 2997 non
1106 2939 1172 2997 inac

146 3018 214 3077 viris
231 3020 439 3095 tantammodo,
457 3020 551 3079 sedin
569 3019 681 3078 leminis
705 3037 820 3098 quoque
837 3019 976 3079 interdum
997 3037 1136 3078 necessa-

145 3101 215 3158 rium
231 3112 284 3161 est.
305 3099 386 3177 Ergo
399 3119 509 3160 aeneae
521 3102 633 3162 fistulae
651 3103 733 3171 liunt;
760 3121 849 3180 quae,
870 3111 899 3160 ut
920 3103 1003 3163 omni*
1016 3104 1136 3181 corpori

145 3183 278 3260 ampliori
290 3187 450 3264 minorique
466 3186 619 3260 sufiiciunt,
634 3186 669 3245 ad
680 3204 773 3245 mares
786 3196 857 3251 tres:
875 3185 910 3244 ad
922 3185 1043 3246 feminas
1060 3187 1136 3246 duae

145 3266 258 3327 medico
274 3268 423 3329 habendae
446 3278 524 3327 sunt:
550 3287 586 3327 ex
601 3269 730 3328 virilibus
748 3270 868 3329 maxima
892 3270 993 3329 decem
1008 3278 1038 3328 et
1053 3272 1134 3347 quin-

146 3368 202 3428 que
217 3350 384 3428 digrtorum;
406 3350 499 3413 media
511 3351 677 3419 duodecim;
699 3353 810 3410 minima
830 3369 950 3412 novem:
973 3370 1010 3411 ex
1031 3352 1130 3411 mulie·
1143 3370 1170 3412 as

145 3432 244 3492 bribus
266 3435 357 3508 major
379 3452 497 3503 novem;
523 3436 614 3493 minor
635 3453 697 3493 sex.
731 3434 869 3495 lncurvas
888 3453 960 3495 vero
990 3453 1056 3495 esse
1082 3453 1133 3495 eas
