<?xml version="1.0" encoding="UTF-8"?>
<!DOCTYPE html PUBLIC "-//W3C//DTD XHTML 1.0 Transitional//EN"
    "http://www.w3.org/TR/xhtml1/DTD/xhtml1-transitional.dtd">
<html xmlns="http://www.w3.org/1999/xhtml" xml:lang="en" lang="en">
 <head>
  <title>
</title>
<meta http-equiv="Content-Type" content="text/html;charset=utf-8" />
  <meta name='ocr-system' content='tesseract 3.04.00' />
  <meta name='ocr-capabilities' content='ocr_page ocr_carea ocr_par ocr_line ocrx_word'/>
</head>
<body>
  <div class='ocr_page' id='page_1' title='image "./cassiifelicisde00rosegoog_0470.png"; bbox 0 0 2414 3924; ppageno 0'>
   <div class='ocr_carea' id='block_1_1' title="bbox 387 195 1068 256">
    <p class='ocr_par' dir='ltr' id='par_1_1' title="bbox 387 195 1068 256">
     <span class='ocr_line' id='line_1_1' title="bbox 387 195 1068 256; baseline 0.007 -7"><span class='ocrx_word' id='word_1_1' title='bbox 387 205 455 251; x_wconf 79' lang='lat' dir='ltr'><strong>ura.</strong></span> <span class='ocrx_word' id='word_1_2' title='bbox 472 205 519 252; x_wconf 80' lang='grc' dir='ltr'><strong>ιν.</strong></span> <span class='ocrx_word' id='word_1_3' title='bbox 541 205 617 255; x_wconf 78' lang='lat' dir='ltr'><strong>cnr.</strong></span> <span class='ocrx_word' id='word_1_4' title='bbox 633 206 823 254; x_wconf 83' lang='lat' dir='ltr'><strong>xx-xxu.</strong></span> <span class='ocrx_word' id='word_1_5' title='bbox 1011 195 1068 256; x_wconf 80' lang='lat'><strong>147</strong></span> 
     </span>
    </p>
   </div>
   <div class='ocr_carea' id='block_1_2' title="bbox 61 358 1072 770">
    <p class='ocr_par' dir='ltr' id='par_1_2' title="bbox 61 358 1072 770">
     <span class='ocr_line' id='line_1_2' title="bbox 84 358 1072 441; baseline -0.003 -20"><span class='ocrx_word' id='word_1_6' title='bbox 84 359 151 422; x_wconf 88' lang='lat' dir='ltr'><strong>oilla</strong></span> <span class='ocrx_word' id='word_1_7' title='bbox 168 358 331 419; x_wconf 84' lang='lat' dir='ltr'><strong>laedantur;</strong></span> <span class='ocrx_word' id='word_1_8' title='bbox 347 360 428 434; x_wconf 90' lang='lat' dir='ltr'><strong>potui</strong></span> <span class='ocrx_word' id='word_1_9' title='bbox 444 376 515 419; x_wconf 85' lang='lat' dir='ltr'><strong>vero</strong></span> <span class='ocrx_word' id='word_1_10' title='bbox 530 359 610 439; x_wconf 90' lang='lat' dir='ltr'><strong>nibil,</strong></span> <span class='ocrx_word' id='word_1_11' title='bbox 627 368 828 441; x_wconf 81' lang='lat' dir='ltr'>praeterquam</span> <span class='ocrx_word' id='word_1_12' title='bbox 844 377 943 438; x_wconf 90' lang='lat' dir='ltr'><strong>puram</strong></span> <span class='ocrx_word' id='word_1_13' title='bbox 959 377 1072 437; x_wconf 84' lang='lat' dir='ltr'><strong>aquam;</strong></span> 
     </span>
     <span class='ocr_line' id='line_1_3' title="bbox 82 441 1070 521; baseline 0.003 -21"><span class='ocrx_word' id='word_1_14' title='bbox 82 460 148 501; x_wconf 91' lang='lat' dir='ltr'><strong>nam</strong></span> <span class='ocrx_word' id='word_1_15' title='bbox 171 442 233 502; x_wconf 82' lang='lat' dir='ltr'><strong>sive</strong></span> <span class='ocrx_word' id='word_1_16' title='bbox 247 441 314 521; x_wconf 81' lang='lat' dir='ltr'><strong>quid</strong></span> <span class='ocrx_word' id='word_1_17' title='bbox 331 443 524 520; x_wconf 85' lang='lat' dir='ltr'><strong>vinolentum,</strong></span> <span class='ocrx_word' id='word_1_18' title='bbox 546 445 608 505; x_wconf 87' lang='lat' dir='ltr'><strong>sive</strong></span> <span class='ocrx_word' id='word_1_19' title='bbox 632 445 743 504; x_wconf 93' lang='lat' dir='ltr'><strong>acidum</strong></span> <span class='ocrx_word' id='word_1_20' title='bbox 765 453 825 521; x_wconf 88' lang='lat' dir='ltr'><strong>est,</strong></span> <span class='ocrx_word' id='word_1_21' title='bbox 845 442 873 502; x_wconf 93' lang='lat' dir='ltr'><strong>id</strong></span> <span class='ocrx_word' id='word_1_22' title='bbox 888 443 953 502; x_wconf 90' lang='lat' dir='ltr'><strong>huic</strong></span> <span class='ocrx_word' id='word_1_23' title='bbox 968 443 1070 503; x_wconf 92' lang='lat' dir='ltr'><strong>morbo</strong></span> 
     </span>
     <span class='ocr_line' id='line_1_4' title="bbox 84 526 1070 607; baseline -0.003 -19"><span class='ocrx_word' id='word_1_24' title='bbox 84 527 207 588; x_wconf 91' lang='lat' dir='ltr'><strong>alienum</strong></span> <span class='ocrx_word' id='word_1_25' title='bbox 222 534 275 585; x_wconf 88' lang='lat' dir='ltr'><strong>est.</strong></span> <span class='ocrx_word' id='word_1_26' title='bbox 303 526 348 586; x_wconf 82' lang='lat' dir='ltr'><strong>Ac</strong></span> <span class='ocrx_word' id='word_1_27' title='bbox 363 535 465 606; x_wconf 93' lang='lat' dir='ltr'><strong>postea</strong></span> <span class='ocrx_word' id='word_1_28' title='bbox 482 544 596 607; x_wconf 85' lang='lat' dir='ltr'><strong>quoque</strong></span> <span class='ocrx_word' id='word_1_29' title='bbox 612 529 703 589; x_wconf 85' lang='lat' dir='ltr'><strong>uitare</strong></span> <span class='ocrx_word' id='word_1_30' title='bbox 717 535 834 607; x_wconf 77' lang='lat' dir='ltr'><strong>oportet</strong></span> <span class='ocrx_word' id='word_1_31' title='bbox 849 526 997 602; x_wconf 89' lang='lat' dir='ltr'><strong>balneum,</strong></span> <span class='ocrx_word' id='word_1_32' title='bbox 1013 544 1070 585; x_wconf 93' lang='lat' dir='ltr'><strong>am·</strong></span> 
     </span>
     <span class='ocr_line' id='line_1_5' title="bbox 84 609 1072 692; baseline -0.002 -22"><span class='ocrx_word' id='word_1_33' title='bbox 84 611 274 688; x_wconf 75' lang='lat' dir='ltr'>bulationem,</span> <span class='ocrx_word' id='word_1_34' title='bbox 290 611 498 689; x_wconf 75' lang='lat' dir='ltr'><strong>gestationem,</strong></span> <span class='ocrx_word' id='word_1_35' title='bbox 523 620 699 692; x_wconf 83' lang='lat' dir='ltr'><strong>ceterosque</strong></span> <span class='ocrx_word' id='word_1_36' title='bbox 715 612 847 690; x_wconf 89' lang='lat' dir='ltr'><strong>corporis</strong></span> <span class='ocrx_word' id='word_1_37' title='bbox 861 620 964 670; x_wconf 89' lang='lat' dir='ltr'><strong>motus.</strong></span> <span class='ocrx_word' id='word_1_38' title='bbox 1000 609 1072 670; x_wconf 91' lang='lat' dir='ltr'><strong>Nam</strong></span> 
     </span>
     <span class='ocr_line' id='line_1_6' title="bbox 61 690 1072 770; baseline -0.002 -15"><span class='ocrx_word' id='word_1_39' title='bbox 61 693 206 759; x_wconf 64' lang='lat' dir='ltr'><strong>siacildd</strong></span> <span class='ocrx_word' id='word_1_40' title='bbox 214 692 316 751; x_wconf 90' lang='lat' dir='ltr'><strong>mulum</strong></span> <span class='ocrx_word' id='word_1_41' title='bbox 325 692 423 752; x_wconf 91' lang='lat' dir='ltr'><strong>redire</strong></span> <span class='ocrx_word' id='word_1_42' title='bbox 431 694 570 752; x_wconf 86' lang='lat' dir='ltr'><strong>consuevi</strong></span> <span class='ocrx_word' id='word_1_43' title='bbox 575 701 599 760; x_wconf 90' lang='lat' dir='ltr'><strong>t;</strong></span> <span class='ocrx_word' id='word_1_44' title='bbox 612 701 642 752; x_wconf 89' lang='lat' dir='ltr'><strong>et</strong></span> <span class='ocrx_word' id='word_1_45' title='bbox 657 690 1072 770; x_wconf 74' lang='lat' dir='ltr'><strong>sinequumfrigussubit,sive</strong></span> 
     </span>
    </p>
   </div>
   <div class='ocr_carea' id='block_1_3' title="bbox 85 777 1071 856">
    <p class='ocr_par' dir='ltr' id='par_1_3' title="bbox 85 777 1071 856">
     <span class='ocr_line' id='line_1_7' title="bbox 85 777 1071 856; baseline 0.001 -18"><span class='ocrx_word' id='word_1_46' title='bbox 85 778 180 856; x_wconf 88' lang='lat' dir='ltr'><strong>aliqua</strong></span> <span class='ocrx_word' id='word_1_47' title='bbox 188 778 320 853; x_wconf 75' lang='lat' dir='ltr'><strong>iactatio,</strong></span> <span class='ocrx_word' id='word_1_48' title='bbox 332 778 385 836; x_wconf 92' lang='lat' dir='ltr'><strong>uisi</strong></span> <span class='ocrx_word' id='word_1_49' title='bbox 398 777 472 836; x_wconf 86' lang='lat' dir='ltr'><strong>boue</strong></span> <span class='ocrx_word' id='word_1_50' title='bbox 483 777 542 852; x_wconf 89' lang='lat' dir='ltr'><strong>jam</strong></span> <span class='ocrx_word' id='word_1_51' title='bbox 554 780 728 839; x_wconf 84' lang='lat' dir='ltr'><strong>confirmatis</strong></span> <span class='ocrx_word' id='word_1_52' title='bbox 739 778 892 855; x_wconf 77' lang='lat' dir='ltr'><strong>intestinis,</strong></span> <span class='ocrx_word' id='word_1_53' title='bbox 907 779 1071 839; x_wconf 87' lang='lat' dir='ltr'><strong>revertitur.</strong></span> 
     </span>
    </p>
   </div>
   <div class='ocr_carea' id='block_1_4' title="bbox 352 1012 815 1095">
    <p class='ocr_par' dir='ltr' id='par_1_4' title="bbox 352 1012 815 1095">
     <span class='ocr_line' id='line_1_8' title="bbox 352 1012 815 1095; baseline 0.002 -23"><span class='ocrx_word' id='word_1_54' title='bbox 352 1012 538 1075; x_wconf 69' lang='lat' dir='ltr'><strong>cornu</strong></span> <span class='ocrx_word' id='word_1_55' title='bbox 576 1014 815 1095; x_wconf 64' lang='lat' dir='ltr'><strong>xxrmwp</strong></span> 
     </span>
    </p>
   </div>
   <div class='ocr_carea' id='block_1_5' title="bbox 376 1129 790 1197">
    <p class='ocr_par' dir='ltr' id='par_1_5' title="bbox 376 1129 790 1197">
     <span class='ocr_line' id='line_1_9' title="bbox 376 1129 790 1197; baseline 0 -19"><span class='ocrx_word' id='word_1_56' title='bbox 376 1129 412 1179; x_wconf 86' lang='lat' dir='ltr'><strong>De</strong></span> <span class='ocrx_word' id='word_1_57' title='bbox 427 1131 515 1180; x_wconf 90' lang='lat' dir='ltr'><strong>morbo</strong></span> <span class='ocrx_word' id='word_1_58' title='bbox 531 1131 644 1182; x_wconf 88' lang='lat' dir='ltr'><strong>intestini</strong></span> <span class='ocrx_word' id='word_1_59' title='bbox 661 1132 790 1197; x_wconf 87' lang='lat' dir='ltr'><strong>plenioris.</strong></span> 
     </span>
    </p>
   </div>
   <div class='ocr_carea' id='block_1_6' title="bbox 53 1279 1080 2616">
    <p class='ocr_par' dir='ltr' id='par_1_6' title="bbox 53 1279 1080 2616">
     <span class='ocr_line' id='line_1_10' title="bbox 149 1279 1075 1360; baseline 0.002 -20"><span class='ocrx_word' id='word_1_60' title='bbox 149 1281 178 1341; x_wconf 90' lang='lat' dir='ltr'><strong>ls</strong></span> <span class='ocrx_word' id='word_1_61' title='bbox 200 1289 293 1341; x_wconf 83' lang='lat' dir='ltr'><strong>autem</strong></span> <span class='ocrx_word' id='word_1_62' title='bbox 314 1279 448 1357; x_wconf 82' lang='lat' dir='ltr'><strong>morbum,</strong></span> <span class='ocrx_word' id='word_1_63' title='bbox 477 1283 524 1360; x_wconf 86' lang='lat' dir='ltr'><strong>qui</strong></span> <span class='ocrx_word' id='word_1_64' title='bbox 546 1283 573 1340; x_wconf 92' lang='lat' dir='ltr'><strong>iu</strong></span> <span class='ocrx_word' id='word_1_65' title='bbox 596 1282 731 1342; x_wconf 88' lang='lat' dir='ltr'><strong>intestino</strong></span> <span class='ocrx_word' id='word_1_66' title='bbox 755 1282 887 1359; x_wconf 81' lang='lat' dir='ltr'><strong>pleniore</strong></span> <span class='ocrx_word' id='word_1_67' title='bbox 909 1289 970 1358; x_wconf 83' lang='lat' dir='ltr'><strong>est,</strong></span> <span class='ocrx_word' id='word_1_68' title='bbox 994 1282 1022 1340; x_wconf 90' lang='lat' dir='ltr'><strong>in</strong></span> <span class='ocrx_word' id='word_1_69' title='bbox 1040 1298 1075 1342; x_wconf 94' lang='lat' dir='ltr'><strong>ea</strong></span> 
     </span>
     <span class='ocr_line' id='line_1_11' title="bbox 53 1365 1074 1446; baseline -0.001 -21"><span class='ocrx_word' id='word_1_70' title='bbox 53 1365 210 1425; x_wconf 79' lang='lat' dir='ltr'><strong>romaxime</strong></span> <span class='ocrx_word' id='word_1_71' title='bbox 224 1374 307 1443; x_wconf 90' lang='lat' dir='ltr'><strong>parte</strong></span> <span class='ocrx_word' id='word_1_72' title='bbox 324 1373 384 1440; x_wconf 88' lang='lat' dir='ltr'><strong>est,</strong></span> <span class='ocrx_word' id='word_1_73' title='bbox 407 1382 491 1444; x_wconf 86' lang='lat' dir='ltr'><strong>quam</strong></span> <span class='ocrx_word' id='word_1_74' title='bbox 506 1383 624 1425; x_wconf 89' lang='lat' dir='ltr'><strong>caecam</strong></span> <span class='ocrx_word' id='word_1_75' title='bbox 638 1384 705 1425; x_wconf 88' lang='lat' dir='ltr'><strong>esse</strong></span> <span class='ocrx_word' id='word_1_76' title='bbox 722 1367 872 1446; x_wconf 84' lang='lat' dir='ltr'><strong>proposui.</strong></span> <span class='ocrx_word' id='word_1_77' title='bbox 909 1365 1074 1427; x_wconf 86' lang='lat' dir='ltr'><strong>Vehemens</strong></span> 
     </span>
     <span class='ocr_line' id='line_1_12' title="bbox 87 1447 1074 1528; baseline 0 -19"><span class='ocrx_word' id='word_1_78' title='bbox 87 1451 119 1509; x_wconf 90' lang='lat' dir='ltr'><strong>lit</strong></span> <span class='ocrx_word' id='word_1_79' title='bbox 133 1448 260 1524; x_wconf 90' lang='lat' dir='ltr'><strong>inllatio,</strong></span> <span class='ocrx_word' id='word_1_80' title='bbox 277 1447 464 1508; x_wconf 85' lang='lat' dir='ltr'><strong>uehementes</strong></span> <span class='ocrx_word' id='word_1_81' title='bbox 479 1449 616 1526; x_wconf 90' lang='lat' dir='ltr'><strong>dolores,</strong></span> <span class='ocrx_word' id='word_1_82' title='bbox 634 1450 734 1509; x_wconf 86' lang='lat' dir='ltr'><strong>dextra</strong></span> <span class='ocrx_word' id='word_1_83' title='bbox 749 1452 841 1528; x_wconf 93' lang='lat' dir='ltr'><strong>magis</strong></span> <span class='ocrx_word' id='word_1_84' title='bbox 853 1459 949 1528; x_wconf 90' lang='lat' dir='ltr'><strong>parte:</strong></span> <span class='ocrx_word' id='word_1_85' title='bbox 966 1449 1074 1509; x_wconf 89' lang='lat' dir='ltr'><strong>intesti-</strong></span> 
     </span>
     <span class='ocr_line' id='line_1_13' title="bbox 87 1531 1076 1612; baseline 0.001 -21"><span class='ocrx_word' id='word_1_86' title='bbox 87 1551 170 1610; x_wconf 91' lang='lat' dir='ltr'><strong>num,</strong></span> <span class='ocrx_word' id='word_1_87' title='bbox 187 1531 264 1610; x_wconf 86' lang='lat' dir='ltr'><strong>quod</strong></span> <span class='ocrx_word' id='word_1_88' title='bbox 280 1533 352 1592; x_wconf 87' lang='lat' dir='ltr'><strong>verti</strong></span> <span class='ocrx_word' id='word_1_89' title='bbox 366 1531 493 1609; x_wconf 84' lang='lat' dir='ltr'><strong>videtur,</strong></span> <span class='ocrx_word' id='word_1_90' title='bbox 510 1550 603 1612; x_wconf 93' lang='lat' dir='ltr'><strong>prope</strong></span> <span class='ocrx_word' id='word_1_91' title='bbox 619 1535 748 1612; x_wconf 86' lang='lat' dir='ltr'><strong>spiritum</strong></span> <span class='ocrx_word' id='word_1_92' title='bbox 764 1533 852 1594; x_wconf 81' lang='lat' dir='ltr'><strong>elidit.</strong></span> <span class='ocrx_word' id='word_1_93' title='bbox 879 1532 912 1592; x_wconf 92' lang='lat' dir='ltr'><strong>lu</strong></span> <span class='ocrx_word' id='word_1_94' title='bbox 927 1533 1076 1611; x_wconf 88' lang='lat' dir='ltr'><strong>plerisque</strong></span> 
     </span>
     <span class='ocr_line' id='line_1_14' title="bbox 87 1614 1076 1696; baseline -0.003 -19"><span class='ocrx_word' id='word_1_95' title='bbox 87 1625 155 1696; x_wconf 89' lang='lat' dir='ltr'><strong>post</strong></span> <span class='ocrx_word' id='word_1_96' title='bbox 176 1616 288 1693; x_wconf 83' lang='lat' dir='ltr'><strong>frigora</strong></span> <span class='ocrx_word' id='word_1_97' title='bbox 314 1614 527 1694; x_wconf 79' lang='lat' dir='ltr'><strong>cruditatesque</strong></span> <span class='ocrx_word' id='word_1_98' title='bbox 548 1619 654 1693; x_wconf 90' lang='lat' dir='ltr'><strong>oritur,</strong></span> <span class='ocrx_word' id='word_1_99' title='bbox 678 1616 784 1678; x_wconf 90' lang='lat' dir='ltr'><strong>deinde</strong></span> <span class='ocrx_word' id='word_1_100' title='bbox 803 1617 942 1696; x_wconf 89' lang='lat' dir='ltr'><strong>quiescit;</strong></span> <span class='ocrx_word' id='word_1_101' title='bbox 970 1626 999 1675; x_wconf 88' lang='lat' dir='ltr'><strong>et</strong></span> <span class='ocrx_word' id='word_1_102' title='bbox 1023 1632 1076 1694; x_wconf 91' lang='lat' dir='ltr'><strong>per</strong></span> 
     </span>
     <span class='ocr_line' id='line_1_15' title="bbox 88 1697 1076 1778; baseline -0.005 -17"><span class='ocrx_word' id='word_1_103' title='bbox 88 1709 211 1761; x_wconf 88' lang='lat' dir='ltr'><strong>aetatem</strong></span> <span class='ocrx_word' id='word_1_104' title='bbox 240 1717 330 1778; x_wconf 86' lang='lat' dir='ltr'><strong>saepe</strong></span> <span class='ocrx_word' id='word_1_105' title='bbox 355 1708 493 1777; x_wconf 88' lang='lat' dir='ltr'><strong>repetens</strong></span> <span class='ocrx_word' id='word_1_106' title='bbox 520 1702 562 1761; x_wconf 93' lang='lat' dir='ltr'><strong>sic</strong></span> <span class='ocrx_word' id='word_1_107' title='bbox 585 1703 709 1778; x_wconf 89' lang='lat' dir='ltr'><strong>cruciat,</strong></span> <span class='ocrx_word' id='word_1_108' title='bbox 739 1710 768 1760; x_wconf 90' lang='lat' dir='ltr'><strong>ut</strong></span> <span class='ocrx_word' id='word_1_109' title='bbox 788 1703 864 1760; x_wconf 87' lang='lat' dir='ltr'><strong>vitae</strong></span> <span class='ocrx_word' id='word_1_110' title='bbox 889 1701 983 1778; x_wconf 84' lang='lat' dir='ltr'><strong>spatio</strong></span> <span class='ocrx_word' id='word_1_111' title='bbox 1006 1697 1076 1758; x_wconf 87' lang='lat' dir='ltr'><strong>nihil</strong></span> 
     </span>
     <span class='ocr_line' id='line_1_16' title="bbox 54 1782 1077 1862; baseline -0.001 -21"><span class='ocrx_word' id='word_1_112' title='bbox 54 1804 77 1841; x_wconf 78' lang='lat' dir='ltr'><strong>sa</strong></span> <span class='ocrx_word' id='word_1_113' title='bbox 90 1785 193 1845; x_wconf 89' lang='lat' dir='ltr'><strong>demat.</strong></span> <span class='ocrx_word' id='word_1_114' title='bbox 216 1782 273 1846; x_wconf 87' lang='lat' dir='ltr'><strong>Ubi</strong></span> <span class='ocrx_word' id='word_1_115' title='bbox 288 1785 312 1843; x_wconf 90' lang='lat' dir='ltr'><strong>is</strong></span> <span class='ocrx_word' id='word_1_116' title='bbox 325 1783 410 1843; x_wconf 92' lang='lat' dir='ltr'><strong>dolor</strong></span> <span class='ocrx_word' id='word_1_117' title='bbox 422 1786 533 1862; x_wconf 88' lang='lat' dir='ltr'><strong>coepit,</strong></span> <span class='ocrx_word' id='word_1_118' title='bbox 548 1784 704 1845; x_wconf 81' lang='lat' dir='ltr'><strong>admovere</strong></span> <span class='ocrx_word' id='word_1_119' title='bbox 718 1786 797 1845; x_wconf 90' lang='lat' dir='ltr'><strong>sicca</strong></span> <span class='ocrx_word' id='word_1_120' title='bbox 808 1793 837 1844; x_wconf 88' lang='lat' dir='ltr'><strong>et</strong></span> <span class='ocrx_word' id='word_1_121' title='bbox 849 1783 941 1844; x_wconf 93' lang='lat' dir='ltr'><strong>calida</strong></span> <span class='ocrx_word' id='word_1_122' title='bbox 949 1783 1077 1842; x_wconf 83' lang='lat' dir='ltr'><strong>fomenta</strong></span> 
     </span>
     <span class='ocr_line' id='line_1_17' title="bbox 89 1864 1076 1947; baseline -0.007 -18"><span class='ocrx_word' id='word_1_123' title='bbox 89 1876 221 1947; x_wconf 88' lang='lat' dir='ltr'><strong>oportet;</strong></span> <span class='ocrx_word' id='word_1_124' title='bbox 249 1867 300 1929; x_wconf 89' lang='lat' dir='ltr'><strong>sed</strong></span> <span class='ocrx_word' id='word_1_125' title='bbox 324 1867 417 1946; x_wconf 94' lang='lat' dir='ltr'><strong>primo</strong></span> <span class='ocrx_word' id='word_1_126' title='bbox 439 1867 530 1944; x_wconf 91' lang='lat' dir='ltr'><strong>lenia,</strong></span> <span class='ocrx_word' id='word_1_127' title='bbox 555 1868 659 1928; x_wconf 89' lang='lat' dir='ltr'><strong>deinde</strong></span> <span class='ocrx_word' id='word_1_128' title='bbox 681 1867 835 1937; x_wconf 87' lang='lat' dir='ltr'><strong>validiora;</strong></span> <span class='ocrx_word' id='word_1_129' title='bbox 865 1866 1005 1945; x_wconf 81' lang='lat' dir='ltr'><strong>simulque</strong></span> <span class='ocrx_word' id='word_1_130' title='bbox 1029 1864 1076 1922; x_wconf 84' lang='lat' dir='ltr'><strong>iri·</strong></span> 
     </span>
     <span class='ocr_line' id='line_1_18' title="bbox 90 1950 1077 2030; baseline -0.007 -18"><span class='ocrx_word' id='word_1_131' title='bbox 90 1954 188 2012; x_wconf 85' lang='lat' dir='ltr'><strong>ctione</strong></span> <span class='ocrx_word' id='word_1_132' title='bbox 203 1951 238 2011; x_wconf 91' lang='lat' dir='ltr'><strong>ad</strong></span> <span class='ocrx_word' id='word_1_133' title='bbox 253 1961 396 2012; x_wconf 86' lang='lat' dir='ltr'><strong>extremas</strong></span> <span class='ocrx_word' id='word_1_134' title='bbox 412 1960 525 2030; x_wconf 89' lang='lat' dir='ltr'><strong>partes,</strong></span> <span class='ocrx_word' id='word_1_135' title='bbox 540 1951 569 2011; x_wconf 95' lang='lat' dir='ltr'><strong>id</strong></span> <span class='ocrx_word' id='word_1_136' title='bbox 585 1961 629 2012; x_wconf 90' lang='lat' dir='ltr'><strong>est</strong></span> <span class='ocrx_word' id='word_1_137' title='bbox 646 1970 729 2011; x_wconf 91' lang='lat' dir='ltr'><strong>crura</strong></span> <span class='ocrx_word' id='word_1_138' title='bbox 743 1950 920 2030; x_wconf 89' lang='lat' dir='ltr'><strong>brachiaque</strong></span> <span class='ocrx_word' id='word_1_139' title='bbox 931 1950 1077 2009; x_wconf 80' lang='lat' dir='ltr'><strong>materiam</strong></span> 
     </span>
     <span class='ocr_line' id='line_1_19' title="bbox 90 2033 1077 2114; baseline -0.006 -19"><span class='ocrx_word' id='word_1_140' title='bbox 90 2052 232 2095; x_wconf 85' lang='lat' dir='ltr'><strong>evocare:</strong></span> <span class='ocrx_word' id='word_1_141' title='bbox 256 2038 279 2094; x_wconf 91' lang='lat' dir='ltr'><strong>si</strong></span> <span class='ocrx_word' id='word_1_142' title='bbox 295 2035 442 2094; x_wconf 88' lang='lat' dir='ltr'><strong>discussus</strong></span> <span class='ocrx_word' id='word_1_143' title='bbox 459 2051 516 2093; x_wconf 89' lang='lat' dir='ltr'><strong>uon</strong></span> <span class='ocrx_word' id='word_1_144' title='bbox 534 2045 594 2111; x_wconf 88' lang='lat' dir='ltr'><strong>est,</strong></span> <span class='ocrx_word' id='word_1_145' title='bbox 619 2052 674 2114; x_wconf 87' lang='lat' dir='ltr'><strong>qua</strong></span> <span class='ocrx_word' id='word_1_146' title='bbox 688 2035 784 2112; x_wconf 91' lang='lat' dir='ltr'><strong>dolet,</strong></span> <span class='ocrx_word' id='word_1_147' title='bbox 807 2033 1001 2095; x_wconf 83' lang='lat' dir='ltr'><strong>cucurbitulas</strong></span> <span class='ocrx_word' id='word_1_148' title='bbox 1016 2033 1077 2090; x_wconf 90' lang='lat' dir='ltr'><strong>siue</strong></span> 
     </span>
     <span class='ocr_line' id='line_1_20' title="bbox 89 2117 1077 2196; baseline -0.006 -17"><span class='ocrx_word' id='word_1_149' title='bbox 89 2121 168 2179; x_wconf 82' lang='lat' dir='ltr'><strong>ferro</strong></span> <span class='ocrx_word' id='word_1_150' title='bbox 184 2118 322 2196; x_wconf 77' lang='lat' dir='ltr'><strong>deligere.</strong></span> <span class='ocrx_word' id='word_1_151' title='bbox 347 2117 400 2178; x_wconf 83' lang='lat' dir='ltr'><strong>Est</strong></span> <span class='ocrx_word' id='word_1_152' title='bbox 415 2120 499 2178; x_wconf 90' lang='lat' dir='ltr'><strong>etiam</strong></span> <span class='ocrx_word' id='word_1_153' title='bbox 514 2119 751 2179; x_wconf 86' lang='lat' dir='ltr'><strong>medicamentum</strong></span> <span class='ocrx_word' id='word_1_154' title='bbox 766 2120 829 2195; x_wconf 88' lang='lat' dir='ltr'><strong>ejus</strong></span> <span class='ocrx_word' id='word_1_155' title='bbox 846 2119 889 2177; x_wconf 94' lang='lat' dir='ltr'><strong>rei</strong></span> <span class='ocrx_word' id='word_1_156' title='bbox 902 2134 986 2177; x_wconf 90' lang='lat' dir='ltr'><strong>causa</strong></span> <span class='ocrx_word' id='word_1_157' title='bbox 1001 2130 1077 2174; x_wconf 90' lang='lat' dir='ltr'><strong>com·</strong></span> 
     </span>
     <span class='ocr_line' id='line_1_21' title="bbox 54 2198 1080 2282; baseline -0.002 -25"><span class='ocrx_word' id='word_1_158' title='bbox 54 2217 79 2257; x_wconf 82' lang='lat' dir='ltr'><strong>ao</strong></span> <span class='ocrx_word' id='word_1_159' title='bbox 89 2211 227 2282; x_wconf 88' lang='lat' dir='ltr'><strong>paratum.</strong></span> <span class='ocrx_word' id='word_1_160' title='bbox 252 2201 283 2261; x_wconf 94' lang='lat' dir='ltr'><strong>ld</strong></span> <span class='ocrx_word' id='word_1_161' title='bbox 299 2220 331 2262; x_wconf 91' lang='lat' dir='ltr'><strong>se</strong></span> <span class='ocrx_word' id='word_1_162' title='bbox 346 2204 494 2280; x_wconf 85' lang='lat' dir='ltr'><strong>reperisse</strong></span> <span class='ocrx_word' id='word_1_163' title='bbox 512 2202 628 2263; x_wconf 81' lang='lat' dir='ltr'><strong>Cassius</strong></span> <span class='ocrx_word' id='word_1_164' title='bbox 642 2203 829 2280; x_wconf 86' lang='lat' dir='ltr'><strong>gloriabatur.</strong></span> <span class='ocrx_word' id='word_1_165' title='bbox 850 2201 944 2278; x_wconf 84' lang='lat' dir='ltr'><strong>Magis</strong></span> <span class='ocrx_word' id='word_1_166' title='bbox 960 2198 1080 2278; x_wconf 92' lang='lat' dir='ltr'><strong>prodest</strong></span> 
     </span>
     <span class='ocr_line' id='line_1_22' title="bbox 90 2280 1079 2366; baseline -0.005 -21"><span class='ocrx_word' id='word_1_167' title='bbox 90 2288 169 2366; x_wconf 92' lang='lat' dir='ltr'><strong>potui</strong></span> <span class='ocrx_word' id='word_1_168' title='bbox 185 2287 294 2346; x_wconf 84' lang='lat' dir='ltr'><strong>datum:</strong></span> <span class='ocrx_word' id='word_1_169' title='bbox 318 2285 369 2345; x_wconf 89' lang='lat' dir='ltr'><strong>sed</strong></span> <span class='ocrx_word' id='word_1_170' title='bbox 384 2287 547 2364; x_wconf 88' lang='lat' dir='ltr'><strong>impositum</strong></span> <span class='ocrx_word' id='word_1_171' title='bbox 569 2305 683 2365; x_wconf 85' lang='lat' dir='ltr'><strong>quoque</strong></span> <span class='ocrx_word' id='word_1_172' title='bbox 701 2289 900 2361; x_wconf 81' lang='lat' dir='ltr'><strong>extrinsecus,</strong></span> <span class='ocrx_word' id='word_1_173' title='bbox 921 2280 1079 2360; x_wconf 91' lang='lat' dir='ltr'><strong>digerendo</strong></span> 
     </span>
     <span class='ocr_line' id='line_1_23' title="bbox 90 2369 1080 2448; baseline -0.007 -18"><span class='ocrx_word' id='word_1_174' title='bbox 90 2372 235 2448; x_wconf 89' lang='lat' dir='ltr'><strong>spiritum,</strong></span> <span class='ocrx_word' id='word_1_175' title='bbox 259 2369 389 2428; x_wconf 90' lang='lat' dir='ltr'><strong>dolorem</strong></span> <span class='ocrx_word' id='word_1_176' title='bbox 412 2369 499 2429; x_wconf 81' lang='lat' dir='ltr'><strong>levat.</strong></span> <span class='ocrx_word' id='word_1_177' title='bbox 537 2371 598 2431; x_wconf 90' lang='lat' dir='ltr'><strong>Nisi</strong></span> <span class='ocrx_word' id='word_1_178' title='bbox 621 2373 700 2432; x_wconf 89' lang='lat' dir='ltr'><strong>linito</strong></span> <span class='ocrx_word' id='word_1_179' title='bbox 724 2387 794 2430; x_wconf 85' lang='lat' dir='ltr'><strong>vcro</strong></span> <span class='ocrx_word' id='word_1_180' title='bbox 815 2376 974 2444; x_wconf 89' lang='lat' dir='ltr'><strong>tormento,</strong></span> <span class='ocrx_word' id='word_1_181' title='bbox 999 2373 1080 2425; x_wconf 90' lang='lat' dir='ltr'><strong>recte</strong></span> 
     </span>
     <span class='ocr_line' id='line_1_24' title="bbox 91 2449 1080 2532; baseline -0.005 -20"><span class='ocrx_word' id='word_1_182' title='bbox 91 2471 186 2530; x_wconf 89' lang='lat' dir='ltr'><strong>neque</strong></span> <span class='ocrx_word' id='word_1_183' title='bbox 203 2453 299 2528; x_wconf 89' lang='lat' dir='ltr'><strong>cibus,</strong></span> <span class='ocrx_word' id='word_1_184' title='bbox 322 2470 416 2532; x_wconf 86' lang='lat' dir='ltr'><strong>neque</strong></span> <span class='ocrx_word' id='word_1_185' title='bbox 432 2455 512 2531; x_wconf 94' lang='lat' dir='ltr'><strong>potio</strong></span> <span class='ocrx_word' id='word_1_186' title='bbox 530 2456 688 2514; x_wconf 85' lang='lat' dir='ltr'><strong>assumitur.</strong></span> <span class='ocrx_word' id='word_1_187' title='bbox 727 2455 792 2529; x_wconf 82' lang='lat' dir='ltr'><strong>Quo</strong></span> <span class='ocrx_word' id='word_1_188' title='bbox 806 2455 882 2513; x_wconf 86' lang='lat' dir='ltr'><strong>rictu</strong></span> <span class='ocrx_word' id='word_1_189' title='bbox 897 2453 933 2512; x_wconf 91' lang='lat' dir='ltr'><strong>sit</strong></span> <span class='ocrx_word' id='word_1_190' title='bbox 946 2449 1080 2511; x_wconf 91' lang='lat' dir='ltr'><strong>utendum</strong></span> 
     </span>
     <span class='ocr_line' id='line_1_25' title="bbox 91 2537 938 2616; baseline -0.001 -21"><span class='ocrx_word' id='word_1_191' title='bbox 91 2538 144 2611; x_wconf 90' lang='lat' dir='ltr'><strong>iis,</strong></span> <span class='ocrx_word' id='word_1_192' title='bbox 168 2539 215 2616; x_wconf 90' lang='lat' dir='ltr'><strong>qui</strong></span> <span class='ocrx_word' id='word_1_193' title='bbox 230 2537 288 2596; x_wconf 92' lang='lat' dir='ltr'><strong>hoc</strong></span> <span class='ocrx_word' id='word_1_194' title='bbox 304 2553 415 2613; x_wconf 84' lang='lat' dir='ltr'><strong>genere</strong></span> <span class='ocrx_word' id='word_1_195' title='bbox 432 2545 591 2614; x_wconf 86' lang='lat' dir='ltr'><strong>tentantur,</strong></span> <span class='ocrx_word' id='word_1_196' title='bbox 604 2541 662 2613; x_wconf 91' lang='lat' dir='ltr'><strong>jam</strong></span> <span class='ocrx_word' id='word_1_197' title='bbox 678 2538 745 2596; x_wconf 89' lang='lat' dir='ltr'><strong>mibi</strong></span> <span class='ocrx_word' id='word_1_198' title='bbox 764 2537 938 2597; x_wconf 89' lang='lat' dir='ltr'><strong>dictumest.</strong></span> 
     </span>
    </p>
   </div>
   <div class='ocr_carea' id='block_1_7' title="bbox 56 2772 823 2850">
    <p class='ocr_par' dir='ltr' id='par_1_7' title="bbox 56 2772 823 2850">
     <span class='ocr_line' id='line_1_26' title="bbox 56 2772 823 2850; baseline -0.007 -13"><span class='ocrx_word' id='word_1_199' title='bbox 56 2801 83 2837; x_wconf 70' lang='lat' dir='ltr'><strong>a</strong></span> <span class='ocrx_word' id='word_1_200' title='bbox 360 2773 546 2832; x_wconf 75' lang='lat' dir='ltr'><strong>carun</strong></span> <span class='ocrx_word' id='word_1_201' title='bbox 582 2772 823 2850; x_wconf 67' lang='lat' dir='ltr'><strong>xxr1mn.</strong></span> 
     </span>
    </p>
   </div>
   <div class='ocr_carea' id='block_1_8' title="bbox 483 2885 694 2936">
    <p class='ocr_par' dir='ltr' id='par_1_8' title="bbox 483 2885 694 2936">
     <span class='ocr_line' id='line_1_27' title="bbox 483 2885 694 2936; baseline -0.009 -2"><span class='ocrx_word' id='word_1_202' title='bbox 483 2885 520 2934; x_wconf 88' lang='lat' dir='ltr'><strong>Dc</strong></span> <span class='ocrx_word' id='word_1_203' title='bbox 537 2885 694 2936; x_wconf 84' lang='lat' dir='ltr'><strong>torminibus.</strong></span> 
     </span>
    </p>
   </div>
   <div class='ocr_carea' id='block_1_9' title="bbox 58 3031 1087 3591">
    <p class='ocr_par' dir='ltr' id='par_1_9' title="bbox 95 3031 1085 3273">
     <span class='ocr_line' id='line_1_28' title="bbox 156 3031 1083 3096; baseline -0.011 -1"><span class='ocrx_word' id='word_1_204' title='bbox 156 3036 288 3096; x_wconf 81' lang='lat' dir='ltr'><strong>Proxima</strong></span> <span class='ocrx_word' id='word_1_205' title='bbox 310 3038 354 3096; x_wconf 90' lang='lat' dir='ltr'><strong>bis</strong></span> <span class='ocrx_word' id='word_1_206' title='bbox 377 3040 451 3096; x_wconf 91' lang='lat' dir='ltr'><strong>iuter</strong></span> <span class='ocrx_word' id='word_1_207' title='bbox 473 3035 670 3093; x_wconf 90' lang='lat' dir='ltr'><strong>intestinorum</strong></span> <span class='ocrx_word' id='word_1_208' title='bbox 694 3031 768 3090; x_wconf 91' lang='lat' dir='ltr'><strong>mala</strong></span> <span class='ocrx_word' id='word_1_209' title='bbox 790 3031 911 3090; x_wconf 89' lang='lat' dir='ltr'><strong>tormina</strong></span> <span class='ocrx_word' id='word_1_210' title='bbox 933 3045 1001 3087; x_wconf 91' lang='lat' dir='ltr'><strong>esse</strong></span> <span class='ocrx_word' id='word_1_211' title='bbox 1016 3043 1083 3086; x_wconf 91' lang='lat' dir='ltr'><strong>con-</strong></span> 
     </span>
     <span class='ocr_line' id='line_1_29' title="bbox 95 3110 1083 3196; baseline -0.01 -19"><span class='ocrx_word' id='word_1_212' title='bbox 95 3128 271 3179; x_wconf 89' lang='lat' dir='ltr'><strong>sueverunt:</strong></span> <span class='ocrx_word' id='word_1_213' title='bbox 307 3116 505 3196; x_wconf 69' lang='grc' dir='ltr'><em>δυσεντερίαι</em></span> <span class='ocrx_word' id='word_1_214' title='bbox 530 3133 639 3194; x_wconf 83' lang='lat' dir='ltr'><strong>graece</strong></span> <span class='ocrx_word' id='word_1_215' title='bbox 669 3123 799 3173; x_wconf 85' lang='lat' dir='ltr'><strong>vocatur.</strong></span> <span class='ocrx_word' id='word_1_216' title='bbox 850 3111 928 3171; x_wconf 89' lang='lat' dir='ltr'><strong>lutus</strong></span> <span class='ocrx_word' id='word_1_217' title='bbox 952 3110 1083 3169; x_wconf 90' lang='lat' dir='ltr'><strong>intestina</strong></span> 
     </span>
     <span class='ocr_line' id='line_1_30' title="bbox 95 3195 1085 3273; baseline -0.008 -13"><span class='ocrx_word' id='word_1_218' title='bbox 95 3203 314 3263; x_wconf 85' lang='lat' dir='ltr'><strong>exulcerantur:</strong></span> <span class='ocrx_word' id='word_1_219' title='bbox 339 3222 375 3262; x_wconf 84' lang='lat' dir='ltr'><strong>ex</strong></span> <span class='ocrx_word' id='word_1_220' title='bbox 390 3204 434 3262; x_wconf 90' lang='lat' dir='ltr'><strong>bis</strong></span> <span class='ocrx_word' id='word_1_221' title='bbox 452 3217 537 3261; x_wconf 88' lang='lat' dir='ltr'><strong>cruor</strong></span> <span class='ocrx_word' id='word_1_222' title='bbox 550 3207 658 3266; x_wconf 87' lang='lat' dir='ltr'><strong>manat;</strong></span> <span class='ocrx_word' id='word_1_223' title='bbox 675 3198 767 3273; x_wconf 87' lang='lat' dir='ltr'><strong>iisque</strong></span> <span class='ocrx_word' id='word_1_224' title='bbox 779 3195 865 3255; x_wconf 90' lang='lat' dir='ltr'><strong>modo</strong></span> <span class='ocrx_word' id='word_1_225' title='bbox 878 3213 941 3254; x_wconf 91' lang='lat' dir='ltr'><strong>cum</strong></span> <span class='ocrx_word' id='word_1_226' title='bbox 954 3203 1085 3252; x_wconf 87' lang='lat' dir='ltr'><strong>stercore</strong></span> 
     </span>
    </p>

    <p class='ocr_par' dir='ltr' id='par_1_10' title="bbox 58 3278 1086 3364">
     <span class='ocr_line' id='line_1_31' title="bbox 58 3278 1086 3364; baseline -0.011 -20"><span class='ocrx_word' id='word_1_227' title='bbox 58 3305 84 3346; x_wconf 84' lang='lat' dir='ltr'><strong>ao</strong></span> <span class='ocrx_word' id='word_1_228' title='bbox 95 3285 193 3362; x_wconf 91' lang='lat' dir='ltr'><strong>aliquo</strong></span> <span class='ocrx_word' id='word_1_229' title='bbox 217 3304 334 3364; x_wconf 90' lang='lat' dir='ltr'><strong>semper</strong></span> <span class='ocrx_word' id='word_1_230' title='bbox 350 3285 473 3363; x_wconf 88' lang='lat' dir='ltr'><strong>liquido,</strong></span> <span class='ocrx_word' id='word_1_231' title='bbox 497 3283 583 3343; x_wconf 91' lang='lat' dir='ltr'><strong>modo</strong></span> <span class='ocrx_word' id='word_1_232' title='bbox 599 3300 662 3340; x_wconf 88' lang='lat' dir='ltr'><strong>cum</strong></span> <span class='ocrx_word' id='word_1_233' title='bbox 678 3279 845 3357; x_wconf 89' lang='lat' dir='ltr'><strong>quibusdam</strong></span> <span class='ocrx_word' id='word_1_234' title='bbox 862 3278 943 3356; x_wconf 88' lang='lat' dir='ltr'><strong>quasi</strong></span> <span class='ocrx_word' id='word_1_235' title='bbox 958 3278 1086 3335; x_wconf 89' lang='lat' dir='ltr'><strong>mucosis</strong></span> 
     </span>
    </p>

    <p class='ocr_par' dir='ltr' id='par_1_11' title="bbox 97 3358 1087 3443">
     <span class='ocr_line' id='line_1_32' title="bbox 97 3358 1087 3443; baseline -0.008 -17"><span class='ocrx_word' id='word_1_236' title='bbox 97 3371 282 3428; x_wconf 86' lang='lat' dir='ltr'><strong>excernitur:</strong></span> <span class='ocrx_word' id='word_1_237' title='bbox 317 3368 458 3428; x_wconf 87' lang='lat' dir='ltr'><strong>interdum</strong></span> <span class='ocrx_word' id='word_1_238' title='bbox 485 3367 567 3426; x_wconf 89' lang='lat' dir='ltr'><strong>simul</strong></span> <span class='ocrx_word' id='word_1_239' title='bbox 595 3364 732 3443; x_wconf 87' lang='lat' dir='ltr'><strong>quaedam</strong></span> <span class='ocrx_word' id='word_1_240' title='bbox 761 3378 883 3421; x_wconf 89' lang='lat' dir='ltr'><strong>carnosa</strong></span> <span class='ocrx_word' id='word_1_241' title='bbox 909 3358 1087 3420; x_wconf 90' lang='lat' dir='ltr'><strong>descendunt</strong></span> 
     </span>
    </p>

    <p class='ocr_par' dir='ltr' id='par_1_12' title="bbox 97 3442 1085 3591">
     <span class='ocr_line' id='line_1_33' title="bbox 97 3442 1085 3530; baseline -0.009 -20"><span class='ocrx_word' id='word_1_242' title='bbox 97 3452 152 3528; x_wconf 83' lang='lat' dir='ltr'><strong>(ci.</strong></span> <span class='ocrx_word' id='word_1_243' title='bbox 169 3448 248 3530; x_wconf 71' lang='lat' dir='ltr'><strong>Aple.</strong></span> <span class='ocrx_word' id='word_1_244' title='bbox 266 3451 323 3529; x_wconf 85' lang='lat' dir='ltr'><strong>lv,</strong></span> <span class='ocrx_word' id='word_1_245' title='bbox 343 3452 414 3530; x_wconf 83' lang='lat'>26):</span> <span class='ocrx_word' id='word_1_246' title='bbox 439 3451 577 3528; x_wconf 85' lang='lat' dir='ltr'><strong>frequens</strong></span> <span class='ocrx_word' id='word_1_247' title='bbox 594 3447 746 3524; x_wconf 89' lang='lat' dir='ltr'><strong>dejiciendi</strong></span> <span class='ocrx_word' id='word_1_248' title='bbox 763 3445 920 3524; x_wconf 82' lang='lat' dir='ltr'><strong>cupiditas,</strong></span> <span class='ocrx_word' id='word_1_249' title='bbox 944 3442 1085 3521; x_wconf 89' lang='lat' dir='ltr'><strong>dolorque</strong></span> 
     </span>
     <span class='ocr_line' id='line_1_34' title="bbox 812 3529 878 3591; baseline 0.045 -3"><span class='ocrx_word' id='word_1_250' title='bbox 812 3529 878 3591; x_wconf 83' lang='lat'><strong>10*</strong></span> 
     </span>
    </p>
   </div>
   <div class='ocr_carea' id='block_1_10' title="bbox 0 0 1233 3924">
    <p class='ocr_par' dir='ltr' id='par_1_13' title="bbox 0 0 1233 3924">
     <span class='ocr_line' id='line_1_35' title="bbox 0 0 1233 3924; baseline 0 0"><span class='ocrx_word' id='word_1_251' title='bbox 0 0 1233 3924; x_wconf 95' lang='lat' dir='ltr'><strong> </strong></span> 
     </span>
    </p>
   </div>
  </div>
 </body>
</html>
