2414 3924
120 212 207 260 xxlv
446 208 651 257 auuoufflo
674 207 823 256 cututcA.

120 384 218 426 nomen
237 365 336 440 (videl.
351 369 486 439 sycamini
498 363 637 440 lacrymo)
651 367 727 437 opud
740 367 856 422 meolicos
873 369 998 436 reperim
1020 370 1070 425 sed
1089 384 1152 424 cum

122 452 223 509 Graeci
238 466 345 506 morum
359 437 522 523 συκάμινον
539 452 690 522 appellent,
709 453 781 506 mori
794 450 870 505 mullo
887 451 1011 522 lacrymo
1025 457 1071 508 est.
1106 450 1153 507 Sic

120 550 184 592 uero
204 535 374 606 significatur
394 536 519 607 lacrumo
539 535 648 589 arboris
667 535 696 588 iu
710 532 831 605 Aegypto
853 538 1006 605 noscentis,
1020 551 1103 607 quom
1119 535 1155 588 ibi

120 606 284 692 uooo'oouou
298 618 445 689 appellant.
474 617 593 673 Plurimi
604 618 719 672 decoctis
729 619 882 688 papaueris
896 619 1056 688 corticibus,
1070 633 1108 692 em
1120 632 1154 672 eo

120 719 195 776 aquo
216 703 329 772 spongia
352 715 382 755 os
402 708 428 755 et
446 707 531 771 copul
549 701 651 772 fouent.
672 731 715 741 —
738 699 834 757 Nullus
856 701 930 770 quod
952 701 1038 758 seiam
1061 701 1153 756 editor

121 785 315 841 animadvertit
332 784 402 839 haee
420 785 506 841 verba
527 784 565 839 nil
588 784 642 839 nisi
659 784 788 840 scholion
803 799 883 852 esse,
903 783 973 840 miro
987 785 1069 840 modo
1086 800 1155 839 con-

121 874 225 925 laxtum
236 868 401 939 depravans.
417 867 488 937 cip.
497 873 677 936 236,26-31.
723 872 825 936 10229
835 867 1002 938 quatiemus
1013 869 1155 923 imscmieu·

120 953 185 1007 tium
198 953 290 1022 specie
300 951 402 1019 simile,
416 951 548 1021 similique
562 953 646 1006 uictus
657 964 758 1022 gemere
772 950 928 1007 curandum
941 956 994 1019 est,
1011 950 1153 1007 Constant.

121 1035 196 1091 biud.
220 1035 326 1105 Targa,
339 1062 383 1076 -—
489 1036 580 1103 specie
599 1034 732 1105 similique
829 1032 895 1088 libri
918 1034 1023 1104 antiqui
1047 1050 1154 1089 omnes.

122 1118 210 1174 Lucas
227 1117 273 1173 bio
289 1134 305 1173 a
321 1116 445 1173 librariis
462 1122 539 1172 certo
557 1118 724 1189 depravatus
737 1122 794 1181 est:
819 1115 843 1171 si
856 1116 982 1172 codicum
996 1116 1081 1172 lectio
1094 1133 1156 1172 ser-

121 1206 211 1268 vator,
227 1217 326 1255 seusus
338 1216 392 1255 uon
405 1205 522 1256 constat.
549 1200 579 1255 Si
595 1200 698 1270 legitur
712 1201 802 1271 specie
812 1200 900 1267 simili,
915 1215 972 1256 vox
984 1201 1088 1269 species
1103 1215 1155 1269 pro

122 1282 320 1338 medicamento
333 1300 348 1338 a
362 1282 444 1338 Galsa
457 1291 647 1354 usurparetur,
663 1283 714 1338 sed
725 1299 857 1353 nusquam
870 1282 955 1351 alibi,
972 1283 1045 1353 quod
1058 1282 1155 1351 sciam,

121 1366 175 1420 boo
192 1381 276 1420 sensu
299 1365 436 1429 occurrit3
464 1366 488 1420 si
512 1372 602 1422 aulem
623 1380 711 1436 gemus
800 1367 886 1420 simile
903 1366 1044 1436 legamus,
1066 1366 1156 1420 minus

122 1448 238 1518 elegans
250 1447 360 1504 dicendi
375 1449 447 1503 ratio
459 1449 578 1504 videtur.
608 1450 750 1518 Fortasse,
767 1455 795 1503 ul
812 1449 901 1519 Targa
918 1455 1023 1517 causet,
1040 1465 1096 1504 vox
1112 1451 1155 1502 iu-

120 1533 281 1586 souieulium
297 1531 341 1585 vel
357 1530 479 1588 tollenda
494 1529 546 1605 (el.
565 1533 613 1601 ΙΙΙ,
629 1539 673 1602 12,
688 1550 715 1604 p.
730 1537 836 1600 113,16
853 1539 880 1587 et
894 1533 941 1602 IV,
955 1538 997 1601 12,
1012 1549 1037 1602 p.
1052 1533 1156 1600 137,1)

82 1672 85 1676 Α
121 1614 167 1669 val
182 1607 308 1670 mutanda
322 1614 351 1669 iu
361 1616 494 1682 iusomiue,
510 1615 630 1685 ideoque
643 1616 740 1686 legere
753 1615 907 1671 maluerim:
926 1616 999 1687 quod
1010 1629 1096 1687 gemus
1113 1617 1150 1668 iu.

120 1699 217 1753 souioe
234 1699 314 1753 simili
329 1699 413 1754 ouius
426 1712 528 1768 gemere
547 1700 703 1754 curcurlum
719 1703 771 1767 est,
792 1714 878 1754 voees
894 1701 985 1768 specie
999 1699 1084 1753 simile
1105 1714 1156 1753 seu

77 1846 81 1855 ¹
120 1782 212 1850 simili,
233 1787 261 1836 et
282 1780 443 1853 particulam
463 1795 515 1853 que
535 1799 586 1853 pro
604 1782 818 1852 glossematibus
836 1782 952 1838 habeus.
1045 1786 1106 1850 104,
1122 1786 1157 1838 tt

120 1865 255 1937 quodlibet
268 1865 343 1919 uliud
356 1862 445 1932 [boec
458 1866 528 1919 euim
546 1881 607 1921 cum
628 1866 820 1921 comburentur
840 1865 951 1920 odorem
968 1865 1080 1936 foedum
1097 1881 1153 1918 mo·

120 1950 209 2019 oemlJ,
227 1949 325 2018 Targa.
340 1977 384 1988 -
398 1948 547 2004 Membrum
561 1949 640 2006 uncis
658 1949 792 2005 inclusum
807 1948 948 2017 glossema
966 1948 1076 2005 videtur
1090 1948 1155 2003 loco

16 2024 19 2029 ’
122 2048 174 2088 suo
190 2038 305 2095 motam
325 2030 446 2103 partinet
461 2032 533 2087 euim
551 2033 586 2088 ad
602 2033 688 2088 verba
705 2033 852 2103 galbanum
922 2033 995 2102 pilos
1068 2046 1156 2085 coruu

121 2118 268 2171 cervinum.
356 2109 439 2183 *105,
454 2119 488 2174 29
508 2116 601 2170 Verba
617 2103 740 2186 ὕδρωπα
761 2114 863 2171 Graeci
883 2120 995 2184 uocaui,
1019 2114 1042 2169 si
1064 2115 1155 2169 locum

122 2214 202 2267 quam
226 2203 319 2252 tenent
341 2203 471 2268 spectas,
491 2198 631 2267 glossema
652 2198 792 2254 videnlur.
885 2203 977 2268 107,2
1001 2198 1156 2255 sudationes

7 2341 10 2346 ⁴
120 2285 186 2334 sumt
202 2278 310 2350 [quales
332 2295 420 2349 super
437 2281 523 2334 Boios
543 2283 572 2334 im
590 2283 712 2336 murtetis
726 2281 870 2351 babemus]
877 2323 884 2349 ,
903 2282 1001 2352 Targa.
1022 2310 1057 2319 -
1080 2280 1156 2336 Haeo

122 2364 207 2417 verba
222 2364 315 2432 quoles
329 2403 403 2416 .....
416 2361 555 2432 babemus,
570 2371 600 2418 ul
615 2363 698 2419 docet
712 2364 812 2434 Targa,
829 2364 863 2419 ab
880 2364 973 2435 aliquo
993 2370 1156 2419 enarratoro

122 2462 158 2500 ex
180 2461 239 2516 oap-
261 2450 293 2504 17
315 2445 381 2500 libri
402 2446 427 2500 ll
451 2446 568 2515 margini
591 2447 730 2518 adscripta
753 2447 877 2514 luerunt,
900 2453 928 2501 et
948 2446 1013 2501 indo
1036 2446 1063 2499 iu
1088 2462 1156 2500 cou-

121 2533 225 2584 texlum
239 2529 421 2599 irrepserunt.
507 2523 590 2599 *118,
604 2535 636 2589 27
660 2531 784 2585 luelucoe
804 2532 930 2584 marinae
951 2543 1022 2601 quoe
1040 2528 1157 2599 grundis

114 2612 205 2683 justo
221 2626 299 2666 mare
313 2613 444 2666 noscitur.
478 2611 537 2666 Non
557 2613 651 2668 dubito
670 2614 734 2684 quin
752 2614 853 2670 verba:
873 2627 943 2684 quoe
1030 2614 1156 2666 nascitur

122 2694 248 2750 addititia
267 2694 336 2758 siul;
358 2695 477 2765 ideoque
495 2695 618 2751 tollenda
633 2712 696 2751 esse
707 2697 804 2766 judico
821 2695 874 2771 (ol.
891 2695 994 2751 Plinius
1010 2694 1112 2761 XXVI,
1129 2701 1156 2763 8,

121 2773 180 2850 39).
213 2777 302 2847 Targa
320 2777 427 2833 dubitat
446 2795 479 2833 an
496 2777 570 2833 Celsi
587 2780 666 2838 haec¹
678 2782 762 2835 verba
784 2780 841 2836 siut
861 2796 957 2835 naono.
1044 2783 1157 2847 112,18

116 2863 323 2932 processusque
336 2859 394 2929 [uel
409 2876 445 2915 eoc
461 2863 554 2931 primo
571 2891 613 2902 -
626 2876 664 2919 eoc
672 2879 769 2932 pruno
785 2864 856 2919 bled.
874 2863 900 2932 Ι,
913 2861 1057 2928 Vaavltt,
1074 2856 1155 2933 7028]

59 2976 63 2985 ·
121 2945 296 3011 cerebellum,
315 2944 413 3015 Targa.
429 2975 471 2984 -
496 2946 588 3000 Verba
611 2946 653 2999 uel
669 2960 707 2999 eoc
724 2948 816 3016 primo
838 2963 888 3000 seu
910 2961 1005 3016 pruma
1028 2944 1157 3001 scholion

122 3029 257 3084 suntloco
267 3044 319 3084 suo
333 3034 448 3091 motum;
467 3029 608 3100 pertinere
621 3028 692 3083 enim
706 3029 878 3084 videaturad
890 3044 991 3084 voees:
1008 3042 1046 3082 coc
1056 3027 1156 3082 media.

121 3112 301 3182 Morgaguius
329 3117 406 3183 putat
431 3113 480 3169 sub
503 3112 602 3166 mendo
620 3111 709 3167 latere
728 3128 826 3167 nomeu
849 3112 990 3167 cuiusdam
1013 3110 1156 3172 animalis;

121 3194 204 3265 idque
226 3211 293 3251 sane
316 3195 452 3267 suspicari
477 3196 579 3266 possis.
668 3187 753 3264 *112,
768 3199 878 3253 26-27
900 3210 969 3265 quas
985 3180 1158 3265 ὠμοπλάτας

123 3276 224 3333 Graeci
237 3284 341 3334 oocoul.
374 3279 475 3334 Dubito
496 3294 529 3332 au
550 3280 620 3332 haee
641 3279 727 3333 verba
751 3293 820 3347 quae
842 3293 957 3349 prorsus
979 3277 1026 3333 hio
1048 3276 1156 3332 inutilia

120 3359 262 3429 videntur,
289 3361 344 3416 siut
368 3360 442 3416 Celsi
470 3377 568 3415 necue.
615 3362 654 3415 Do
679 3361 836 3431 graecismo
859 3366 948 3415 aulem
972 3375 1040 3431 quos
1068 3359 1103 3414 ol.
1128 3376 1155 3430 p.

119 3444 183 3510 Ί28,
198 3449 232 3500 24
254 3450 374 3513 atquae
397 3443 489 3499 notavi
511 3444 546 3498 ad
569 3461 595 3515 p.
618 3449 734 3514 171,12.
828 3450 922 3513 113,5
943 3450 969 3497 el
987 3443 1072 3498 ruellis
1083 3457 1155 3512 pars
