2414 3924
144 197 208 260 136
439 208 471 255 n.
488 207 516 255 o.
536 207 633 256 censu
647 208 842 256 nuurcrunn

146 362 357 443 Interponenda
378 363 546 422 abstinentia
565 372 619 423 est.
654 363 738 424 Utilis
759 366 786 423 in
803 365 905 440 jejuno
926 365 1006 443 potio
1029 375 1075 425 est
1091 365 1140 426 ab

145 450 257 526 sinthii,
283 447 331 507 vel
353 448 490 525 hyssopi,
519 456 567 507 aut
592 457 683 507 rutae.
727 447 906 508 Exercitatio
933 452 1026 528 primo
1053 448 1141 525 lenis,

147 533 250 594 deinde
279 534 370 609 major
397 531 557 592 adhibenda
580 541 640 598 est;
672 533 852 610 maximeque
874 551 949 611 quae
970 534 1142 612 superiores

147 627 245 699 partes
260 619 389 676 moveat:
414 615 490 693 quod
505 634 600 693 genus
612 617 640 674 in
656 616 787 676 omnibus
804 617 943 677 stomachi
959 618 1035 676 vitiis
1050 618 1140 696 aptis-

147 703 246 761 simum
264 710 317 760 est.
341 701 410 759 Post
425 700 660 759 exercitationem
679 717 752 778 opus
763 709 808 760 est
820 702 970 779 unctione,
987 701 1162 769 frictionem

147 786 251 845 balneo
285 801 400 863 quoqne
426 801 650 862 nonnumquam,
686 784 737 843 sed
763 786 875 852 rarius;
915 785 1056 844 interdurn
1083 785 1141 845 alui

65 934 68 939 ,
148 870 296 936 ductione:
324 868 396 927 cibis
413 868 516 927 deiude
534 868 649 944 calidis,
667 886 760 945 neque
776 868 952 937 inflantibus;
978 868 1142 948 eodemque

63 948 68 957 ’
147 954 233 1014 modo
248 953 349 1012 calidis
367 953 548 1030 potionibus,
572 954 663 1031 primo
679 970 786 1030 aquae,
810 962 893 1031 post,
910 953 958 1012 ubi
973 953 1084 1014 resedit
1101 955 1141 1011 in-

148 1039 243 1113 flatio,
265 1039 322 1095 vini
345 1037 460 1095 austeri.
496 1036 569 1096 lllud
585 1053 702 1115 qnoque
719 1038 746 1094 in
762 1036 891 1097 omnibus
909 1036 1049 1097 stomachi
1064 1037 1142 1096 vitiis

148 1121 381 1202 praecipiendum
396 1129 454 1195 est,
473 1130 503 1180 ut
519 1137 576 1198 quo
591 1120 677 1179 modo
693 1139 727 1179 se
743 1121 864 1200 quisque
882 1140 972 1199 aeger
987 1122 1174 1197 reieceritis

148 1225 184 1267 eo
200 1223 285 1265 sanus
300 1214 409 1263 utatur:
430 1223 493 1263 narn
510 1204 586 1263 redit
602 1205 667 1264 huic
683 1204 865 1264 imbecillitas
881 1224 949 1280 sua,
966 1207 1021 1264 nisi
1039 1204 1142 1265 iisdem

149 1290 312 1350 defenditur
334 1288 409 1347 bona
426 1289 579 1364 valetudo,
601 1288 703 1366 quibus
719 1288 830 1348 reddita
846 1297 900 1349 est.
938 1289 976 1348 At
993 1290 1017 1349 si
1032 1287 1142 1349 indam-

147 1375 234 1434 matio
258 1373 353 1449 aliqua
376 1382 434 1448 est,
457 1391 540 1451 quam
555 1372 618 1432 fere
633 1383 725 1431 tumor
740 1382 769 1431 et
783 1373 867 1433 dolor
883 1375 1028 1450 sequitur,
1049 1374 1142 1453 prima

149 1465 229 1533 sunt,
247 1458 345 1535 quies,
368 1456 555 1534 abstinentia,
578 1457 641 1516 lana
657 1454 827 1534 sulphurata
844 1458 1034 1532 circumdata,
1057 1459 1085 1516 in
1095 1458 1142 1532 je·

143 1545 215 1619 juno
231 1540 412 1600 absinthium.
437 1542 467 1600 Si
482 1541 568 1601 ardor
587 1540 763 1600 stomachum
780 1553 880 1619 urget,
898 1551 982 1602 aceto
996 1560 1058 1601 curn
1071 1559 1140 1601 rosa
1152 1558 1176 1599 ιι

149 1625 269 1687 subinde
298 1624 440 1684 fovendus
467 1634 526 1685 est:
564 1625 666 1685 deinde
697 1625 768 1684 cibis
796 1627 910 1704 quidem
936 1625 1071 1685 utendum
1097 1635 1143 1685 est

147 1710 284 1776 modicis;
307 1710 478 1788 imponenda
498 1727 569 1769 vero
594 1711 774 1769 extrinsecus
793 1728 867 1787 quae
890 1710 972 1769 simul
996 1719 1024 1769 et
1048 1710 1143 1786 repri-

147 1803 241 1869 munt,
266 1804 294 1854 et
317 1793 479 1853 emolliunt:
502 1794 620 1870 deinde,
643 1793 686 1853 his
710 1794 862 1871 detractis,
889 1794 1021 1853 utendum
1040 1793 1143 1852 calidis

149 1899 186 1940 ex
207 1880 297 1939 farina
320 1877 548 1955 cataplasmatis,
571 1896 644 1955 quac
665 1877 802 1955 reliquias
823 1879 969 1955 digerant:
999 1877 1142 1936 interdurn

149 1965 230 2024 alvus
246 1963 392 2023 ducenda:
416 1962 577 2022 adhibenda
596 1963 781 2036 exercitatio,
798 1971 827 2020 et
844 1962 925 2021 cibus
941 1962 1065 2038 plenior.
1105 1960 1177 2019 Atto

148 2051 172 2109 si
188 2049 366 2107 exulceratio
383 2048 558 2105 stomachum
574 2046 706 2120 infestat,
724 2045 824 2104 eadem
840 2047 903 2105 fere
919 2044 1051 2104 facienda
1069 2054 1145 2120 sunt,

149 2151 222 2211 quae
249 2134 277 2191 in
304 2130 435 2189 faucibus
458 2130 633 2189 exulceratis
658 2139 815 2209 praecepta
839 2139 910 2189 sunt.
950 2128 1144 2201 Exercitatio,

148 2217 243 2275 frictio
260 2215 428 2274 inferiorum
441 2215 561 2291 partium
579 2213 754 2281 adhibenda;
770 2213 921 2272 adhibendi
939 2213 1020 2271 lenes
1037 2221 1066 2270 et
1077 2211 1144 2288 glu-

149 2300 233 2359 tinosi
260 2299 332 2375 cibi,
362 2299 412 2357 sed
436 2299 506 2355 citra
532 2298 706 2366 satietatem
737 2299 830 2356 omnia
851 2299 928 2357 acria
950 2306 1036 2374 atque
1060 2296 1144 2354 acida

149 2383 339 2450 removenda;
360 2383 442 2456 vino,
460 2382 483 2439 si
500 2380 592 2438 febris
607 2397 663 2439 uon
681 2390 741 2456 est,
765 2381 858 2456 dulci,
882 2390 944 2455 aut,
970 2381 994 2439 si
1009 2379 1036 2438 id
1053 2378 1143 2454 inflat,
1153 2402 1178 2440 aa

150 2477 229 2527 certe
256 2467 312 2526 leui
338 2464 485 2532 utendum;
519 2463 571 2523 sed
595 2481 689 2541 neque
717 2465 911 2541 praefrigido,
939 2482 1033 2542 neque
1060 2464 1146 2522 nimis

150 2550 252 2610 calido.
275 2552 305 2608 Si
317 2567 388 2608 vero
404 2549 503 2625 pituita
516 2547 680 2607 stomachus
692 2549 842 2625 impletur,
858 2550 1040 2607 necessarius
1055 2548 1145 2607 modo

149 2637 175 2694 in
195 2635 312 2708 jejuno,
336 2632 421 2691 modo
444 2640 511 2710 post
536 2632 628 2691 cibum
645 2635 767 2691 vomitus
786 2641 844 2691 est:
867 2633 943 2691 utilis
960 2632 1145 2707 exercitatio,

149 2719 288 2796 gestatio,
315 2716 478 2792 navigatio,
510 2716 621 2776 frictio:
655 2716 723 2775 nihil
751 2716 891 2775 edendum
917 2716 1144 2792 bibendumque,

148 2803 201 2860 nisi
220 2801 355 2867 calidum;
374 2801 469 2858 vitatis
485 2809 591 2858 tanturn
605 2802 639 2859 iis
657 2819 730 2879 quae
745 2803 871 2878 pituitam
887 2798 1059 2858 contrahere
1074 2816 1144 2857 con·
1155 2825 1179 2864 30

149 2895 275 2945 suerunt.
299 2883 451 2944 Molestius
464 2893 524 2959 est,
542 2886 565 2941 si
580 2885 744 2945 stomachus
758 2884 816 2943 bile
828 2886 948 2943 vitiosus
963 2891 1016 2941 est.
1041 2882 1146 2942 Solent

150 2980 242 3032 autern
265 2972 299 3044 ii,
324 2971 371 3048 qui
393 2971 434 3029 sic
456 2978 616 3045 tentantur,
637 2970 814 3046 interpositis
837 2967 1004 3045 quibusdam
1029 2966 1144 3043 diebus,

149 3057 238 3130 hanc,
264 3055 444 3134 etquidem,
472 3053 547 3133 quod
563 3055 718 3132 pessimum
736 3062 796 3125 est,
821 3062 908 3110 atram
924 3069 1053 3110 vomere.
1092 3051 1145 3110 His

149 3150 230 3200 recte
247 3140 328 3199 alvus
344 3139 470 3208 ducitur;
491 3141 625 3216 potiones
638 3157 675 3196 ex
688 3136 828 3196 absinthio
842 3136 956 3201 dantur;
975 3137 1144 3194 necessaria

149 3227 291 3301 gestatio,
313 3225 458 3299 navigatio
481 3232 538 3290 est;
563 3224 585 3281 si
609 3222 672 3280 freni
691 3230 804 3299 potest,
827 3239 864 3278 ex
879 3237 986 3279 nausea
1002 3220 1180 3284 vomitus;as

149 3309 262 3367 vitanda
283 3307 423 3374 cruditas;
441 3306 568 3365 sumendi
583 3305 639 3365 cibi
656 3305 757 3364 faciles
774 3313 802 3361 et
813 3303 962 3362 stomacho
975 3320 1031 3361 non
1045 3303 1144 3378 alieni,

149 3392 242 3448 vinum
259 3399 412 3450 austerum.
437 3389 668 3466 Vulgatissimum
685 3405 755 3447 vero
773 3388 985 3466 pessimumque
1003 3386 1146 3445 stomachi

148 3472 245 3532 vitium
262 3482 306 3533 est
321 3473 473 3550 resolutio,
490 3472 517 3531 id
535 3482 578 3532 est
594 3490 677 3550 quum
695 3470 749 3531 cibi
764 3489 819 3531 non
831 3480 917 3530 tenax
931 3480 991 3546 est,
1008 3470 1146 3548 soletque
