2414 3924
549 183 788 247 -132-

163 331 267 411 pulsus
291 327 427 390 concadit
450 336 481 388 et
504 345 613 406 corpus
636 329 722 406 nigro
745 326 844 387 colore
869 326 1011 388 fuscatur.
1049 328 1181 389 efficitur

164 437 199 480 ex
233 417 421 479 antecedenti
452 418 599 477 maiorum
631 414 766 477 ciborum
798 415 995 495 indigestione
1029 417 1181 496 frequenti

164 516 214 568 aut
245 505 392 586 protunda
420 506 614 584 perfrictione
637 511 689 565 aut
711 503 791 564 letali
814 503 880 564 cibo
905 506 965 565 sive
989 507 1109 584 potione
1134 524 1180 565 ao·

164 604 250 675 cepta
273 613 361 674 qtram
384 594 490 655 Graeci
513 593 678 654 deleterion
701 593 819 673 dicunt,
842 602 876 653 ut
899 594 998 671 Iungis
1022 597 1181 655 venenosis

136 697 149 738 5
165 686 304 745 comestis
318 690 369 744 aut
388 685 526 761 quotiens
548 684 730 742 intrinsecus
744 683 775 741 in
794 684 867 760 ipsis
881 681 1019 742 vitalibus
1039 683 1181 743 membris

165 780 216 834 aut
238 774 270 833 iu
292 774 357 851 Ipso
381 778 501 832 omento
521 771 728 849 conquassatio
752 777 803 830 aut
826 770 956 850 diruptio
981 771 1073 831 luerit
1095 773 1181 832 lacta.

253 863 285 920 in
308 858 512 921 curationibus
535 877 606 919 vero
630 858 740 920 colicos
763 867 895 940 oportet,
924 859 955 918 id
979 868 1025 920 est
1048 862 1099 938 qui
1122 860 1181 920 coli

163 951 299 1010 intestini
325 956 441 1009 tantum
470 967 558 1010 causa
585 947 796 1028 laboraverint,
824 949 962 1028 primitus
985 951 1016 1008 in
1040 948 1180 1009 cruribus

164 1039 190 1098 si
207 1040 287 1098 vires
309 1039 463 1116 patiuntur
482 1055 572 1116 supra
596 1036 670 1097 talos
693 1038 853 1097 interiores
875 1055 964 1097 venas
987 1035 1180 1098 flebotomare

124 1138 150 1179 10
164 1132 195 1186 et
217 1128 330 1186 ventris
354 1127 598 1186 constrictionem
627 1127 735 1186 acriori
758 1124 885 1205 clystere
908 1125 1040 1186 relaxare
1065 1144 1101 1186 ex
1130 1126 1179 1186 de·

165 1217 299 1275 coctione
332 1213 465 1275 cantabri
495 1222 525 1275 et
557 1213 768 1292 coloquintidis
801 1232 870 1274 cum
901 1214 967 1275 oleo
998 1217 1117 1275 anetino
1150 1224 1180 1274 et

164 1302 307 1363 alronitro
336 1321 405 1363 curn
432 1302 518 1364 melle
547 1302 671 1364 modico.
714 1301 858 1363 utendum
886 1306 975 1363 etiam
1003 1310 1034 1363 et
1061 1303 1179 1364 sacculo

164 1390 258 1451 calido
287 1409 323 1451 ex
350 1391 507 1473 cantabro,¹
538 1393 569 1451 in
602 1410 661 1470 quo
689 1398 775 1452 antea
803 1391 895 1452 luerit
926 1392 1068 1453 decoctus
1100 1395 1180 1452 aneti

164 1478 332 1558 manipulus
362 1479 491 1540 admixto
516 1479 631 1540 modico
655 1480 733 1560 oleo,
761 1487 793 1541 et
820 1479 875 1540 sub
903 1483 967 1560 lpsa
990 1482 1178 1560 vaporatione

124 1581 149 1622 ra
164 1567 293 1628 adhibita
318 1570 400 1629 tenui
423 1567 545 1629 linteolo
569 1586 603 1629 ac
626 1568 737 1629 mundo
761 1577 792 1630 et
810 1569 951 1630 calefacto
970 1568 1110 1629 sudorem
1130 1587 1179 1628 ex·

164 1658 287 1717 citatum
310 1657 461 1738 deterges,
490 1665 520 1718 et
544 1675 633 1719 manu
656 1657 796 1719 calefacta
820 1656 977 1719 chalastico
1007 1675 1180 1736 perungues

164 1747 303 1824 superius
334 1747 366 1806 In
399 1748 527 1807 tetanica
558 1748 696 1826 passione
728 1754 907 1829 memorato,
938 1755 969 1806 et
1001 1745 1081 1805 molli
1112 1745 1180 1805 lana

162 1834 226 1894 loca
254 1833 365 1895 tutabis
389 1841 420 1894 et
447 1834 592 1896 lasciabis.
635 1837 724 1896 etiarn
746 1843 777 1895 et
799 1835 970 1895 lenticulam
993 1851 1109 1894 aeream
1133 1835 1180 1894 vel

163 1931 287 1985 testeam
311 1923 405 1985 calida
428 1924 572 2003 repletam
601 1926 674 2002 ipsis
697 1923 770 1984 locis
793 1923 963 1985 dolentibus
986 1941 1117 2002 appones
1140 1922 1177 1982 ob

122 2025 149 2066 20
163 2011 357 2091 mitIgandum
381 2012 523 2073 dolorem.

253 2099 341 2160 aliud.
379 2110 500 2162 anetum
523 2109 553 2162 et
576 2103 726 2180 cymInum
750 2100 899 2178 decoques
923 2103 953 2160 in
978 2100 1036 2160 olei
1057 2114 1093 2165 ÷
1116 2098 1180 2181 1111,

164 2195 194 2247 et
216 2189 321 2248 inicies
345 2197 413 2267 post
435 2189 651 2268 depositionem
674 2191 796 2251 ventris
834 2196 885 2249 aut
908 2198 1006 2249 rutam
1029 2189 1180 2267 decoques

165 2274 301 2336 similiter
328 2279 359 2336 in
388 2275 453 2337 oleo
482 2285 512 2337 et
539 2277 716 2339 admiscebis
744 2279 873 2339 resInam
900 2277 1110 2338 terebintinam
1143 2277 1180 2337 ad

163 2362 284 2423 modum
308 2364 447 2426 coclearii
470 2367 572 2447 unlus,
596 2375 626 2427 et
648 2369 761 2428 inicies.

122 2465 148 2506 25
252 2452 339 2513 aliud.
390 2471 507 2534 enema,
539 2455 569 2514 id
597 2465 643 2516 est
669 2458 804 2536 iniectio,
832 2455 943 2514 iaciens
970 2453 1007 2514 ad
1036 2461 1179 2514 tumores.

235 2701 248 2749 1
269 2701 304 2750 cir
324 2695 401 2750 cadit
418 2713 440 2752 e.
517 2696 560 2751 eff.
580 2697 675 2752 aulem
694 2713 717 2750 e.
733 2712 763 2765 p.
842 2701 858 2749 2
877 2695 1015 2750 malorum
1034 2711 1048 2750 e
1065 2694 1179 2763 (Petu).

162 2766 288 2821 ciborum
306 2782 357 2821 om.
376 2783 398 2822 c.
489 2767 721 2838 3perfrieatione
735 2784 766 2837 p.
857 2766 970 2837 tgreci
992 2783 1042 2822 om.
1057 2783 1088 2836 p.
1163 2775 1179 2822 6

161 2837 237 2892 facta
252 2855 285 2907 p:
305 2841 373 2893 nata
392 2854 413 2893 e.
489 2837 657 2894 teolericos
671 2856 702 2908 p.
775 2838 831 2893 ooli
844 2855 895 2894 ora.
910 2855 941 2908 p.
1017 2844 1048 2893 11
1070 2839 1099 2893 et
1116 2839 1179 2893 colo

161 2908 230 2976 quin
254 2909 338 2964 etiam
362 2909 391 2964 et
414 2910 509 2964 seculo
528 2914 575 2964 ete.
596 2912 656 2978 (om.
680 2908 749 2964 tidis
768 2928 831 2965 cum
855 2910 971 2965 oleo-
990 2909 1136 2976 utendum)
1156 2925 1179 2963 o.

162 2985 195 3034 13
215 2980 361 3036 decoctum
380 2997 405 3036 a.
424 2980 611 3050 manipulum:
630 2982 670 3035 eie
688 2997 729 3050 ep.
838 2986 872 3035 14
890 2981 950 3050 ipso
970 2997 992 3035 e.
1098 2985 1130 3034 15
1149 2983 1180 3034 et

161 3052 238 3120 (post
256 3053 371 3120 mundo)
390 3067 440 3106 om.
456 3069 484 3122 p.
569 3051 858 3120 18looapzlocr'1c
931 3051 1037 3106 iubebis
1051 3067 1077 3106 c:
1097 3051 1178 3105 tuba-

73 3183 76 3186 *
160 3121 203 3178 bis
218 3125 259 3192 (ot
272 3140 359 3192 supra
372 3125 485 3192 semper)
495 3139 526 3192 p.
594 3122 680 3177 etiam
695 3152 729 3163 -
744 3122 905 3177 dolentibus
919 3138 969 3176 om.
984 3139 1006 3176 c.
1082 3128 1114 3175 19
1130 3122 1178 3176 ob·

161 3228 368 3298 mittigandoe,
383 3193 592 3299 bbmittigandii
606 3245 637 3298 p.
711 3234 745 3283 21
760 3230 875 3283 anetum
888 3223 1024 3296 (ἄνηθον)
1041 3257 1073 3266 -
1088 3231 1123 3278 24
1144 3252 1177 3272 =

162 3297 210 3351 Pe.
230 3299 293 3354 Gal.
315 3300 368 3352 XI
372 3301 404 3368 V,
423 3305 486 3357 379,
560 3299 646 3355 cim11‘1
659 3316 691 3368 p,
710 3315 813 3352 -num
831 3315 846 3353 c
863 3299 909 3365 (cs.
929 3297 992 3354 Gal.
1010 3297 1084 3363 XIII,
1104 3300 1177 3366 267).

159 3367 187 3416 ÷
205 3367 266 3423 IIII.
281 3387 313 3438 p,
334 3368 437 3438 elur.
457 3389 478 3427 e.
557 3377 591 3426 23
610 3370 637 3425 d.
656 3372 686 3425 in
706 3369 767 3424 oleo
791 3367 921 3424 similiter
934 3384 965 3437 p.
1038 3366 1177 3423 admisces

190 3452 201 3490 ³.
274 3441 577 3513 eceoel'r.1.(1⁹.p)
599 3457 641 3510 cp.
