2414 3924
465 220 534 267 nra.
551 221 601 268 111.
618 221 694 270 cna.
711 223 743 271 v.
1063 212 1104 275 83

105 373 266 437 subveniat.
285 374 382 435 Sedis
396 374 456 435 dari
471 373 571 451 debet,
586 376 611 435 si
627 375 788 454 quotidiana
803 375 893 437 febris
909 386 963 453 est,
979 396 1053 455 qnae
1067 397 1105 439 ex

104 468 166 519 toto
178 457 306 533 desinat,
322 457 491 536 simulatque
505 474 611 537 corpus
623 460 765 536 integrum
776 458 951 521 factumest:
970 462 995 521 si
1008 479 1104 538 quam·

39 543 45 550 “
103 545 148 602 vis
165 557 222 601 aon
238 543 435 616 accessiones,
452 540 550 601 febres
567 550 661 601 tamen
672 543 843 619 junguntur,
860 553 890 603 et
902 544 1029 623 quotidie
1043 547 1104 622 qui·

59 629 61 634 '
105 625 170 685 dem
184 625 366 701 increscunt,
387 624 438 685 sed
460 627 522 685 sine
537 625 702 703 integritate
717 636 812 686 tamen
834 630 996 705 remittunt,
1019 646 1105 706 quum

81 726 211 786 scorpus
232 709 270 767 ita
290 726 324 767 εε
345 708 448 782 babet,
469 717 499 768 ut
519 709 612 784 major
632 711 764 770 remissio
780 726 837 769 non
853 720 1056 789 exspectatur:
1079 713 1104 771 si

103 792 195 853 altero
212 791 258 850 die
270 793 400 868 gravior,
418 791 510 852 altero
523 792 617 853 levior
628 795 761 853 accessio
778 802 832 870 εει,
849 803 917 873 post
928 786 1103 872 graviorem.

102 875 177 936 llere
192 892 265 934 vcro
281 877 446 951 graviorem
462 877 663 936 accessionem
684 877 778 936 levior
799 894 858 937 nox
880 878 1023 956 sequitur:
1047 895 1104 956 qno

103 961 147 1034 tit,
170 967 199 1018 ut
220 961 384 1035 graviorem
406 961 603 1020 accessionem
621 976 681 1018 nox
695 978 810 1038 quoquc
825 963 934 1020 tristior
955 961 1105 1022 antecedat

105 1043 160 1123 (cf.
177 1039 256 1119 Aple.
273 1041 309 1119 ll,
329 1042 394 1119 13).
426 1043 466 1102 At
480 1045 504 1103 si
519 1046 698 1103 continuatur
712 1043 814 1118 febris,
830 1062 925 1122 neque
939 1045 1034 1105 levior
1046 1063 1103 1105 unu·

69 1123 94 1185 ro
105 1145 188 1206 qnam
203 1127 242 1203 lit,
258 1134 287 1185 et
304 1126 363 1186 dari
379 1126 473 1187 cibum
488 1144 611 1187 accesso
627 1136 686 1203 εει,
704 1127 816 1203 quando
835 1128 896 1188 dari
911 1127 1031 1205 debeat,
1047 1146 1104 1188 tna·

104 1229 161 1288 gna
183 1209 327 1269 dissensio
349 1219 402 1270 est.
433 1210 568 1286 Quidam,
598 1213 662 1287 quia
682 1210 745 1270 lere
772 1213 920 1271 remissius
941 1213 1105 1272 matutinum

104 1304 218 1371 tempus
234 1295 332 1370 aegris
349 1304 411 1369 est,
429 1303 496 1354 tunc
514 1303 612 1371 putant
627 1292 758 1354 dandum.
792 1295 877 1369 Quod
894 1296 919 1354 si
933 1295 1103 1373 respondet,

105 1394 162 1436 non
184 1378 249 1455 quia
265 1395 348 1436 mane
372 1387 430 1454 est,
454 1377 507 1436 sed
528 1380 593 1456 quia
616 1378 748 1436 remissio
771 1387 829 1454 cst,
861 1379 921 1439 dari
945 1379 1042 1439 debet.
1073 1379 1104 1438 Si

105 1477 177 1520 vero
193 1478 230 1519 ne
245 1469 311 1519 tunc
329 1461 443 1538 quidem
459 1460 516 1520 ulla
532 1463 648 1539 requies
663 1464 761 1538 aegris
776 1471 835 1537 εει,
858 1462 914 1521 hoc
925 1463 998 1540 'ipso
1020 1462 1104 1540 pejus

70 1556 94 1596 at
104 1544 133 1602 id
153 1553 267 1622 tempus
290 1552 349 1618 est,
378 1544 454 1623 quod
476 1561 559 1622 quum
581 1563 630 1604 sua
651 1553 751 1605 natura
772 1546 872 1604 melius
895 1563 962 1605 csse
987 1543 1104 1620 debeat,

104 1626 198 1686 morbi
214 1627 299 1702 vitio,
315 1636 445 1687 nonest:
461 1628 602 1706 simulque
614 1629 772 1706 insequitur
783 1638 896 1705 tempus
907 1628 1104 1704 meridianum,

104 1729 121 1770 a
138 1726 194 1789 quo
218 1727 301 1788 quum
324 1711 415 1769 omnis
438 1728 527 1787 aeger
543 1712 605 1771 fere
621 1712 706 1791 pejor
726 1713 788 1788 liat,
815 1713 908 1770 timeri
930 1721 1044 1789 potest,
1059 1729 1105 1769 ‘ne

104 1794 154 1853 ille
177 1794 270 1869 magis
291 1796 390 1871 etiam,
420 1812 503 1873 quam
526 1813 562 1854 en
585 1795 807 1872 consuetudine,
833 1803 979 1871 urgeatur.
1012 1793 1105 1870 Igitur

105 1877 154 1936 alii
178 1895 303 1954 vespere
325 1878 375 1937 tali
396 1896 487 1955 aegro
510 1878 602 1938 cibum
623 1878 698 1937 dant.
729 1877 787 1937 Sed
810 1896 894 1957 quum
914 1895 950 1938 eo
971 1887 1104 1954 tempore

67 1978 94 2017 no
105 1961 170 2020 fere
188 1962 305 2039 pessimi
322 1962 391 2037 sint,
415 1964 463 2039 qui
480 1969 647 2037 aegrotant,
668 1960 825 2020 verendum
840 1970 901 2037 εει,
923 1979 974 2037 ne,
997 1960 1107 2037 siquid

102 2055 172 2104 tunc
192 2046 383 2120 moverimus,
405 2045 453 2104 fiat
473 2046 579 2122 aliquid
596 2045 736 2123 asperius.
765 2044 809 2103 0b
829 2044 903 2104 haec
925 2043 961 2103 ad
982 2043 1104 2102 mediam

103 2136 219 2188 noctem
238 2128 376 2195 decurro;
394 2128 422 2187 id
441 2137 499 2204 cst,
523 2130 600 2187 finito
616 2129 676 2201 jam
697 2128 873 2204 gravissimo
890 2136 1038 2205 tempore,
1054 2143 1104 2185 co-

104 2211 229 2288 demque
245 2211 413 2288 longissime
429 2212 567 2272 distante:
591 2212 753 2289 sequuturis
769 2228 840 2270 veru
857 2210 1033 2270 antelucanis
1053 2209 1103 2267 bo·

103 2297 163 2369 ris,
186 2293 290 2371 quibus
313 2312 413 2353 omncs
436 2296 498 2354 fere
522 2297 643 2354 maxime
664 2294 819 2360 dormiunt:
842 2293 945 2353 deinde
968 2294 1104 2353 matutino

68 2388 255 2456 astemporc,
280 2378 357 2454 quod
377 2387 476 2437 natura
500 2397 550 2437 sua
573 2379 746 2437 levissimum
768 2386 822 2437 εει.
858 2378 890 2436 Si
913 2393 983 2436 vero
1004 2375 1106 2435 febres

105 2479 201 2538 vagae
216 2469 297 2535 sunt,
322 2463 388 2538 quia
404 2460 559 2520 verendum
575 2471 633 2535 est,
657 2479 693 2520 ne
709 2462 802 2519 cibum
818 2462 912 2520 statim
926 2460 1109 2537 subsequan-

105 2555 162 2620 tur,
180 2543 417 2622 quandocumque
432 2547 495 2623 quis
511 2563 548 2603 ex
566 2545 736 2603 accessione
764 2545 876 2603 levatus
893 2553 953 2619 est,
974 2552 1039 2601 tunc
1061 2542 1109 2603 de·

105 2629 156 2687 bet
180 2645 337 2686 assumere.
366 2628 405 2686 dt
426 2629 449 2686 si
470 2628 569 2706 plures
589 2629 774 2687 accessiones
794 2628 897 2686 codem
912 2627 958 2685 die
981 2627 1108 2700 veniunt,

107 2710 294 2770 considerare
310 2720 443 2789 oportet,
479 2731 602 2791 paresne
615 2729 666 2789 per
685 2711 778 2769 omnia
795 2711 865 2786 sint,
882 2709 959 2788 quod
975 2711 1024 2767 vix
1040 2707 1108 2767 ficri

71 2815 96 2856 su
107 2804 213 2874 potest,
229 2812 264 2854 an
280 2795 415 2872 impares.
446 2797 476 2853 Si
493 2814 547 2872 per
565 2794 656 2851 omnia
669 2803 841 2870 parescunt,
855 2802 921 2870 post
934 2810 995 2851 cam
1009 2792 1106 2867 potius

106 2879 306 2939 accessionem
330 2878 411 2937 cibus
433 2878 491 2937 dari
514 2876 615 2950 debet,
638 2893 711 2952 quae
733 2893 791 2934 non
810 2877 885 2934 inter
908 2875 1054 2933 meridiem
1075 2878 1107 2931 ei

106 2978 262 3038 vesperem
284 2961 403 3021 desinit:
427 2963 450 3020 si
473 2963 598 3038 impares
614 2966 691 3034 sunt,
709 2957 947 3017 considerandum
963 2965 1023 3032 cst,
1047 2972 1103 3034 quo

107 3047 223 3105 distent.
256 3043 328 3104 Nam
348 3047 372 3104 si
398 3044 489 3103 altera
504 3043 635 3118 gravior,
657 3042 748 3099 altera
764 3041 858 3100 levior
874 3048 933 3116 εει,
957 3047 1024 3117 post
1039 3056 1104 3113 gra-

106 3132 219 3188 viorem
242 3128 302 3186 dari
325 3128 427 3186 debet:
458 3128 482 3184 si
506 3125 596 3184 altera
616 3124 747 3199 longior,
772 3123 862 3182 altera
885 3122 1018 3195 brevior,
1039 3128 1105 3196 post

73 3213 288 3288 aslongiorem:
303 3214 326 3269 si
344 3211 432 3270 altera
449 3209 577 3285 gravior,
605 3208 694 3266 altera
710 3207 826 3281 longior
841 3215 902 3279 εει,
921 3202 1105 3263 consideran·

109 3296 174 3354 dum
191 3304 235 3353 est
250 3303 313 3353 utra
327 3295 418 3369 magis
433 3293 552 3369 affligat,
570 3290 619 3349 illa
635 3290 678 3364 vi,
694 3307 729 3348 an
743 3289 817 3348 baec
832 3299 976 3366 tempore;
994 3295 1023 3346 et
1038 3292 1106 3362 post

110 3397 173 3438 eam
188 3378 297 3438 dandus
315 3386 373 3445 est;
398 3377 449 3435 sed
470 3378 555 3454 plane
573 3374 721 3451 plurimum
740 3375 876 3448 interest,
900 3380 1021 3449 quantae
1037 3384 1104 3445 qua·

111 3462 214 3539 lesquc
224 3464 299 3521 inter
311 3481 361 3521 eas
372 3461 557 3521 remissiones
570 3459 635 3519 sint.
664 3456 736 3516 Nam
751 3458 774 3516 si
787 3465 853 3536 post
864 3456 982 3599 altessrqm
994 3452 1105 3512 febrem
