2414 3924
441 223 509 269 uun.
526 223 559 274 vr
577 222 651 270 one.
669 223 790 269 xxvrrr.
1045 211 1105 274 207

109 377 254 455 scalpello
272 377 458 436 exciderunt:
475 394 570 454 neque
585 377 637 436 ulli
658 394 790 454 umquam
807 377 948 438 medicina
964 380 1105 457 profecit:

111 461 163 521 sed
187 460 288 519 adusta
311 461 441 538 protinus
464 461 607 519 concitata
629 469 710 535 snut,
733 468 763 519 et
788 462 988 539 increverunt,
1012 462 1107 522 donec

111 544 294 610 occiderent;
319 545 418 604 excisa
441 547 525 604 etiam
549 553 617 622 post
639 543 782 603 inductam
805 546 986 621 cicatricem,
1012 556 1107 605 tamen

110 636 308 703 reverterunt,
327 637 356 686 et
368 646 483 688 causam
495 631 596 687 mortis
609 628 778 689 attulerunt:
796 646 880 706 quum
897 630 1009 688 interim
1021 630 1106 707 pleri-

89 731 168 791 sque
184 711 290 770 nullam
306 714 363 770 vim
379 711 559 786 adhibendo,
577 730 631 789 qna
643 712 749 770 tollere
760 711 787 770 id
799 712 902 771 malum
916 721 1041 786 tentent,
1054 712 1107 772 scd

112 795 286 873 imponendo
307 804 413 854 tantum
436 796 510 855 lenia
532 795 756 871 medicamenta,
773 814 847 874 quae
864 798 944 874 quasi
960 796 1106 855 blandian-

113 890 174 954 tur,
192 880 342 957 quominus
359 879 394 938 ad
410 879 536 938 ultimam
559 888 738 938 senectutem
758 882 942 957 perveniant,
961 896 1018 938 non
1039 897 1106 957 pro·

113 963 274 1022 hibeautur.
311 961 487 1021 Discernere
510 971 604 1021 antem
629 962 805 1035 cacoethes,
829 962 905 1040 quod
930 964 1105 1022 curationem

113 1047 230 1125 recipit,
247 1064 263 1105 a
276 1047 478 1121 carcinomate,
494 1046 571 1124 quod
588 1064 644 1106 nou
659 1048 771 1122 recipit,
786 1064 870 1106 nemo
886 1047 902 1081 *
911 1049 985 1107 scite
998 1055 1106 1125 potest,

81 1131 166 1192 rosed
185 1141 317 1207 tempore
338 1139 366 1189 et
390 1133 600 1207 experimento.
638 1129 719 1206 Ergo
745 1128 794 1187 ubi
820 1130 938 1208 primum
963 1130 991 1189 id
1009 1132 1105 1190 vitium

116 1223 240 1274 notatum
261 1223 321 1288 est,
346 1216 454 1291 imponi
475 1213 582 1273 debent
601 1214 809 1272 medicamenta
831 1213 987 1274 adurentia.
1021 1215 1051 1274 si
1065 1215 1103 1273 le-

116 1306 198 1357 vatur
213 1298 332 1373 malum,
355 1300 573 1376 minuunturque
590 1299 652 1372 ejus
674 1297 795 1372 indicia,
814 1298 976 1374 procedere
996 1301 1104 1358 curatio

118 1390 215 1459 potest
231 1390 259 1440 et
273 1381 308 1440 ad
322 1381 509 1459 scalpellum,
527 1391 556 1440 ει
568 1382 604 1440 ad
619 1382 772 1440 ustionem:
790 1381 814 1438 si
827 1382 955 1458 protinus
968 1383 1105 1441 irritatum

117 1473 177 1539 εει,
209 1465 286 1524 scire
315 1465 385 1524 licet
407 1467 467 1540 jam
495 1466 657 1525 carcinoma
680 1483 761 1531 esse;
788 1464 1022 1543 removendaque
1043 1474 1106 1523 sunt

83 1549 210 1608 rsomuia
227 1550 321 1624 acria,
337 1550 430 1608 omnia
449 1548 639 1607 vehementia.
671 1548 729 1607 Sed
744 1549 767 1606 si
784 1550 845 1607 sine
861 1549 961 1607 ulcere
984 1550 1008 1607 is
1024 1548 1106 1607 locus

115 1632 201 1691 durus
217 1641 279 1706 est,
302 1634 408 1711 imponi
431 1633 514 1691 licum
537 1650 619 1709 quam
640 1632 872 1709 pinguissimam,
894 1642 940 1691 aut
959 1632 1106 1710 rhypodes

115 1717 300 1793 emplastrum
321 1716 394 1794 (19,
414 1716 469 1794 15)
491 1717 561 1774 satis
576 1725 630 1774 εει.
660 1717 689 1774 Si
706 1715 788 1774 ulcus
807 1716 928 1792 aequale
944 1725 1002 1791 est,
1026 1733 1106 1774 cera·

115 1810 172 1857 tum
199 1817 235 1856 ex
259 1814 325 1858 rosa
348 1798 531 1875 injiciendum
557 1808 614 1872 est,
643 1799 880 1876 adjiciendusque
904 1801 931 1858 ei
952 1800 1046 1877 pulvis
1069 1816 1107 1857 ex

118 1882 239 1941 contrita
256 1889 345 1956 testa,
361 1901 397 1941 cx
413 1901 467 1961 qua
482 1883 565 1941 faber
580 1883 719 1942 lerrarius
732 1885 845 1958 tingere
859 1883 984 1942 candens
999 1883 1107 1941 ferrum

82 1988 107 2028 ao
118 1965 219 2025 solitos
236 1973 289 2023 est.
316 1967 346 2024 si
362 1967 389 2025 id
406 1968 518 2025 nimium
534 1968 730 2043 supercrevit,
747 1966 881 2026 tentanda
897 1984 1013 2044 squama
1030 1965 1107 2025 aeris

117 2058 179 2123 est,
204 2067 279 2126 quae
302 2049 448 2108 leuissima
472 2068 508 2108 ex
531 2049 714 2109 adurentibus
737 2059 796 2125 est,
826 2060 960 2123 eatenus,
982 2068 1017 2108 ne
1039 2047 1107 2126 quid

117 2134 244 2191 eminere
270 2135 408 2209 patiatur:
435 2133 564 2208 sedita,
592 2135 615 2190 si
639 2134 707 2192 nihil
731 2133 931 2192 exacerbabit:
947 2133 1106 2208 sinminus,

117 2216 219 2275 eodem
240 2226 338 2274 cerato
355 2219 482 2276 contenti
498 2235 564 2276 εεεε
582 2216 759 2276 debebimus.

180 2301 208 2360 3.
233 2300 285 2358 Εει
301 2303 385 2360 etiam
400 2301 496 2376 ulcus,
513 2299 590 2376 quod
604 2299 760 2379 θηρίωμα
772 2299 875 2359 Graeci
891 2310 1004 2360 vocant.
1031 2297 1063 2358 ld
1080 2308 1109 2358 et

82 2405 108 2444 aa
120 2400 172 2460 per
188 2400 219 2440 se
232 2385 372 2460 nascitur,
390 2392 418 2443 et
433 2384 572 2442 interdum
585 2386 674 2443 ulceri
690 2404 727 2443 err
743 2383 798 2443 alia
814 2401 898 2443 causa
911 2384 989 2443 facto
1008 2401 1108 2461 supcr-

118 2467 203 2523 venit.
231 2465 321 2526 Color
335 2478 380 2527 εει
395 2467 443 2526 vel
460 2467 578 2543 lividus,
593 2470 641 2526 vel
657 2470 754 2544 niger;
772 2467 844 2526 odor
857 2468 977 2535 foedus;
993 2467 1107 2542 multus,

118 2559 146 2608 et
170 2567 253 2608 muco
277 2551 376 2609 similis
396 2551 512 2610 humor:
535 2552 626 2628 ipsum
649 2552 729 2610 ulcus
751 2569 845 2629 neque
866 2560 988 2626 tactum,
1014 2569 1108 2628 neque

118 2633 352 2692 medicamentum
374 2636 474 2700 sentit;
497 2636 644 2712 prurigine
670 2644 774 2694 tantum
798 2646 947 2694 movetur:
975 2644 1016 2694 at·
1031 2635 1109 2693 circa

119 2715 202 2773 dolor
219 2724 277 2790 est,
296 2727 323 2776 et
339 2718 536 2786 inflammatio:
555 2719 693 2778 interdurn
710 2720 794 2777 etiam
810 2718 901 2777 febris
917 2721 1019 2784 oritur;
1038 2735 1107 2775 non·

84 2815 109 2854 ao
121 2816 269 2876 numquam
287 2818 323 2857 ex
339 2801 437 2860 ulcere
452 2803 568 2878 sanguis
581 2804 717 2880 erumpit:
733 2811 819 2879 atque
833 2802 860 2860 id
875 2819 990 2879 quoqne
1006 2801 1108 2858 malum

119 2883 218 2956 serpit.
251 2881 331 2955 Quae
352 2887 444 2943 omnia
463 2904 552 2963 saepe
568 2887 764 2952 intenduntur;
789 2887 876 2962 fitque
895 2903 932 2943 ex
950 2884 994 2942 his
1010 2883 1107 2958 ulcus,

119 2965 194 3043 quod
219 2961 426 3042 φαγέδαιναν
448 2969 550 3028 Graeci
564 2979 685 3043 vocant,
714 2970 778 3046 quia
795 2968 931 3026 celeriter
947 2964 1106 3042 serpendo,

119 3050 356 3127 penetrandoque
372 3071 462 3129 usque
475 3070 558 3126 ossa,
575 3070 680 3127 corpus
697 3060 788 3110 vorat.
814 3050 847 3109 ld
861 3050 941 3108 ulcus
955 3046 1106 3125 inaequale

119 3142 176 3207 est,
194 3151 288 3191 coeno
312 3136 418 3202 simile;
442 3138 574 3211 inestque
589 3135 693 3193 multus
715 3134 816 3192 humor
836 3133 1016 3208 glutinosus,
1035 3130 1108 3190 odor

84 3236 108 3275 as
120 3216 322 3293 intolerabilis,
345 3221 495 3296 majorque
520 3236 602 3295 quam
623 3235 675 3294 pro
691 3217 775 3275 modo
794 3216 900 3274 ulceris
917 3215 1107 3274 inflammatio.

119 3300 293 3377 Utrumque,
318 3304 391 3361 sicut
412 3304 502 3359 omnis
524 3318 645 3376 cancer,
669 3303 699 3360 lit
719 3301 841 3359 maxime
860 3300 887 3356 in
910 3298 1043 3372 senibus,
1059 3292 1108 3352 α’

118 3384 152 3440 iis
169 3401 288 3460 quorum
307 3403 432 3462 corpora
448 3385 513 3443 mali
530 3384 641 3444 habitus
658 3393 730 3444 sunt.
762 3381 878 3442 Curatio
896 3384 1069 3460 utriusque«

119 3466 182 3524 dem
199 3475 256 3534 est;
278 3466 373 3526 sedin
395 3470 505 3545 majore
526 3469 601 3528 malo
618 3471 708 3544 maj0r
725 3468 769 3526 vis
783 3467 958 3526 necessaria.
990 3465 1065 3541 hep
