2414 3924
151 236 213 298 226
444 246 477 293 ιι.
497 244 526 292 e.
544 242 853 292 cenomannenses

151 402 253 462 oculus
273 401 443 479 plerumque
467 399 619 477 rumpitur;
643 406 799 474 votumque
814 405 877 472 est,
902 405 931 455 ut
945 403 1052 455 tantum
1069 397 1150 456 exul·

151 494 275 546 seretur.
313 482 392 542 lutus
414 491 527 559 ruptum
553 482 667 541 oculum
681 480 823 540 febricula
834 482 932 556 juvat:
956 481 980 539 si
995 479 1076 540 foras
1089 482 1151 556 jam

149 578 250 649 ruptus
273 564 413 645 procidit,
441 567 504 624 sine
524 566 631 624 auxilio
656 573 709 624 est.
749 566 779 623 Si
800 565 837 625 de
858 565 942 641 nigro
957 563 1064 641 aliquid
1079 563 1151 624 albi-

150 653 215 713 dum
237 652 420 725 factumest,
445 649 490 707 diu
507 657 611 708 manet.
651 650 690 708 At
706 650 729 707 si
748 666 883 725 asperum
900 657 930 707 et
946 665 1075 707 crassum
1093 657 1150 724 est,

150 738 235 796 etiam
259 743 325 812 post
349 735 526 792 curationem
546 734 699 808 vestigium
720 732 837 810 aliquod
862 732 1007 810 relinquit.
1048 729 1173 791 Curarie

150 838 221 880 vero
245 818 348 877 oculos
370 819 518 893 sanguinis
539 816 734 892 detractione,
761 815 970 874 medicamento
994 816 1053 893 (sc.
1072 834 1149 892 pnr-

148 902 278 982 pente),
311 900 438 976 balneo,
469 902 557 974 vino,
589 901 800 958 vetustissimus
827 908 927 958 auctor
952 897 1151 976 Hippocrates

150 985 245 1064 (Apb.
262 984 319 1061 Vl,
343 984 399 1062 31)
422 986 577 1042 memoriae
601 983 735 1061 prodidit.
773 982 832 1041 Sed
853 1000 953 1041 eorum
969 991 1103 1059 tempora
1121 991 1151 1041 et

150 1089 252 1130 causas
276 1086 375 1146 parum
400 1067 553 1147 explicuit:
587 1067 741 1144 inquibus
771 1067 931 1125 medicinae
957 1083 1064 1125 summa
1095 1075 1149 1125 est.

148 1154 251 1231 Neque
268 1154 363 1210 minu's·
375 1154 403 1209 in
420 1150 591 1210 abstinentia
606 1160 634 1209 et
651 1151 707 1210 alvi
723 1150 858 1209 ductione
874 1167 965 1226 saepe
979 1149 1076 1208 anxilii
1093 1159 1147 1208 est.
1159 1170 1183 1209 ιι

148 1236 208 1296 llos
230 1237 316 1310 igitur
331 1234 471 1293 interdum
489 1233 670 1292 inflammatio
686 1243 826 1311 occupat:
849 1233 896 1292 ubi
913 1251 976 1291 cum
992 1242 1105 1292 tumore
1120 1236 1149 1292 in

148 1321 193 1380 bis
209 1318 293 1378 dolor
311 1328 369 1386 est;
393 1319 580 1395 sequiturque
601 1319 719 1395 pituitae
735 1335 848 1394 cursus,
871 1334 1080 1395 nonnumquam
1098 1335 1148 1376 co·

148 1403 261 1484 piosicr
282 1402 329 1460 vel
352 1403 463 1478 acrior,
487 1418 696 1477 nonnumquam
717 1409 837 1476 utraque
858 1409 940 1478 parte
960 1399 1147 1461 moderatior.

148 1487 180 1546 ln
206 1485 345 1560 ejusmodi
367 1504 434 1545 casu
457 1487 548 1563 prima
571 1485 692 1544 omnium
713 1492 777 1543 sunt
799 1485 882 1562 quies
907 1492 936 1542 et
962 1482 1148 1548 abstinentia.

147 1570 229 1647 Ergo
244 1572 335 1648 primo
359 1569 420 1644 die,
443 1569 512 1629 loco
534 1567 658 1628 obscuro
681 1567 787 1627 cubare
810 1566 897 1626 debet
920 1568 979 1642 sic,
1002 1576 1032 1626 ut
1054 1585 1181 1626 aser-1⁵

147 1672 233 1714 moue
261 1672 376 1731 quoque
401 1651 557 1720 abstineat;
591 1652 698 1711 nullum
724 1650 818 1711 cibum
840 1669 1003 1720 assumere;
1035 1651 1060 1709 si
1085 1651 1149 1711 lieri

149 1747 262 1817 potest,
286 1756 322 1795 ne
344 1754 445 1813 aquam
462 1736 592 1814 quidem;
614 1736 657 1794 sin
671 1736 779 1810 minus,
806 1744 885 1794 certe
901 1752 986 1814 quam
1003 1736 1149 1794 minimum

148 1824 221 1898 ejus.
252 1821 335 1895 Quod
352 1823 376 1878 si
390 1838 497 1897 graves
513 1819 631 1880 dolores
648 1828 728 1894 sunt,
747 1818 924 1878 commodius
939 1818 1068 1879 secundo
1085 1819 1146 1887 die;

148 1908 171 1965 si
192 1915 285 1965 tamen
307 1913 471 1980 resurget,
493 1905 577 1963 etiam
596 1905 687 1981 primo
705 1905 823 1980 sanguis
840 1903 993 1963 mittendus
1012 1911 1071 1971 est;
1096 1905 1147 1961 uti·

148 2008 204 2068 que
228 1992 252 2047 si
277 1989 304 2046 in
331 1988 427 2048 fronte
453 2006 544 2047 venae
568 1996 690 2063 tument,
721 1989 745 2046 si
769 1988 849 2047 lirmo
875 2002 1003 2066 corpore
1026 1988 1178 2047 materiam

148 2081 291 2152 superest.
334 2073 364 2130 Si
386 2089 457 2131 vero
478 2073 570 2130 minor
592 2074 715 2149 impetus
737 2072 828 2130 minus
849 2089 947 2131 acrem
969 2072 1146 2130 curationem

147 2157 282 2234 requirit,
312 2155 421 2228 alvum,
456 2156 508 2216 sed
533 2159 647 2216 nonnisi
684 2154 813 2214 secundo
841 2157 964 2214 tertiove
986 2155 1049 2229 die,
1080 2154 1146 2213 duci

148 2248 273 2316 oportet.
305 2239 343 2297 At
359 2239 471 2297 modica
487 2237 668 2296 inflammatio
685 2247 814 2297 neutrum
832 2258 870 2297 ex
884 2239 929 2298 his
945 2238 1079 2298 auxilium
1095 2237 1144 2296 de·

147 2322 267 2388 siderat;
292 2323 419 2398 satisque
440 2330 484 2380 est
499 2322 538 2379 uti
554 2323 650 2398 quiete
669 2331 697 2382 et
711 2321 892 2382 abstinentia.
930 2322 1033 2400 Neque
1049 2331 1151 2382 tamen*
1196 2364 1198 2371 ·

146 2408 174 2464 ln
196 2403 381 2481 lippientibus
403 2404 519 2481 longum
538 2404 677 2479 jejunium
693 2408 888 2465 necessarium
907 2415 1026 2482 est,ne
1043 2407 1143 2482 pituita
1153 2427 1186 2475 ιι,

146 2488 258 2547 tenuior
280 2496 365 2564 atque
391 2489 484 2547 acrior
507 2487 568 2547 liat:
600 2489 651 2549 sed
676 2490 804 2549 secundo
831 2489 877 2548 die
905 2489 965 2548 dari
991 2489 1077 2548 debet
1104 2490 1144 2565 id,

147 2569 223 2648 quod
246 2568 422 2628 levissimum
445 2571 535 2629 videri
558 2582 655 2649 potest
671 2591 708 2631 ex
724 2574 776 2648 iis,
799 2591 873 2651 quae
891 2575 1018 2651 pituitam
1035 2572 1145 2632 faciunt

146 2653 334 2720 crassiorem
370 2654 463 2731 qualia
490 2664 554 2713 sunt
578 2673 632 2715 ova
656 2656 788 2716 sorbilia:
822 2659 845 2715 si
865 2658 957 2715 minor
979 2659 1023 2716 vis
1046 2666 1142 2733 urget,

145 2736 284 2816 pulticula
303 2755 434 2815 quoque,
452 2747 498 2796 aut
517 2741 599 2816 panis
615 2758 651 2798 ex
666 2739 752 2800 lacte.
787 2740 1066 2818 Insequentibusque
1083 2740 1142 2799 die·

145 2822 215 2897 bus,
240 2831 373 2898 quantum
395 2822 605 2882 inflammationi
626 2822 806 2901 detrahetur,
835 2834 941 2884 tanturn
960 2824 1046 2900 adjici
1068 2823 1142 2883 cibis
1152 2843 1177 2884 eo

146 2907 266 2985 poterit;
293 2905 344 2964 sed
368 2909 485 2983 generis
509 2906 655 2981 ejusdem:
679 2910 777 2986 utique
794 2918 823 2968 ut
840 2908 909 2968 nihil
927 2908 1050 2983 salsum,
1072 2908 1142 2967 nihil

126 3008 228 3065 ¹acre,
251 2989 324 3057 ,nibil
349 3009 386 3049 ex
411 2993 462 3063 iis,
493 3009 564 3068 quae
592 3000 765 3069 extenuant,
795 3002 935 3062 somatum
962 2992 1032 3051 nihil
1060 2994 1141 3069 potui

145 3083 260 3153 praeter
284 3092 394 3178 aquam.
433 3074 470 3133 Et
494 3076 585 3132 victus
603 3075 716 3152 quidem
733 3078 805 3137 rotie
821 3076 886 3136 talis
900 3078 1023 3136 maxime
1039 3093 1140 3134 neces

145 3159 219 3217 saria
243 3166 297 3216 est.
334 3156 466 3217 Protinus
491 3165 582 3216 autem
599 3161 692 3236 primo
710 3160 756 3218 die
773 3161 854 3219 croci
871 3179 898 3238 p.
914 3159 970 3238 )·(.
987 3174 1010 3220 1.
1028 3168 1057 3219 et
1072 3159 1139 3219 lari-

144 3259 197 3300 nae
219 3239 357 3300 candidae
380 3259 463 3318 quam
486 3243 669 3302 tenuissimae
691 3262 719 3320 p.
737 3245 793 3322 )·(.
809 3256 845 3303 11.
870 3246 1009 3323 excipere
1023 3252 1176 3322 oportetee

144 3326 192 3382 ovi
214 3322 297 3399 albo,
321 3323 413 3384 donec
437 3325 532 3384 mellis
558 3326 774 3386 crassitudinem
796 3325 915 3385 babeat:
937 3327 1022 3406 idque
1040 3329 1068 3387 in
1086 3328 1139 3388 lin-

75 3416 80 3423 ’
143 3406 251 3466 teolum
267 3406 396 3483 illinere,
416 3419 445 3469 et
460 3410 549 3469 fronti-
562 3409 760 3488 agglutinare,
784 3419 827 3488 ut,
853 3413 1030 3489 compressis
1046 3412 1139 3487 venis,

144 3490 262 3569 pituitae
282 3490 417 3568 impeturn
444 3492 587 3553 cohibeat.
632 3494 663 3552 Si
686 3511 803 3554 crocum
826 3503 967 3571 nonest,
997 3504 1042 3553 tus
1064 3494 1138 3554 idem
