2414 3924
125 184 169 250 60
371 192 580 242 nnuuunurr
604 191 681 241 cur.
696 191 742 240 ιν.
759 191 792 241 v.
810 191 854 240 vr.

191 335 315 397 diuitum
336 340 437 395 tamen
458 332 565 401 reiert,
597 332 682 393 cuius
702 347 839 411 quaeque
858 328 965 393 stellae
986 331 1102 404 domus,

76 435 109 486 10
128 422 241 483 alienae
257 437 293 481 an
310 421 403 498 ipsius
419 419 465 479 sit.
495 416 602 478 domus
616 415 689 478 sotis
702 415 766 486 leo,
782 414 870 476 iunco
885 433 1009 487 cancor,
1025 417 1104 479 Mer·

129 506 193 568 curi
218 505 302 582 virgo
328 511 358 564 ct
382 501 506 581 gemini,
542 501 666 562 veneris
691 498 768 561 libre
793 507 825 562 et
848 506 967 570 curos,
1003 501 1105 563 Martis

128 591 248 685 scorpio
272 595 302 648 et
322 589 416 657 aries
445 586 522 648 lovis
543 587 712 683 cogitamus
733 592 764 646 ct
778 585 882 663 piscis,
913 585 1039 647 Saturni
1059 604 1105 647 co-

130 674 288 754 pricornus
311 679 341 732 ει
361 671 510 749 aquarius.
553 670 707 731 nocturnis
729 668 893 748 originibus
913 669 1016 731 invent
1036 669 1134 733 iuuat

130 760 209 819 iiars
225 759 338 826 Venus,
355 755 423 836 plns
438 755 486 816 die
500 762 626 834 possunt
638 753 684 816 sol
698 754 846 817 Saurrnns
860 753 1011 832 iuppiter,
1028 755 1105 817 iter-

131 844 231 903 ourius
246 842 325 902 varie
340 847 371 902 et
385 838 535 919 quomodo
550 841 703 900 consensit
716 847 766 900 eut
782 839 859 900 visus
874 847 929 900 εει.

97 1043 116 1100 4
517 1040 568 1092 DE
587 1039 717 1092 TERRA.

196 1179 289 1239 Terra
302 1177 399 1239 medin
414 1178 546 1238 omnium
561 1194 665 1238 rerum
680 1183 734 1246 est,
750 1174 846 1237 iorma
863 1173 997 1253 globoso.
1020 1179 1107 1256 aquis

133 1263 275 1339 cingitur,
296 1263 328 1322 in
342 1280 411 1323 aera
426 1262 590 1341 prominet,
611 1261 721 1337 excipit
735 1259 860 1323 coelum.
905 1276 1004 1339 oquae
1024 1261 1107 1323 omni
1122 1269 1147 1319 ro

133 1344 178 1405 rel
204 1350 287 1409 aeris
310 1349 454 1424 temperie
481 1352 624 1424 quantum
650 1344 801 1415 adficitur,
831 1345 870 1406 ito
898 1360 1108 1426 quaecumque

132 1432 259 1492 sustinet
273 1430 363 1492 afficit
378 1437 408 1491 ει
422 1436 528 1490 movet.

99 1529 115 1577 ε
197 1515 316 1577 Poterat
340 1515 431 1576 tinem
455 1513 531 1576 iiber
550 1513 656 1592 plenus
683 1512 821 1575 omnibus
840 1514 1020 1577 necessariis
1047 1516 1106 1581 iam

134 1600 226 1661 videri
248 1607 439 1661 consecutus:
464 1599 515 1661 sed
532 1617 600 1660 cum
615 1605 646 1660 et
659 1598 763 1659 mnndi
777 1598 980 1661 dimensiones
996 1604 1025 1661 et
1039 1597 1106 1678 piu·

134 1686 209 1746 rimo
232 1691 387 1764 praeterea
409 1685 439 1745 in
459 1684 603 1746 universis
617 1681 709 1744 rebus
723 1683 799 1744 ratio
814 1683 995 1760 geometrice
1011 1681 1106 1762 inpie·
1122 1690 1148 1738 ιε

134 1772 224 1841 verit,
241 1787 334 1849 pauco
349 1769 387 1830 de
402 1769 536 1830 numeris
552 1769 759 1847 mensurisque
774 1767 915 1830 dicemus.

101 1970 120 2028 5
458 1970 508 2021 Du
528 1967 776 2022 GEOMETRIGA.

200 2106 386 2168 Geometrica
408 2114 453 2166 est
473 2102 595 2167 scientia
616 2104 768 2183 digerendi
784 2104 895 2182 figuras
918 2101 1107 2182 [inumeros

136 2191 295 2252 emetiendi
317 2208 385 2251 cum
401 2193 462 2253 suis
477 2188 718 2252 resolutionibus.
754 2205 897 2250 numerus
918 2194 965 2249 est
979 2205 1106 2268 congre·

136 2277 213 2355 gotio
230 2274 415 2352 singulorum
430 2276 510 2335 finita
527 2292 646 2352 semper
659 2283 689 2336 ει
703 2273 814 2337 infinito
830 2271 961 2352 nutura}
1122 2279 1149 2329 ro

102 2476 122 2533 6
510 2476 561 2527 DE
580 2473 731 2530 FORMIS.

199 2608 274 2671 Noto
301 2617 346 2671 est
365 2610 449 2671 cuius
475 2626 545 2689 pars
566 2610 647 2673 nulla
673 2618 733 2681 est,
763 2609 840 2673 linea
867 2608 1021 2688 longitudo
1042 2612 1106 2673 sine

136 2694 304 2766 latitudine,
333 2694 428 2756 lineae
447 2694 521 2756 fines
540 2703 638 2757 notae.
684 2702 766 2756 recta
790 2694 866 2756 linea
894 2699 938 2756 cst
958 2712 1036 2773 qnae
1056 2713 1105 2756 su·

206 2868 228 2915 1.
253 2878 359 2947 suennc
377 2864 443 2926 DV,
471 2862 554 2915 stelle
575 2865 647 2928 culpo
716 2865 740 2913 2
765 2863 860 2914 alieno
886 2863 912 2912 V
980 2874 1106 2913 mencunr

136 2934 221 2992 DV
205 2932 212 2965 ¹
240 2915 370 2984 mercurri
390 2933 416 2981 V
431 2949 461 2985 m
480 2949 532 2984 rec.
601 2933 627 2985 4.
644 2944 718 2980 rosus
735 2931 769 2994 D,
788 2931 882 2981 iouid
948 2931 1043 2995 pisces
1065 2932 1092 2981 V

137 3002 161 3052 6.
183 3002 286 3066 iupiter
311 3003 339 3051 V
404 3003 428 3051 7.
452 3013 551 3051 usurae
574 2999 600 3048 D
670 2999 710 3049 10.
732 2999 761 3047 in
785 3013 850 3049 uere
874 2998 898 3047 V
967 2999 1105 3049 lictoris

136 3072 196 3121 odd.
215 3069 313 3125 laicus
380 3072 434 3118 tem
456 3068 533 3118 erice
554 3065 600 3126 V¹,
619 3081 688 3116 corr.
706 3069 764 3117 m.2
832 3080 906 3130 rraq
925 3077 1013 3130 eumq
1031 3069 1056 3116 D

138 3141 178 3188 14.
195 3134 286 3187 uideni
303 3134 351 3200 (i
341 3083 487 3199 cercesi)
558 3135 598 3184 16.
617 3133 733 3185 dicimus
756 3133 782 3183 V
849 3133 889 3185 17.
908 3145 1105 3200 peomeunruce

138 3207 175 3268 D,
199 3205 354 3271 geometria
376 3204 401 3254 V
469 3203 510 3254 18.
533 3201 672 3267 dirigendi
689 3205 763 3266 vulpe
832 3205 861 3252 et
878 3216 1007 3252 numeros
1024 3204 1105 3268 culm,

139 3243 315 3324 ar’ithmetice
332 3287 406 3323 num.
429 3273 493 3322 coni.
512 3270 610 3321 Iatour
680 3271 721 3320 19.
741 3268 784 3320 sui
805 3270 832 3321 V
897 3271 940 3321 20.
961 3274 989 3319 ει
1006 3284 1054 3321 cm.
1071 3270 1105 3328 D,

137 3341 230 3392 uddd
291 3343 392 3390 notura
410 3337 445 3388 de
464 3338 560 3389 formis
577 3340 645 3388 netu
662 3340 866 3389 contirmooerou
882 3337 908 3385 V
973 3338 1016 3387 22.
1034 3351 1107 3388 nore

139 3410 188 3470 (ο’
177 3424 204 3458 ιη
215 3407 281 3474 ras.)
295 3409 331 3468 D,
344 3412 412 3457 nete
428 3407 455 3456 V
519 3407 561 3458 23,
575 3419 676 3457 trueco
689 3419 723 3456 oc
737 3404 1108 3467 suessionensem

138 3474 278 3526 erluinus
346 3478 422 3540 recte
443 3475 469 3525 V
