2414 3924
523 220 768 287 -180-

224 369 255 428 in
288 363 492 427 curationibus
523 383 595 426 vero
628 367 654 426 si
686 382 756 427 cum
790 365 1004 426 constrictione
1037 366 1152 425 ventris

135 456 227 518 luerit
248 456 361 536 passio,
389 453 613 533 cataplasmabis
641 452 809 515 laborantes
833 471 870 514 ex
897 453 977 514 laeui
999 454 1099 532 graeci
1121 462 1154 514 et

135 544 189 606 lini
216 546 329 606 semine
357 549 389 604 et
414 541 520 604 hordei
547 543 656 624 lerina,
683 541 823 604 adiuncto
847 541 1008 603 sufficienti
1032 544 1151 602 cumino

136 641 167 695 et
188 639 269 714 ruta,
296 631 395 692 hienm
418 639 450 693 et
475 630 552 692 lauri
576 630 659 692 bacis
681 649 751 692 cum
773 629 890 693 modico
913 629 1001 692 mede
1024 637 1055 691 et
1077 629 1152 690 oleo.

109 730 166 783 ⁵et
193 728 352 801 postquam
378 718 484 781 tuleris
513 719 702 800 cataplasma,
729 727 799 781 ante
823 726 853 779 et
875 725 957 779 retro
981 717 1153 779 cucurbitas

136 809 220 871 dabis
239 817 271 871 et
292 808 368 869 lanis
391 807 511 869 mundis
533 806 599 868 loca
620 807 733 870 tutabis
750 815 782 869 et
804 806 949 868 lasciabis.
990 814 1021 868 et
1043 808 1153 868 iciunis

136 899 302 960 antidotum
325 897 507 958 diureticum
529 895 613 957 dabis
632 897 773 976 superius
794 898 826 956 in
848 896 993 956 nelretica
1014 896 1153 975 passione

136 989 348 1066 conscriptum.
394 983 563 1065 posthaec
591 984 733 1064 epithima
761 983 809 1045 dia
839 992 1011 1063 spermatou
1037 983 1084 1045 vel
1104 984 1156 1044 dia

136 1093 276 1137 samsuou
304 1092 448 1155 appones,
476 1080 507 1134 et
530 1075 592 1133 acri
615 1073 741 1153 clystere
766 1080 901 1133 ventrem
932 1072 1076 1154 deduces,
1104 1080 1156 1133 aut

98 1177 123 1215 10
138 1172 219 1225 certe
238 1162 382 1243 oxymelis
402 1162 564 1222 cathartico
584 1168 789 1241 competenter
806 1159 962 1242 purgabis,
986 1160 1066 1240 quod
1085 1180 1155 1241 osy-

138 1251 197 1312 mei
219 1253 346 1313 inierius
369 1252 401 1311 in
423 1249 490 1312 loco
513 1267 581 1323 suo,
592 1250 833 1329 conscripsimus.

161 1340 164 1347 “
228 1341 274 1400 sin
297 1357 367 1399 vero
391 1356 460 1400 cum
487 1337 605 1399 fervore
628 1345 659 1399 et
685 1339 821 1399 tensione
846 1344 876 1398 et
903 1338 1063 1418 perediae
1087 1357 1156 1399 eum

137 1427 289 1508 aliquanto
317 1426 418 1487 dolore
446 1427 541 1506 ipsam
568 1428 695 1487 tumoris
723 1428 784 1487 sive
809 1425 971 1488 inllationis
994 1429 1155 1488 extantiam

138 1519 169 1578 iu
193 1514 333 1577 cruribus
357 1517 507 1576 senserint
530 1521 717 1596 aegrotantes
744 1523 880 1595 tempore
904 1533 964 1595 quo
986 1516 1081 1596 magis
1104 1515 1155 1575 de-

99 1618 124 1658 15
138 1603 366 1683 ambulaverint,
394 1611 514 1683 oportet
541 1603 604 1664 scia
627 1621 716 1664 crura
737 1621 793 1683 per
815 1611 913 1665 totum
936 1602 1098 1665 levioribus
1121 1622 1156 1664 ac

138 1692 240 1755 multis
268 1691 443 1754 laceraturis
467 1693 607 1753 scarilare
631 1691 779 1752 eomodo
808 1710 868 1771 quo
892 1694 1030 1772 superius
1055 1694 1156 1770 ignem

138 1799 257 1844 sacrum
287 1782 429 1842 scarilare
458 1781 679 1861 praecepimus,
708 1780 755 1841 rei
784 1798 840 1860 pro
871 1781 1058 1842 scarilationc
1088 1798 1156 1839 san-

20 1893 29 1910 ·
138 1873 278 1952 guisugas
302 1887 442 1951 appones.
484 1877 514 1930 et
542 1876 612 1949 post
633 1867 848 1930 detractionem
871 1870 1024 1950 sanguinis
1048 1869 1156 1929 iactam

137 1978 258 2040 poscam
286 1977 355 2020 carm
382 1957 499 2019 modico
527 1957 657 2019 alumine
690 1956 885 2039 temperabis,
917 1976 954 2018 ex
981 1975 1041 2038 qua
1066 1975 1158 2037 posca

98 2063 126 2102 20
138 2047 293 2128 penicillos
320 2046 412 2109 rudes
440 2065 474 2108 ac
500 2045 651 2108 molliores
680 2045 831 2107 moderate
864 2064 1022 2126 expressos
1052 2064 1157 2125 super·

138 2153 233 2215 pones
261 2142 291 2196 et
318 2134 431 2214 ligabis.
474 2142 505 2196 et
531 2142 600 2215 post
627 2135 691 2195 dies
713 2133 755 2194 lii
782 2134 831 2194 dia
857 2136 940 2195 iteon
963 2134 1157 2214 emplastrum

140 2241 279 2303 appones.
326 2230 377 2284 aut
401 2230 481 2284 certe
510 2221 583 2283 iilud
612 2222 691 2302 quod
715 2241 732 2282 a
755 2221 876 2284 Graecis
900 2241 917 2283 c
940 2221 1083 2283 barbaros
1107 2240 1157 2302 ap-

214 2508 228 2554 1
247 2515 314 2554 vero
332 2513 382 2554 oen.
403 2515 425 2554 c.
516 2505 533 2554 3
553 2498 655 2554 cimino
674 2513 702 2565 c,
720 2499 794 2552 imin
808 2514 839 2567 p.
929 2500 1116 2554 obscoenam
1135 2515 1158 2566 e,

140 2573 225 2627 bacas
239 2587 270 2640 p.
358 2577 374 2624 6
393 2569 506 2624 iubebis
524 2572 568 2636 (at
585 2573 699 2650 semper)
711 2584 742 2637 p.
815 2572 845 2625 et
862 2569 993 2625 suscitabis
1012 2585 1039 2624 c:
1058 2585 1109 2623 om.
1128 2587 1159 2637 p.

141 2684 157 2732 'i
177 2677 277 2747 diare(i
290 2674 354 2746 anie
367 2694 399 2746 p.
470 2647 841 2750 aeffretice'effieiiretioa
858 2677 922 2744 (sic)
937 2681 980 2744 pi.
1063 2680 1080 2729 8
1099 2675 1159 2743 epi·

139 2748 242 2803 thimio
264 2764 291 2814 e,
316 2746 415 2816 epith'i
433 2763 463 2816 p.
550 2746 690 2818 diaspaaio
709 2767 740 2819 p.
822 2748 883 2802 daea
901 2740 938 2801 ati
962 2750 1031 2801 suci
1055 2762 1084 2813 c,
1110 2745 1160 2800 dia

141 2821 222 2873 sisui
234 2835 264 2887 p.
337 2817 477 2873 balisteri
495 2834 516 2872 c.
590 2817 703 2875 deducis
718 2838 754 2890 p,
774 2818 849 2873 -cil
867 2835 890 2873 e.
963 2823 996 2871 10
1017 2816 1119 2871 cumei
1136 2834 1158 2882 e,

141 2888 224 2944 oxieI’
238 2905 269 2958 p.
343 2888 491 2958 enimait,
511 2888 632 2958 oxielp.
716 2897 749 2945 11
772 2889 903 2944 inferius:
927 2890 1008 2944 immo
1032 2887 1159 2956 superius

140 2963 175 3026 (c.
195 2964 251 3028 34).
332 2959 382 3013 inf.
402 2976 452 3014 suo
470 2960 533 3015 loco
547 2976 579 3028 p.
663 2968 695 3016 12
716 2961 767 3016 Sin
784 2977 810 3014 c:
836 2959 910 3028 Sip.
983 2960 1012 3013 ei
1029 2955 1158 3012 tensione

140 3047 191 3086 om.
206 3047 237 3100 p.
311 3036 344 3085 18
363 3029 455 3100 ipsam
471 3030 591 3085 tumoris
605 3048 642 3101 p:
659 3039 708 3103 1130
725 3035 806 3087 hidre
824 3047 846 3085 c.
925 3030 984 3084 sive
1001 3027 1158 3083 inflacionis

140 3101 312 3170 extentius,
332 3117 382 3156 seu
400 3101 555 3157 extantiam
573 3101 764 3159 inflationibus
778 3118 810 3170 p.
921 3105 954 3154 15
973 3116 1007 3154 ac
1020 3115 1056 3168 με
1080 3103 1116 3153 eia
1135 3114 1158 3152 c.

143 3178 176 3228 16
199 3172 351 3229 scarificari
368 3189 383 3227 c
401 3175 477 3241 (-re
491 3175 533 3241 p).
625 3190 657 3228 eo
675 3190 709 3243 p:
736 3172 835 3229 eodem
857 3187 880 3226 c.
973 3176 1005 3225 1⁷
1025 3185 1117 3224 acrem
1136 3185 1159 3223 c.

142 3245 273 3300 scarifere
291 3245 356 3311 (eie)
369 3260 404 3312 p:
424 3243 542 3298 -licarc
561 3259 582 3299 e.
672 3261 723 3314 pro
743 3242 933 3298 scantatione:
956 3257 1007 3311 pro
1027 3239 1158 3294 scanicae

140 3315 205 3384 (sio)
222 3333 263 3385 ep.
340 3319 373 3368 19
393 3330 497 3383 exque
514 3330 646 3384 poscap:
666 3330 822 3384 exaquac.
895 3318 930 3366 20
948 3311 1102 3382 penicellos
1117 3327 1158 3378 cp.

141 3385 273 3441 meliores
288 3402 315 3440 e:
334 3384 433 3438 molles
443 3401 474 3454 p.
547 3390 580 3438 21
596 3384 677 3455 ponis
691 3402 733 3455 cp.
806 3383 863 3439 .ΙΠ,
877 3384 941 3450 (sic)
957 3399 998 3452 cp.
1071 3379 1160 3436 dieite

142 3488 166 3538 o,
184 3461 318 3545 diailceo}
335 3474 418 3538 (corr.
436 3473 555 3540 obsera.)
568 3490 599 3541 p.
678 3479 713 3528 22
727 3489 755 3528 e:
773 3487 824 3528 om.
844 3488 876 3542 op
896 3471 944 3542 (cf.
964 3489 986 3528 e.
1006 3477 1049 3526 38.
1068 3471 1124 3539 it).
