2414 3924
442 215 512 261 nun,
528 214 581 261 ιιι.
597 213 672 261 cua.
687 214 746 260 vn.
1056 199 1100 264 89

91 371 226 432 utendum
242 379 302 438 est;
317 368 448 428 ducenda
463 368 547 428 alvus
561 367 610 427 vel
629 385 720 446 aqua,
740 367 788 428 vel
799 371 930 446 ptisanae
948 385 1097 438 cremore:

92 466 150 515 tum
171 454 285 514 demum
306 452 420 513 levibns
444 452 516 512 cibis
537 453 714 512 nutriendus.
753 451 792 512 Ει
810 471 848 512 ex
874 462 936 513 toto
967 470 1026 512 non
1053 455 1098 513 sic

92 541 191 620 pueri,
214 547 245 598 ιιι
258 538 331 614 viri,
356 540 450 596 curari
468 535 585 595 debent.
615 535 713 612 Ergo,
740 545 769 595 ut
791 537 818 594 in
840 537 897 597 alic
913 554 1030 615 quoque
1045 554 1097 614 ge·

92 641 163 682 nere
180 621 362 698 morborum,
383 623 498 700 parcius
515 621 542 678 in
554 618 600 679 his
615 620 757 697 agendum
772 629 835 681 cst:
856 638 914 680 non
930 620 1016 680 iacile
1032 638 1097 679 san·

68 708 209 785 nguinem
224 708 356 779 mittere,
375 722 433 764 non
448 703 535 764 facile
550 703 658 762 ducere
673 704 784 779 alvum,
800 722 858 763 non
875 706 1006 763 cruciare
1024 705 1096 781 vigi·

91 790 147 866 lia,
170 790 298 864 lamere,
322 799 371 848 aut
392 790 476 848 nimia
498 788 560 865 siti,
584 804 641 845 non
656 788 724 848 vino
743 806 855 847 curare.
882 789 1014 848 Vomitus
1029 797 1098 867 post

91 873 203 933 febrem
225 872 385 933 eliciendus
414 880 473 938 est:
504 870 607 930 deinde
629 870 738 931 dandus
758 871 840 931 cibus
863 890 902 931 ex
921 872 1080 931 levissimis
1088 895 1095 941 ;

90 967 149 1017 tum
167 958 191 1017 is
209 957 347 1024 dormiat;
372 965 553 1034 posteroque
573 954 638 1030 die,
660 957 683 1013 si
700 955 790 1015 febris
806 965 915 1031 manet,
938 955 1095 1023 abstineat;

91 1042 195 1117 tertio,
212 1040 247 1100 ad
263 1040 384 1099 similem
399 1039 493 1099 cibum
508 1038 619 1098 redeat.
649 1038 808 1119 Dandaque
824 1057 915 1117 opera
929 1049 990 1116 est,
1007 1058 1096 1119 quan·

56 1135 149 1187 ntum
167 1125 229 1184 fieri
245 1132 358 1202 potest,
380 1133 411 1183 ut
431 1125 505 1199 inter
526 1131 719 1201 opportunam
736 1123 939 1184 abstinentiam
961 1123 1027 1183 cibo
1044 1141 1096 1202 cp·

92 1216 235 1287 portuno,
252 1208 368 1267 omissis
383 1208 505 1283 ceteris,
520 1208 670 1266 nutriatur.

154 1292 184 1352 2.
208 1292 239 1350 Si
255 1309 326 1351 vero
342 1290 447 1350 ardens
461 1290 552 1350 febris
566 1299 711 1367 extorret,
724 1291 802 1350 nulla
816 1292 1017 1351 medicamenti
1029 1291 1096 1351 dan-

91 1377 127 1436 da
143 1375 223 1454 potio
241 1385 300 1444 est;
321 1374 414 1434 sedin
430 1375 502 1453 ipsis
521 1374 741 1433 accessionibus
757 1374 824 1434 oleo
842 1385 870 1435 et
885 1393 959 1455 aqua
973 1375 1096 1452 refrige-

90 1458 197 1520 randus
219 1468 283 1536 est,
306 1476 380 1538 quae
395 1457 541 1518 miscenda
563 1477 645 1518 mauu
661 1467 743 1536 sunt,
765 1456 859 1519 donec
873 1459 1039 1528 albescant:
1060 1476 1097 1518 ec

56 1565 82 1606 rs
92 1542 225 1604 conclavi
243 1541 404 1620 tenendus,
424 1560 481 1620 qno
497 1542 613 1601 multum
628 1552 657 1602 et
674 1560 775 1621 purum
787 1561 885 1602 aerem
899 1542 1015 1602 trahere
1029 1560 1096 1621 pos-

92 1630 144 1695 sit;
169 1644 265 1704 neque
287 1621 383 1685 multis
405 1627 584 1686 vestimentis
610 1627 850 1703 strangulandus,
866 1626 924 1687 sed
946 1626 1096 1686 admodum

90 1710 205 1770 levibus
223 1719 330 1769 tautum
346 1710 486 1770 velandus
501 1719 555 1769 est.
583 1710 709 1769 Possunt
719 1711 803 1770 etiam
815 1729 903 1790 super
918 1711 1096 1770 stomachum

90 1795 200 1871 imponi
221 1793 293 1854 folia
317 1795 384 1852 vitis
404 1794 431 1851 in
455 1811 529 1871 aqua
544 1792 649 1870 frigida
670 1794 768 1854 tincta.
803 1795 848 1853 hc
863 1813 900 1853 ne
918 1796 965 1853 siti
976 1793 1095 1872 ‘quidem

91 1879 174 1936 nimia
196 1876 345 1936 vexandus
371 1886 425 1941 est.
454 1877 585 1936 Alendus
609 1878 745 1936 maturius
764 1888 825 1955 est,
840 1878 867 1937 id
885 1887 930 1937 est
945 1896 961 1937 a
977 1878 1024 1936 die
1037 1886 1095 1937 ter·

53 1984 81 2026 ιο
92 1962 148 2028 ιίο;
164 1969 193 2019 et
205 1969 271 2020 ante
285 1961 379 2019 cibum
391 1960 492 2021 iisdem
506 1961 721 2039 perurgendus.
744 1962 774 2020 Si
785 1964 884 2041 pituita
900 1964 927 2020 in
944 1960 1096 2022 stomacho

92 2045 178 2121 coiit,
203 2044 336 2103 inclinata
353 2046 413 2119 jam
430 2047 619 2119 accessione,
640 2062 759 2103 vomere
784 2046 933 2122 cogendus
957 2055 1016 2113 est:
1038 2055 1096 2103 tum

91 2127 212 2188 dandum
227 2127 360 2204 frigidum
377 2128 458 2204 olus,
475 2138 522 2188 aut
539 2145 653 2207 pomum
670 2147 706 2186 ex
723 2129 759 2187 iis
775 2147 849 2207 quae
860 2130 1009 2188 stomacho
1026 2146 1094 2187 con·

90 2214 217 2271 veniunt.
252 2213 282 2270 Si
303 2212 399 2270 siccus
416 2221 512 2271 manet
532 2211 719 2290 stomachus,
737 2214 868 2291 protinus
886 2213 934 2271 vel
952 2214 1094 2291 ptisanae,

90 2297 140 2355 vel
156 2296 264 2371 alicae,
285 2295 333 2354 vel
354 2313 462 2370 oryzae
485 2314 598 2355 cremor
617 2296 725 2355 dandus
748 2306 808 2373 est,
835 2316 898 2356 cum
917 2314 973 2375 quo
989 2314 1095 2354 recens
1147 2329 1150 2334 -

54 2392 81 2432 au
93 2379 185 2456 adeps
207 2387 291 2438 nocta
313 2380 358 2438 sit.
394 2380 487 2454 Quum
507 2399 579 2440 vero
600 2381 627 2438 in
650 2398 757 2439 summo
779 2382 955 2440 incremento
978 2380 1095 2439 morbus

92 2472 154 2538 est,
176 2464 274 2540 utique
290 2479 348 2521 non
363 2473 429 2522 ante
445 2474 575 2542 quartum
588 2465 678 2541 diem,
701 2482 805 2540 magna
826 2466 873 2524 siti
890 2464 1094 2541 antecedente,

90 2546 195 2622 frigida
228 2562 302 2622 aqua
332 2548 454 2625 copiose
484 2549 656 2626 praestanda
679 2557 741 2625 est,
763 2557 791 2607 ut
813 2548 892 2607 bibat
914 2551 999 2608 etiam
1021 2548 1093 2607 ultra

91 2631 267 2697 satietatem;
298 2640 326 2690 et
347 2649 432 2710 quum
450 2632 510 2706 jam
531 2642 634 2691 venter
651 2641 679 2690 et
697 2632 868 2711 praecordia
891 2631 1094 2692 ultramodum

89 2714 221 2792 repleta,
239 2715 367 2792 satisque
382 2716 556 2791 refrigerata
571 2725 651 2790 sunt,
665 2733 783 2774 vomere
802 2715 898 2774 debet.
921 2717 1042 2790 Quidam
1057 2733 1094 2774 ne

55 2799 226 2856 aovomitum
247 2798 361 2874 quidem
382 2801 516 2874 exigunt:
547 2798 599 2856 sed
621 2801 683 2876 ipsa
698 2817 772 2877 aqua
789 2799 895 2875 frigida
910 2809 1032 2874 tautum,
1058 2797 1094 2858 ad

90 2882 252 2941 satietatem
275 2881 358 2958 data,
378 2900 432 2960 pro
459 2881 666 2940 medicamento
689 2891 812 2941 utuntur.
850 2882 907 2942 Ubi
929 2882 1095 2942 utrumlibet

89 2965 279 3042 factumest,
302 2965 389 3024 multa
413 2974 496 3023 veste
522 2964 698 3042 operiendus
720 2973 780 3040 est,
806 2974 835 3024 et
852 2966 1040 3025 collocandus
1064 2974 1094 3024 ut

89 3048 221 3107 dormiat.
246 3047 380 3126 Fereque
396 3057 463 3125 post
474 3048 590 3123 longam
606 3049 680 3105 sitim
697 3057 727 3107 et
742 3049 884 3124 vigiliam,
901 3058 968 3124 post
979 3049 1094 3108 multam

89 3133 269 3208 satietatem,
285 3142 351 3211 post
367 3132 516 3190 infractum
530 3131 671 3207 calorem,
687 3127 790 3208 plenus
803 3149 921 3192 somnus
933 3133 1094 3208 venit,·per

54 3230 79 3271 as
91 3233 175 3293 quem
192 3216 297 3292 ingens
321 3215 410 3274 sudor
432 3215 600 3282 effunditur:
621 3214 706 3291 idque
730 3216 993 3292 praesentissimum
1015 3215 1092 3273 auxi·

89 3298 157 3357 lium
173 3307 234 3357 est:
260 3299 311 3358 sed
328 3301 356 3358 in
376 3300 411 3357 iis
427 3307 536 3374 tamen,
557 3299 585 3356 in
602 3297 704 3377 quibus
719 3306 835 3374 praeter
851 3297 999 3373 ardorem,
1023 3294 1092 3355 nulh‘

90 3381 227 3458 dolores,
245 3383 339 3441 nullus
357 3383 594 3459 praecordiorum
612 3391 719 3450 tumor;
741 3380 810 3439 nihil
826 3381 986 3458 prohibens
1003 3378 1076 3439 veli

90 3465 229 3540 thorace,
253 3466 301 3525 vei
325 3468 353 3524 in
375 3466 528 3543 pulmone,
553 3466 600 3523 vel
621 3467 648 3524 in
671 3463 817 3530 laueibus;
839 3482 895 3523 non
917 3464 1017 3541 ulcus,
1034 3477 1076 3522 no
