<?xml version="1.0" encoding="UTF-8"?>
<!DOCTYPE html PUBLIC "-//W3C//DTD XHTML 1.0 Transitional//EN"
    "http://www.w3.org/TR/xhtml1/DTD/xhtml1-transitional.dtd">
<html xmlns="http://www.w3.org/1999/xhtml" xml:lang="en" lang="en">
 <head>
  <title>
</title>
<meta http-equiv="Content-Type" content="text/html;charset=utf-8" />
  <meta name='ocr-system' content='tesseract 3.04.00' />
  <meta name='ocr-capabilities' content='ocr_page ocr_carea ocr_par ocr_line ocrx_word'/>
</head>
<body>
  <div class='ocr_page' id='page_1' title='image "./cassiifelicisde00rosegoog_0566.png"; bbox 0 0 2414 3924; ppageno 0'>
   <div class='ocr_carea' id='block_1_1' title="bbox 434 221 1081 309">
    <p class='ocr_par' dir='ltr' id='par_1_1' title="bbox 434 221 1081 309">
     <span class='ocr_line' id='line_1_1' title="bbox 434 221 1081 309; baseline 0.009 -31"><span class='ocrx_word' id='word_1_1' title='bbox 434 230 502 278; x_wconf 79' lang='lat' dir='ltr'><strong>cin,</strong></span> <span class='ocrx_word' id='word_1_2' title='bbox 520 232 566 278; x_wconf 91' lang='lat' dir='ltr'><strong>v1.</strong></span> <span class='ocrx_word' id='word_1_3' title='bbox 590 231 741 309; x_wconf 64' lang='lat' dir='ltr'><strong>cunum.</strong></span> <span class='ocrx_word' id='word_1_4' title='bbox 767 277 773 282; x_wconf 87' lang='grc'><strong><em>,</em></strong></span> <span class='ocrx_word' id='word_1_5' title='bbox 1019 221 1081 284; x_wconf 82' lang='grc'><strong>243</strong></span> 
     </span>
    </p>
   </div>
   <div class='ocr_carea' id='block_1_2' title="bbox 55 385 1152 3467">
    <p class='ocr_par' dir='ltr' id='par_1_2' title="bbox 55 385 1152 3467">
     <span class='ocr_line' id='line_1_2' title="bbox 90 385 1081 464; baseline 0 -18"><span class='ocrx_word' id='word_1_6' title='bbox 90 385 194 446; x_wconf 87' lang='lat' dir='ltr'><strong>eodem</strong></span> <span class='ocrx_word' id='word_1_7' title='bbox 208 385 293 445; x_wconf 92' lang='lat' dir='ltr'><strong>modo</strong></span> <span class='ocrx_word' id='word_1_8' title='bbox 310 385 368 444; x_wconf 91' lang='lat' dir='ltr'><strong>elui</strong></span> <span class='ocrx_word' id='word_1_9' title='bbox 382 402 478 445; x_wconf 89' lang='lat' dir='ltr'><strong>aurem</strong></span> <span class='ocrx_word' id='word_1_10' title='bbox 492 385 666 463; x_wconf 87' lang='lat' dir='ltr'><strong>purgarique</strong></span> <span class='ocrx_word' id='word_1_11' title='bbox 682 395 808 464; x_wconf 75' lang='lat' dir='ltr'><strong>oportet.</strong></span> <span class='ocrx_word' id='word_1_12' title='bbox 837 385 922 461; x_wconf 78' lang='lat' dir='ltr'><strong>Quod</strong></span> <span class='ocrx_word' id='word_1_13' title='bbox 937 386 967 464; x_wconf 60' lang='lat' dir='ltr'><strong>si⁴</strong></span> <span class='ocrx_word' id='word_1_14' title='bbox 978 387 1081 464; x_wconf 88' lang='lat' dir='ltr'><strong>capitis</strong></span> 
     </span>
     <span class='ocr_line' id='line_1_3' title="bbox 88 468 1080 547; baseline -0.002 -19"><span class='ocrx_word' id='word_1_15' title='bbox 88 469 219 546; x_wconf 83' lang='lat' dir='ltr'><strong>gravitas</strong></span> <span class='ocrx_word' id='word_1_16' title='bbox 231 477 342 546; x_wconf 91' lang='lat' dir='ltr'><strong>manet,</strong></span> <span class='ocrx_word' id='word_1_17' title='bbox 364 468 565 529; x_wconf 73' lang='lat' dir='ltr'><strong>attondendum</strong></span> <span class='ocrx_word' id='word_1_18' title='bbox 580 468 672 544; x_wconf 90' lang='lat' dir='ltr'><strong>idem,</strong></span> <span class='ocrx_word' id='word_1_19' title='bbox 694 478 723 528; x_wconf 91' lang='lat' dir='ltr'><strong>et</strong></span> <span class='ocrx_word' id='word_1_20' title='bbox 738 469 858 545; x_wconf 89' lang='lat' dir='ltr'><strong>leniter,</strong></span> <span class='ocrx_word' id='word_1_21' title='bbox 884 468 936 528; x_wconf 89' lang='lat' dir='ltr'><strong>sed</strong></span> <span class='ocrx_word' id='word_1_22' title='bbox 952 468 999 526; x_wconf 91' lang='lat' dir='ltr'><strong>diu</strong></span> <span class='ocrx_word' id='word_1_23' title='bbox 1015 486 1080 547; x_wconf 90' lang='lat' dir='ltr'><strong>per-</strong></span> 
     </span>
     <span class='ocr_line' id='line_1_4' title="bbox 88 552 1082 629; baseline 0 -17"><span class='ocrx_word' id='word_1_24' title='bbox 88 552 247 612; x_wconf 81' lang='lat' dir='ltr'><strong>fricandum</strong></span> <span class='ocrx_word' id='word_1_25' title='bbox 269 561 331 628; x_wconf 90' lang='lat' dir='ltr'><strong>est,</strong></span> <span class='ocrx_word' id='word_1_26' title='bbox 357 553 472 628; x_wconf 89' lang='lat' dir='ltr'><strong>adjecto</strong></span> <span class='ocrx_word' id='word_1_27' title='bbox 497 552 545 612; x_wconf 88' lang='lat' dir='ltr'><strong>vel</strong></span> <span class='ocrx_word' id='word_1_28' title='bbox 565 553 637 612; x_wconf 90' lang='lat' dir='ltr'><strong>irino</strong></span> <span class='ocrx_word' id='word_1_29' title='bbox 659 552 707 612; x_wconf 88' lang='lat' dir='ltr'><strong>vel</strong></span> <span class='ocrx_word' id='word_1_30' title='bbox 731 553 831 613; x_wconf 89' lang='lat' dir='ltr'><strong>laureo</strong></span> <span class='ocrx_word' id='word_1_31' title='bbox 855 553 939 628; x_wconf 88' lang='lat' dir='ltr'><strong>oleo,</strong></span> <span class='ocrx_word' id='word_1_32' title='bbox 964 552 1025 629; x_wconf 88' lang='lat' dir='ltr'><strong>sic,</strong></span> <span class='ocrx_word' id='word_1_33' title='bbox 1051 561 1082 612; x_wconf 93' lang='lat' dir='ltr'><strong>ut</strong></span> 
     </span>
     <span class='ocr_line' id='line_1_5' title="bbox 89 635 1080 714; baseline 0 -19"><span class='ocrx_word' id='word_1_34' title='bbox 89 635 217 697; x_wconf 86' lang='lat' dir='ltr'><strong>utrilibet</strong></span> <span class='ocrx_word' id='word_1_35' title='bbox 232 637 346 714; x_wconf 92' lang='lat' dir='ltr'><strong>paulum</strong></span> <span class='ocrx_word' id='word_1_36' title='bbox 362 638 438 696; x_wconf 89' lang='lat' dir='ltr'><strong>aceti</strong></span> <span class='ocrx_word' id='word_1_37' title='bbox 454 637 623 705; x_wconf 89' lang='lat' dir='ltr'><strong>misceatur;</strong></span> <span class='ocrx_word' id='word_1_38' title='bbox 644 646 702 697; x_wconf 91' lang='lat' dir='ltr'><strong>tum</strong></span> <span class='ocrx_word' id='word_1_39' title='bbox 717 637 763 696; x_wconf 92' lang='lat' dir='ltr'><strong>diu</strong></span> <span class='ocrx_word' id='word_1_40' title='bbox 779 635 993 713; x_wconf 90' lang='lat' dir='ltr'><strong>ambulandum,</strong></span> <span class='ocrx_word' id='word_1_41' title='bbox 1009 636 1080 695; x_wconf 92' lang='lat' dir='ltr'><strong>leni-</strong></span> 
     </span>
     <span class='ocr_line' id='line_1_6' title="bbox 63 719 1080 799; baseline -0.003 -19"><span class='ocrx_word' id='word_1_42' title='bbox 63 729 191 798; x_wconf 80' lang='lat' dir='ltr'><strong>sterque</strong></span> <span class='ocrx_word' id='word_1_43' title='bbox 217 729 283 798; x_wconf 84' lang='lat' dir='ltr'><strong>post</strong></span> <span class='ocrx_word' id='word_1_44' title='bbox 302 721 467 780; x_wconf 90' lang='lat' dir='ltr'><strong>unctionem</strong></span> <span class='ocrx_word' id='word_1_45' title='bbox 489 737 562 798; x_wconf 91' lang='lat' dir='ltr'><strong>aqua</strong></span> <span class='ocrx_word' id='word_1_46' title='bbox 584 720 676 779; x_wconf 89' lang='lat' dir='ltr'><strong>calida</strong></span> <span class='ocrx_word' id='word_1_47' title='bbox 698 729 784 799; x_wconf 89' lang='lat' dir='ltr'><strong>caput</strong></span> <span class='ocrx_word' id='word_1_48' title='bbox 802 719 971 787; x_wconf 85' lang='lat' dir='ltr'><strong>fovendum;</strong></span> <span class='ocrx_word' id='word_1_49' title='bbox 994 719 1080 778; x_wconf 87' lang='lat' dir='ltr'><strong>cibis·</strong></span> 
     </span>
     <span class='ocr_line' id='line_1_7' title="bbox 90 803 1081 882; baseline 0.001 -20"><span class='ocrx_word' id='word_1_50' title='bbox 90 821 146 882; x_wconf 88' lang='lat' dir='ltr'><strong>que</strong></span> <span class='ocrx_word' id='word_1_51' title='bbox 170 803 304 862; x_wconf 92' lang='lat' dir='ltr'><strong>utendum</strong></span> <span class='ocrx_word' id='word_1_52' title='bbox 327 823 363 862; x_wconf 93' lang='lat' dir='ltr'><strong>ex</strong></span> <span class='ocrx_word' id='word_1_53' title='bbox 380 803 606 863; x_wconf 80' lang='lat' dir='ltr'><strong>imbecillissima</strong></span> <span class='ocrx_word' id='word_1_54' title='bbox 622 812 650 862; x_wconf 91' lang='lat' dir='ltr'><strong>et</strong></span> <span class='ocrx_word' id='word_1_55' title='bbox 665 804 758 863; x_wconf 91' lang='lat' dir='ltr'><strong>media</strong></span> <span class='ocrx_word' id='word_1_56' title='bbox 773 805 909 873; x_wconf 85' lang='lat' dir='ltr'><strong>materia;</strong></span> <span class='ocrx_word' id='word_1_57' title='bbox 931 805 1081 881; x_wconf 74' lang='lat' dir='ltr'><strong>magisque</strong></span> 
     </span>
     <span class='ocr_line' id='line_1_8' title="bbox 89 887 1081 965; baseline 0 -19"><span class='ocrx_word' id='word_1_58' title='bbox 89 887 278 947; x_wconf 85' lang='lat' dir='ltr'><strong>assumendae</strong></span> <span class='ocrx_word' id='word_1_59' title='bbox 300 887 405 946; x_wconf 90' lang='lat' dir='ltr'><strong>dilutae</strong></span> <span class='ocrx_word' id='word_1_60' title='bbox 431 890 580 965; x_wconf 83' lang='lat' dir='ltr'><strong>potiones3</strong></span> <span class='ocrx_word' id='word_1_61' title='bbox 609 905 818 964; x_wconf 85' lang='lat' dir='ltr'><strong>nonnumquam</strong></span> <span class='ocrx_word' id='word_1_62' title='bbox 841 888 1081 965; x_wconf 80' lang='lat' dir='ltr'><strong>gargarizandum</strong></span> 
     </span>
     <span class='ocr_line' id='line_1_9' title="bbox 90 969 1082 1032; baseline 0.001 -2"><span class='ocrx_word' id='word_1_63' title='bbox 90 979 145 1030; x_wconf 87' lang='lat' dir='ltr'><strong>est.</strong></span> <span class='ocrx_word' id='word_1_64' title='bbox 181 969 390 1032; x_wconf 81' lang='lat' dir='ltr'><strong>Infundendum</strong></span> <span class='ocrx_word' id='word_1_65' title='bbox 412 980 506 1031; x_wconf 87' lang='lat' dir='ltr'><strong>autem</strong></span> <span class='ocrx_word' id='word_1_66' title='bbox 529 974 557 1029; x_wconf 92' lang='lat' dir='ltr'><strong>in</strong></span> <span class='ocrx_word' id='word_1_67' title='bbox 580 988 677 1030; x_wconf 89' lang='lat' dir='ltr'><strong>aurem</strong></span> <span class='ocrx_word' id='word_1_68' title='bbox 692 980 855 1031; x_wconf 87' lang='lat' dir='ltr'><strong>castoreum</strong></span> <span class='ocrx_word' id='word_1_69' title='bbox 873 990 935 1031; x_wconf 90' lang='lat' dir='ltr'><strong>cum</strong></span> <span class='ocrx_word' id='word_1_70' title='bbox 952 979 1035 1031; x_wconf 92' lang='lat' dir='ltr'><strong>aceto</strong></span> <span class='ocrx_word' id='word_1_71' title='bbox 1053 980 1082 1031; x_wconf 89' lang='lat' dir='ltr'><strong>et</strong></span> 
     </span>
     <span class='ocr_line' id='line_1_10' title="bbox 89 1054 1080 1130; baseline -0.001 -16"><span class='ocrx_word' id='word_1_72' title='bbox 89 1054 191 1114; x_wconf 89' lang='lat' dir='ltr'><strong>laureo</strong></span> <span class='ocrx_word' id='word_1_73' title='bbox 208 1054 275 1113; x_wconf 90' lang='lat' dir='ltr'><strong>oleo</strong></span> <span class='ocrx_word' id='word_1_74' title='bbox 293 1063 320 1114; x_wconf 92' lang='lat' dir='ltr'><strong>et</strong></span> <span class='ocrx_word' id='word_1_75' title='bbox 336 1072 424 1114; x_wconf 87' lang='lat' dir='ltr'><strong>succo</strong></span> <span class='ocrx_word' id='word_1_76' title='bbox 440 1055 586 1114; x_wconf 85' lang='lat' dir='ltr'><strong>radiculae</strong></span> <span class='ocrx_word' id='word_1_77' title='bbox 605 1057 737 1124; x_wconf 86' lang='lat' dir='ltr'><strong>corticis;</strong></span> <span class='ocrx_word' id='word_1_78' title='bbox 754 1065 801 1114; x_wconf 91' lang='lat' dir='ltr'><strong>aut</strong></span> <span class='ocrx_word' id='word_1_79' title='bbox 820 1056 980 1115; x_wconf 84' lang='lat' dir='ltr'><strong>cucumeris</strong></span> <span class='ocrx_word' id='word_1_80' title='bbox 997 1072 1080 1130; x_wconf 91' lang='lat' dir='ltr'><strong>agre-</strong></span> 
     </span>
     <span class='ocr_line' id='line_1_11' title="bbox 55 1138 1080 1215; baseline -0.001 -19"><span class='ocrx_word' id='word_1_81' title='bbox 55 1156 79 1197; x_wconf 86' lang='grc' dir='ltr'><strong>ιο</strong></span> <span class='ocrx_word' id='word_1_82' title='bbox 91 1140 142 1197; x_wconf 87' lang='lat' dir='ltr'><strong>stis</strong></span> <span class='ocrx_word' id='word_1_83' title='bbox 166 1156 287 1214; x_wconf 87' lang='lat' dir='ltr'><strong>succus,</strong></span> <span class='ocrx_word' id='word_1_84' title='bbox 309 1138 431 1215; x_wconf 90' lang='lat' dir='ltr'><strong>adjectis</strong></span> <span class='ocrx_word' id='word_1_85' title='bbox 453 1139 582 1197; x_wconf 81' lang='lat' dir='ltr'><strong>contritis</strong></span> <span class='ocrx_word' id='word_1_86' title='bbox 600 1155 686 1198; x_wconf 90' lang='lat' dir='ltr'><strong>rosae</strong></span> <span class='ocrx_word' id='word_1_87' title='bbox 702 1139 789 1198; x_wconf 88' lang='lat' dir='ltr'><strong>loliis.</strong></span> <span class='ocrx_word' id='word_1_88' title='bbox 826 1139 994 1199; x_wconf 88' lang='lat' dir='ltr'><strong>Immaturae</strong></span> <span class='ocrx_word' id='word_1_89' title='bbox 1011 1153 1080 1215; x_wconf 93' lang='lat' dir='ltr'><strong>quo·</strong></span> 
     </span>
     <span class='ocr_line' id='line_1_12' title="bbox 90 1222 1152 1299; baseline 0 -19"><span class='ocrx_word' id='word_1_90' title='bbox 90 1240 148 1299; x_wconf 91' lang='lat' dir='ltr'><strong>que</strong></span> <span class='ocrx_word' id='word_1_91' title='bbox 169 1239 243 1280; x_wconf 90' lang='lat' dir='ltr'><strong>uvae</strong></span> <span class='ocrx_word' id='word_1_92' title='bbox 267 1239 372 1280; x_wconf 91' lang='lat' dir='ltr'><strong>succus</strong></span> <span class='ocrx_word' id='word_1_93' title='bbox 399 1240 462 1281; x_wconf 87' lang='lat' dir='ltr'><strong>cum</strong></span> <span class='ocrx_word' id='word_1_94' title='bbox 482 1239 548 1280; x_wconf 93' lang='lat' dir='ltr'><strong>rosa</strong></span> <span class='ocrx_word' id='word_1_95' title='bbox 572 1222 724 1281; x_wconf 85' lang='lat' dir='ltr'><strong>instillatus</strong></span> <span class='ocrx_word' id='word_1_96' title='bbox 751 1223 890 1282; x_wconf 87' lang='lat' dir='ltr'><strong>adversus</strong></span> <span class='ocrx_word' id='word_1_97' title='bbox 918 1222 1081 1282; x_wconf 91' lang='lat' dir='ltr'><strong>surditatem</strong></span> <span class='ocrx_word' id='word_1_98' title='bbox 1150 1256 1152 1260; x_wconf 95' lang='lat'>·</span> 
     </span>
     <span class='ocr_line' id='line_1_13' title="bbox 90 1306 299 1385; baseline -0.01 -21"><span class='ocrx_word' id='word_1_99' title='bbox 90 1306 160 1364; x_wconf 91' lang='lat' dir='ltr'><strong>satis</strong></span> <span class='ocrx_word' id='word_1_100' title='bbox 175 1306 299 1385; x_wconf 87' lang='lat' dir='ltr'><strong>prolicit.</strong></span> 
     </span>
     <span class='ocr_line' id='line_1_14' title="bbox 152 1388 1083 1467; baseline 0.002 -21"><span class='ocrx_word' id='word_1_101' title='bbox 152 1389 180 1451; x_wconf 92' lang='lat'><strong>8.</strong></span> <span class='ocrx_word' id='word_1_102' title='bbox 210 1388 296 1448; x_wconf 81' lang='lat' dir='ltr'><strong>Aliud</strong></span> <span class='ocrx_word' id='word_1_103' title='bbox 317 1390 378 1448; x_wconf 90' lang='lat' dir='ltr'><strong>vitii</strong></span> <span class='ocrx_word' id='word_1_104' title='bbox 398 1407 491 1466; x_wconf 87' lang='lat' dir='ltr'><strong>genus</strong></span> <span class='ocrx_word' id='word_1_105' title='bbox 507 1398 568 1465; x_wconf 90' lang='lat' dir='ltr'><strong>est,</strong></span> <span class='ocrx_word' id='word_1_106' title='bbox 589 1389 637 1448; x_wconf 93' lang='lat' dir='ltr'><strong>ubi</strong></span> <span class='ocrx_word' id='word_1_107' title='bbox 652 1407 736 1449; x_wconf 89' lang='lat' dir='ltr'><strong>aures</strong></span> <span class='ocrx_word' id='word_1_108' title='bbox 752 1389 823 1449; x_wconf 86' lang='lat' dir='ltr'><strong>intra</strong></span> <span class='ocrx_word' id='word_1_109' title='bbox 836 1389 955 1467; x_wconf 86' lang='lat' dir='ltr'><strong>seipsas</strong></span> <span class='ocrx_word' id='word_1_110' title='bbox 969 1398 1083 1454; x_wconf 90' lang='lat' dir='ltr'><strong>sonant;</strong></span> 
     </span>
     <span class='ocr_line' id='line_1_15' title="bbox 90 1471 1081 1551; baseline 0 -21"><span class='ocrx_word' id='word_1_111' title='bbox 90 1479 177 1548; x_wconf 93' lang='lat' dir='ltr'><strong>atque</strong></span> <span class='ocrx_word' id='word_1_112' title='bbox 203 1472 259 1531; x_wconf 89' lang='lat' dir='ltr'><strong>lroc</strong></span> <span class='ocrx_word' id='word_1_113' title='bbox 275 1490 392 1551; x_wconf 92' lang='lat' dir='ltr'><strong>quoque</strong></span> <span class='ocrx_word' id='word_1_114' title='bbox 408 1474 454 1549; x_wconf 83' lang='lat' dir='ltr'><strong>tt,</strong></span> <span class='ocrx_word' id='word_1_115' title='bbox 471 1490 508 1531; x_wconf 89' lang='lat' dir='ltr'><strong>ne</strong></span> <span class='ocrx_word' id='word_1_116' title='bbox 525 1481 673 1531; x_wconf 91' lang='lat' dir='ltr'><strong>externum</strong></span> <span class='ocrx_word' id='word_1_117' title='bbox 688 1489 788 1531; x_wconf 90' lang='lat' dir='ltr'><strong>sonum</strong></span> <span class='ocrx_word' id='word_1_118' title='bbox 804 1474 955 1551; x_wconf 90' lang='lat' dir='ltr'><strong>accipiant.</strong></span> <span class='ocrx_word' id='word_1_119' title='bbox 983 1471 1081 1532; x_wconf 87' lang='lat' dir='ltr'><strong>Levis·</strong></span> 
     </span>
     <span class='ocr_line' id='line_1_16' title="bbox 58 1554 1081 1633; baseline 0 -19"><span class='ocrx_word' id='word_1_120' title='bbox 58 1558 191 1614; x_wconf 74' lang='lat' dir='ltr'><strong>issimum</strong></span> <span class='ocrx_word' id='word_1_121' title='bbox 215 1564 278 1630; x_wconf 90' lang='lat' dir='ltr'><strong>est,</strong></span> <span class='ocrx_word' id='word_1_122' title='bbox 300 1555 348 1614; x_wconf 91' lang='lat' dir='ltr'><strong>ubi</strong></span> <span class='ocrx_word' id='word_1_123' title='bbox 372 1556 399 1614; x_wconf 94' lang='lat' dir='ltr'><strong>id</strong></span> <span class='ocrx_word' id='word_1_124' title='bbox 420 1574 457 1615; x_wconf 94' lang='lat' dir='ltr'><strong>ex</strong></span> <span class='ocrx_word' id='word_1_125' title='bbox 470 1555 627 1632; x_wconf 84' lang='lat' dir='ltr'><strong>gravedine</strong></span> <span class='ocrx_word' id='word_1_126' title='bbox 644 1562 702 1614; x_wconf 91' lang='lat' dir='ltr'><strong>est:</strong></span> <span class='ocrx_word' id='word_1_127' title='bbox 724 1556 825 1633; x_wconf 87' lang='lat' dir='ltr'><strong>pejus,</strong></span> <span class='ocrx_word' id='word_1_128' title='bbox 850 1555 898 1614; x_wconf 92' lang='lat' dir='ltr'><strong>ubi</strong></span> <span class='ocrx_word' id='word_1_129' title='bbox 917 1574 954 1614; x_wconf 90' lang='lat' dir='ltr'><strong>ex</strong></span> <span class='ocrx_word' id='word_1_130' title='bbox 969 1554 1081 1632; x_wconf 90' lang='lat' dir='ltr'><strong>morbo,</strong></span> 
     </span>
     <span class='ocr_line' id='line_1_17' title="bbox 93 1637 1082 1717; baseline 0 -19"><span class='ocrx_word' id='word_1_131' title='bbox 93 1640 236 1716; x_wconf 88' lang='lat' dir='ltr'><strong>capitisve</strong></span> <span class='ocrx_word' id='word_1_132' title='bbox 257 1638 353 1715; x_wconf 90' lang='lat' dir='ltr'><strong>longis</strong></span> <span class='ocrx_word' id='word_1_133' title='bbox 381 1638 529 1698; x_wconf 91' lang='lat' dir='ltr'><strong>doloribus</strong></span> <span class='ocrx_word' id='word_1_134' title='bbox 552 1639 665 1706; x_wconf 87' lang='lat' dir='ltr'><strong>incidit;</strong></span> <span class='ocrx_word' id='word_1_135' title='bbox 700 1641 854 1717; x_wconf 90' lang='lat' dir='ltr'><strong>pessimum</strong></span> <span class='ocrx_word' id='word_1_136' title='bbox 881 1637 946 1714; x_wconf 86' lang='lat' dir='ltr'><strong>ubi,</strong></span> <span class='ocrx_word' id='word_1_137' title='bbox 972 1640 1082 1715; x_wconf 86' lang='lat' dir='ltr'><strong>magnis</strong></span> 
     </span>
     <span class='ocr_line' id='line_1_18' title="bbox 90 1721 1082 1801; baseline -0.001 -20"><span class='ocrx_word' id='word_1_138' title='bbox 90 1722 199 1781; x_wconf 86' lang='lat' dir='ltr'><strong>morbis</strong></span> <span class='ocrx_word' id='word_1_139' title='bbox 221 1721 419 1797; x_wconf 88' lang='lat' dir='ltr'><strong>venientibus,</strong></span> <span class='ocrx_word' id='word_1_140' title='bbox 443 1725 623 1800; x_wconf 90' lang='lat' dir='ltr'><strong>maximeque</strong></span> <span class='ocrx_word' id='word_1_141' title='bbox 646 1722 797 1799; x_wconf 87' lang='lat' dir='ltr'><strong>comitiali,</strong></span> <span class='ocrx_word' id='word_1_142' title='bbox 814 1723 958 1801; x_wconf 88' lang='lat' dir='ltr'><strong>provenit.</strong></span> <span class='ocrx_word' id='word_1_143' title='bbox 996 1723 1026 1781; x_wconf 88' lang='lat' dir='ltr'><strong>Si</strong></span> <span class='ocrx_word' id='word_1_144' title='bbox 1045 1739 1082 1780; x_wconf 89' lang='lat' dir='ltr'><strong>ex</strong></span> 
     </span>
     <span class='ocr_line' id='line_1_19' title="bbox 91 1805 1080 1884; baseline -0.001 -21"><span class='ocrx_word' id='word_1_145' title='bbox 91 1805 249 1881; x_wconf 86' lang='lat' dir='ltr'><strong>gravedine</strong></span> <span class='ocrx_word' id='word_1_146' title='bbox 268 1813 324 1881; x_wconf 88' lang='lat' dir='ltr'><strong>est,</strong></span> <span class='ocrx_word' id='word_1_147' title='bbox 342 1823 467 1882; x_wconf 88' lang='lat' dir='ltr'><strong>purgare</strong></span> <span class='ocrx_word' id='word_1_148' title='bbox 480 1823 578 1866; x_wconf 92' lang='lat' dir='ltr'><strong>aurem</strong></span> <span class='ocrx_word' id='word_1_149' title='bbox 591 1814 722 1883; x_wconf 83' lang='lat' dir='ltr'><strong>oportet,</strong></span> <span class='ocrx_word' id='word_1_150' title='bbox 740 1815 769 1865; x_wconf 90' lang='lat' dir='ltr'><strong>et</strong></span> <span class='ocrx_word' id='word_1_151' title='bbox 781 1808 909 1884; x_wconf 89' lang='lat' dir='ltr'><strong>spiritum</strong></span> <span class='ocrx_word' id='word_1_152' title='bbox 922 1806 1080 1880; x_wconf 87' lang='lat' dir='ltr'><strong>continere,</strong></span> 
     </span>
     <span class='ocr_line' id='line_1_20' title="bbox 91 1887 1081 1967; baseline -0.001 -20"><span class='ocrx_word' id='word_1_153' title='bbox 91 1889 186 1947; x_wconf 88' lang='lat' dir='ltr'><strong>donec</strong></span> <span class='ocrx_word' id='word_1_154' title='bbox 201 1887 265 1946; x_wconf 90' lang='lat' dir='ltr'><strong>inde</strong></span> <span class='ocrx_word' id='word_1_155' title='bbox 281 1887 382 1948; x_wconf 89' lang='lat' dir='ltr'><strong>humor</strong></span> <span class='ocrx_word' id='word_1_156' title='bbox 399 1889 503 1966; x_wconf 91' lang='lat' dir='ltr'><strong>aliquis</strong></span> <span class='ocrx_word' id='word_1_157' title='bbox 520 1898 679 1967; x_wconf 79' lang='lat' dir='ltr'><strong>exspumat.</strong></span> <span class='ocrx_word' id='word_1_158' title='bbox 703 1890 733 1948; x_wconf 88' lang='lat' dir='ltr'><strong>Si</strong></span> <span class='ocrx_word' id='word_1_159' title='bbox 750 1908 787 1948; x_wconf 88' lang='lat' dir='ltr'><strong>ex</strong></span> <span class='ocrx_word' id='word_1_160' title='bbox 801 1889 903 1949; x_wconf 91' lang='lat' dir='ltr'><strong>morbo</strong></span> <span class='ocrx_word' id='word_1_161' title='bbox 918 1889 966 1948; x_wconf 88' lang='lat' dir='ltr'><strong>vel</strong></span> <span class='ocrx_word' id='word_1_162' title='bbox 978 1887 1081 1966; x_wconf 87' lang='lat' dir='ltr'><strong>capitis</strong></span> 
     </span>
     <span class='ocr_line' id='line_1_21' title="bbox 55 1971 1080 2052; baseline -0.001 -24"><span class='ocrx_word' id='word_1_163' title='bbox 55 1971 212 2045; x_wconf 75' lang='lat' dir='ltr'><strong>rodolone,</strong></span> <span class='ocrx_word' id='word_1_164' title='bbox 239 1972 315 2048; x_wconf 90' lang='lat' dir='ltr'><strong>quod</strong></span> <span class='ocrx_word' id='word_1_165' title='bbox 339 1971 374 2031; x_wconf 93' lang='lat' dir='ltr'><strong>ad</strong></span> <span class='ocrx_word' id='word_1_166' title='bbox 398 1974 650 2048; x_wconf 80' lang='lat' dir='ltr'><strong>exercitationem,</strong></span> <span class='ocrx_word' id='word_1_167' title='bbox 672 1971 849 2048; x_wconf 84' lang='lat' dir='ltr'><strong>frictionem,</strong></span> <span class='ocrx_word' id='word_1_168' title='bbox 874 1972 1080 2052; x_wconf 82' lang='lat' dir='ltr'><strong>perfusionem,</strong></span> 
     </span>
     <span class='ocr_line' id='line_1_22' title="bbox 90 2053 1081 2134; baseline -0.003 -19"><span class='ocrx_word' id='word_1_169' title='bbox 90 2055 410 2132; x_wconf 86' lang='lat' dir='ltr'><strong>gargarizationemque</strong></span> <span class='ocrx_word' id='word_1_170' title='bbox 438 2057 578 2134; x_wconf 89' lang='lat' dir='ltr'><strong>pertinet,</strong></span> <span class='ocrx_word' id='word_1_171' title='bbox 611 2055 711 2115; x_wconf 87' lang='lat' dir='ltr'><strong>eadem</strong></span> <span class='ocrx_word' id='word_1_172' title='bbox 736 2055 868 2116; x_wconf 89' lang='lat' dir='ltr'><strong>iacienda</strong></span> <span class='ocrx_word' id='word_1_173' title='bbox 896 2065 974 2115; x_wconf 89' lang='lat' dir='ltr'><strong>sunt:</strong></span> <span class='ocrx_word' id='word_1_174' title='bbox 1009 2053 1081 2113; x_wconf 90' lang='lat' dir='ltr'><strong>cibis</strong></span> 
     </span>
     <span class='ocr_line' id='line_1_23' title="bbox 91 2137 1080 2209; baseline -0.002 -11"><span class='ocrx_word' id='word_1_175' title='bbox 91 2156 148 2198; x_wconf 92' lang='lat' dir='ltr'><strong>non</strong></span> <span class='ocrx_word' id='word_1_176' title='bbox 169 2137 303 2197; x_wconf 92' lang='lat' dir='ltr'><strong>utendum</strong></span> <span class='ocrx_word' id='word_1_177' title='bbox 327 2139 381 2196; x_wconf 89' lang='lat' dir='ltr'><strong>nisi</strong></span> <span class='ocrx_word' id='word_1_178' title='bbox 395 2140 613 2199; x_wconf 90' lang='lat' dir='ltr'><strong>extenuantibus</strong></span> <span class='ocrx_word' id='word_1_179' title='bbox 623 2162 630 2209; x_wconf 90' lang='lat'>;</span> <span class='ocrx_word' id='word_1_180' title='bbox 653 2140 680 2197; x_wconf 93' lang='lat' dir='ltr'><strong>in</strong></span> <span class='ocrx_word' id='word_1_181' title='bbox 696 2157 793 2199; x_wconf 87' lang='lat' dir='ltr'><strong>aurem</strong></span> <span class='ocrx_word' id='word_1_182' title='bbox 810 2139 917 2200; x_wconf 88' lang='lat' dir='ltr'><strong>dandus</strong></span> <span class='ocrx_word' id='word_1_183' title='bbox 934 2138 1080 2198; x_wconf 91' lang='lat' dir='ltr'><strong>radiculae</strong></span> 
     </span>
     <span class='ocr_line' id='line_1_24' title="bbox 90 2223 1080 2297; baseline -0.001 -17"><span class='ocrx_word' id='word_1_184' title='bbox 90 2240 196 2281; x_wconf 86' lang='lat' dir='ltr'><strong>succus</strong></span> <span class='ocrx_word' id='word_1_185' title='bbox 219 2240 282 2281; x_wconf 90' lang='lat' dir='ltr'><strong>cum</strong></span> <span class='ocrx_word' id='word_1_186' title='bbox 297 2239 381 2296; x_wconf 92' lang='lat' dir='ltr'><strong>rosa,</strong></span> <span class='ocrx_word' id='word_1_187' title='bbox 406 2223 452 2281; x_wconf 87' lang='lat' dir='ltr'><strong>vel</strong></span> <span class='ocrx_word' id='word_1_188' title='bbox 470 2241 533 2282; x_wconf 88' lang='lat' dir='ltr'><strong>enm</strong></span> <span class='ocrx_word' id='word_1_189' title='bbox 547 2241 636 2283; x_wconf 91' lang='lat' dir='ltr'><strong>succo</strong></span> <span class='ocrx_word' id='word_1_190' title='bbox 652 2224 756 2283; x_wconf 90' lang='lat' dir='ltr'><strong>radicis</strong></span> <span class='ocrx_word' id='word_1_191' title='bbox 772 2242 810 2283; x_wconf 90' lang='lat' dir='ltr'><strong>ex</strong></span> <span class='ocrx_word' id='word_1_192' title='bbox 825 2240 978 2283; x_wconf 89' lang='lat' dir='ltr'><strong>cucumere</strong></span> <span class='ocrx_word' id='word_1_193' title='bbox 996 2239 1080 2297; x_wconf 90' lang='lat' dir='ltr'><strong>agre·</strong></span> 
     </span>
     <span class='ocr_line' id='line_1_25' title="bbox 91 2305 1079 2384; baseline -0.002 -20"><span class='ocrx_word' id='word_1_194' title='bbox 91 2307 141 2364; x_wconf 92' lang='lat' dir='ltr'><strong>sti:</strong></span> <span class='ocrx_word' id='word_1_195' title='bbox 161 2305 208 2364; x_wconf 89' lang='lat' dir='ltr'><strong>vel</strong></span> <span class='ocrx_word' id='word_1_196' title='bbox 225 2315 387 2365; x_wconf 87' lang='lat' dir='ltr'><strong>castoreum</strong></span> <span class='ocrx_word' id='word_1_197' title='bbox 403 2324 467 2366; x_wconf 90' lang='lat' dir='ltr'><strong>cum</strong></span> <span class='ocrx_word' id='word_1_198' title='bbox 481 2316 566 2366; x_wconf 90' lang='lat' dir='ltr'><strong>aceto</strong></span> <span class='ocrx_word' id='word_1_199' title='bbox 582 2316 611 2366; x_wconf 91' lang='lat' dir='ltr'><strong>et</strong></span> <span class='ocrx_word' id='word_1_200' title='bbox 626 2306 726 2366; x_wconf 88' lang='lat' dir='ltr'><strong>laureo</strong></span> <span class='ocrx_word' id='word_1_201' title='bbox 743 2307 821 2367; x_wconf 89' lang='lat' dir='ltr'><strong>oleo.</strong></span> <span class='ocrx_word' id='word_1_202' title='bbox 843 2308 994 2367; x_wconf 90' lang='lat' dir='ltr'><strong>Veratrum</strong></span> <span class='ocrx_word' id='word_1_203' title='bbox 1010 2320 1079 2384; x_wconf 93' lang='lat' dir='ltr'><strong>quo·</strong></span> 
     </span>
     <span class='ocr_line' id='line_1_26' title="bbox 55 2390 1082 2468; baseline 0.003 -24"><span class='ocrx_word' id='word_1_204' title='bbox 55 2405 150 2466; x_wconf 81' lang='lat' dir='ltr'><strong>nsque</strong></span> <span class='ocrx_word' id='word_1_205' title='bbox 173 2406 209 2446; x_wconf 90' lang='lat' dir='ltr'><strong>ex</strong></span> <span class='ocrx_word' id='word_1_206' title='bbox 232 2398 316 2448; x_wconf 88' lang='lat' dir='ltr'><strong>aceto</strong></span> <span class='ocrx_word' id='word_1_207' title='bbox 338 2391 510 2467; x_wconf 88' lang='lat' dir='ltr'><strong>conteritur,</strong></span> <span class='ocrx_word' id='word_1_208' title='bbox 536 2391 638 2450; x_wconf 90' lang='lat' dir='ltr'><strong>deinde</strong></span> <span class='ocrx_word' id='word_1_209' title='bbox 659 2390 747 2450; x_wconf 86' lang='lat' dir='ltr'><strong>melle</strong></span> <span class='ocrx_word' id='word_1_210' title='bbox 769 2401 854 2451; x_wconf 87' lang='lat' dir='ltr'><strong>cocto</strong></span> <span class='ocrx_word' id='word_1_211' title='bbox 871 2391 1029 2468; x_wconf 87' lang='lat' dir='ltr'><strong>excipitur,</strong></span> <span class='ocrx_word' id='word_1_212' title='bbox 1053 2396 1082 2447; x_wconf 89' lang='lat' dir='ltr'><strong>et</strong></span> 
     </span>
     <span class='ocr_line' id='line_1_27' title="bbox 92 2470 1080 2550; baseline 0.001 -22"><span class='ocrx_word' id='word_1_213' title='bbox 92 2470 158 2529; x_wconf 91' lang='lat' dir='ltr'><strong>inde</strong></span> <span class='ocrx_word' id='word_1_214' title='bbox 174 2471 324 2546; x_wconf 82' lang='lat' dir='ltr'><strong>collyrium</strong></span> <span class='ocrx_word' id='word_1_215' title='bbox 338 2472 444 2532; x_wconf 88' lang='lat' dir='ltr'><strong>iactum</strong></span> <span class='ocrx_word' id='word_1_216' title='bbox 459 2475 595 2533; x_wconf 86' lang='lat' dir='ltr'><strong>inaurem</strong></span> <span class='ocrx_word' id='word_1_217' title='bbox 608 2474 772 2533; x_wconf 90' lang='lat' dir='ltr'><strong>demittitur.</strong></span> <span class='ocrx_word' id='word_1_218' title='bbox 796 2476 826 2534; x_wconf 90' lang='lat' dir='ltr'><strong>Si</strong></span> <span class='ocrx_word' id='word_1_219' title='bbox 840 2478 901 2535; x_wconf 88' lang='lat' dir='ltr'><strong>sine</strong></span> <span class='ocrx_word' id='word_1_220' title='bbox 914 2475 959 2534; x_wconf 91' lang='lat' dir='ltr'><strong>his</strong></span> <span class='ocrx_word' id='word_1_221' title='bbox 972 2472 1080 2550; x_wconf 88' lang='lat' dir='ltr'><strong>eoepit,</strong></span> 
     </span>
     <span class='ocr_line' id='line_1_28' title="bbox 92 2555 1080 2633; baseline -0.001 -19"><span class='ocrx_word' id='word_1_222' title='bbox 92 2555 217 2632; x_wconf 89' lang='lat' dir='ltr'><strong>ideoque</strong></span> <span class='ocrx_word' id='word_1_223' title='bbox 239 2572 315 2615; x_wconf 92' lang='lat' dir='ltr'><strong>novo</strong></span> <span class='ocrx_word' id='word_1_224' title='bbox 338 2565 415 2615; x_wconf 92' lang='lat' dir='ltr'><strong>metu</strong></span> <span class='ocrx_word' id='word_1_225' title='bbox 436 2566 542 2633; x_wconf 91' lang='lat' dir='ltr'><strong>terret,</strong></span> <span class='ocrx_word' id='word_1_226' title='bbox 566 2558 594 2616; x_wconf 92' lang='lat' dir='ltr'><strong>in</strong></span> <span class='ocrx_word' id='word_1_227' title='bbox 616 2576 712 2617; x_wconf 91' lang='lat' dir='ltr'><strong>aurem</strong></span> <span class='ocrx_word' id='word_1_228' title='bbox 733 2558 793 2617; x_wconf 91' lang='lat' dir='ltr'><strong>dari</strong></span> <span class='ocrx_word' id='word_1_229' title='bbox 814 2558 903 2618; x_wconf 88' lang='lat' dir='ltr'><strong>debet</strong></span> <span class='ocrx_word' id='word_1_230' title='bbox 919 2566 1080 2618; x_wconf 86' lang='lat' dir='ltr'><strong>castoreum</strong></span> 
     </span>
     <span class='ocr_line' id='line_1_29' title="bbox 93 2640 1080 2715; baseline -0.001 -18"><span class='ocrx_word' id='word_1_231' title='bbox 93 2656 156 2697; x_wconf 92' lang='lat' dir='ltr'><strong>cum</strong></span> <span class='ocrx_word' id='word_1_232' title='bbox 181 2647 284 2715; x_wconf 89' lang='lat' dir='ltr'><strong>aceto,</strong></span> <span class='ocrx_word' id='word_1_233' title='bbox 313 2640 360 2699; x_wconf 86' lang='lat' dir='ltr'><strong>vel</strong></span> <span class='ocrx_word' id='word_1_234' title='bbox 381 2641 470 2715; x_wconf 91' lang='lat' dir='ltr'><strong>irino,</strong></span> <span class='ocrx_word' id='word_1_235' title='bbox 499 2650 545 2700; x_wconf 90' lang='lat' dir='ltr'><strong>aut</strong></span> <span class='ocrx_word' id='word_1_236' title='bbox 566 2640 665 2700; x_wconf 89' lang='lat' dir='ltr'><strong>laureo</strong></span> <span class='ocrx_word' id='word_1_237' title='bbox 689 2641 770 2711; x_wconf 89' lang='lat' dir='ltr'><strong>oleo;</strong></span> <span class='ocrx_word' id='word_1_238' title='bbox 803 2650 850 2701; x_wconf 90' lang='lat' dir='ltr'><strong>aut</strong></span> <span class='ocrx_word' id='word_1_239' title='bbox 875 2642 941 2700; x_wconf 87' lang='lat' dir='ltr'><strong>huic</strong></span> <span class='ocrx_word' id='word_1_240' title='bbox 966 2642 1080 2699; x_wconf 92' lang='lat' dir='ltr'><strong>mixtum</strong></span> 
     </span>
     <span class='ocr_line' id='line_1_30' title="bbox 93 2724 1080 2799; baseline 0.001 -20"><span class='ocrx_word' id='word_1_241' title='bbox 93 2728 256 2780; x_wconf 87' lang='lat' dir='ltr'><strong>castoreum</strong></span> <span class='ocrx_word' id='word_1_242' title='bbox 272 2741 335 2782; x_wconf 93' lang='lat' dir='ltr'><strong>cum</strong></span> <span class='ocrx_word' id='word_1_243' title='bbox 351 2741 438 2783; x_wconf 89' lang='lat' dir='ltr'><strong>succo</strong></span> <span class='ocrx_word' id='word_1_244' title='bbox 451 2742 552 2782; x_wconf 89' lang='lat' dir='ltr'><strong>nucum</strong></span> <span class='ocrx_word' id='word_1_245' title='bbox 565 2742 736 2792; x_wconf 67' lang='lat' dir='ltr'><strong>amararum</strong></span> <span class='ocrx_word' id='word_1_246' title='bbox 754 2735 800 2784; x_wconf 92' lang='lat' dir='ltr'><strong>aut</strong></span> <span class='ocrx_word' id='word_1_247' title='bbox 812 2724 927 2799; x_wconf 79' lang='lat' dir='ltr'><strong>myrrha</strong></span> <span class='ocrx_word' id='word_1_248' title='bbox 939 2733 968 2783; x_wconf 88' lang='lat' dir='ltr'><strong>et</strong></span> <span class='ocrx_word' id='word_1_249' title='bbox 979 2724 1080 2781; x_wconf 90' lang='lat' dir='ltr'><strong>nitrum</strong></span> 
     </span>
     <span class='ocr_line' id='line_1_31' title="bbox 57 2806 1080 2886; baseline -0.003 -21"><span class='ocrx_word' id='word_1_250' title='bbox 57 2825 83 2865; x_wconf 84' lang='lat' dir='ltr'><strong>so</strong></span> <span class='ocrx_word' id='word_1_251' title='bbox 94 2822 157 2863; x_wconf 92' lang='lat' dir='ltr'><strong>cum</strong></span> <span class='ocrx_word' id='word_1_252' title='bbox 172 2822 238 2863; x_wconf 90' lang='lat' dir='ltr'><strong>rosa</strong></span> <span class='ocrx_word' id='word_1_253' title='bbox 254 2814 283 2864; x_wconf 92' lang='lat' dir='ltr'><strong>et</strong></span> <span class='ocrx_word' id='word_1_254' title='bbox 297 2815 390 2866; x_wconf 88' lang='lat' dir='ltr'><strong>aceto.</strong></span> <span class='ocrx_word' id='word_1_255' title='bbox 421 2806 490 2867; x_wconf 88' lang='lat' dir='ltr'><strong>Plus</strong></span> <span class='ocrx_word' id='word_1_256' title='bbox 504 2817 598 2867; x_wconf 90' lang='lat' dir='ltr'><strong>tamen</strong></span> <span class='ocrx_word' id='word_1_257' title='bbox 613 2809 640 2866; x_wconf 89' lang='lat' dir='ltr'><strong>in</strong></span> <span class='ocrx_word' id='word_1_258' title='bbox 656 2808 713 2868; x_wconf 90' lang='lat' dir='ltr'><strong>hoc</strong></span> <span class='ocrx_word' id='word_1_259' title='bbox 728 2826 843 2886; x_wconf 92' lang='lat' dir='ltr'><strong>quoque</strong></span> <span class='ocrx_word' id='word_1_260' title='bbox 858 2807 974 2885; x_wconf 75' lang='lat' dir='ltr'><strong>prolicit</strong></span> <span class='ocrx_word' id='word_1_261' title='bbox 988 2808 1080 2864; x_wconf 90' lang='lat' dir='ltr'><strong>vietus</strong></span> 
     </span>
     <span class='ocr_line' id='line_1_32' title="bbox 93 2885 1079 2971; baseline -0.002 -26"><span class='ocrx_word' id='word_1_262' title='bbox 93 2888 181 2947; x_wconf 90' lang='lat' dir='ltr'><strong>ratio:</strong></span> <span class='ocrx_word' id='word_1_263' title='bbox 212 2887 370 2971; x_wconf 89' lang='lat' dir='ltr'><strong>eademque</strong></span> <span class='ocrx_word' id='word_1_264' title='bbox 394 2890 524 2950; x_wconf 86' lang='lat' dir='ltr'><strong>facienda</strong></span> <span class='ocrx_word' id='word_1_265' title='bbox 551 2901 629 2966; x_wconf 90' lang='lat' dir='ltr'><strong>sunt,</strong></span> <span class='ocrx_word' id='word_1_266' title='bbox 658 2909 731 2969; x_wconf 89' lang='lat' dir='ltr'><strong>qnae</strong></span> <span class='ocrx_word' id='word_1_267' title='bbox 752 2910 838 2970; x_wconf 92' lang='lat' dir='ltr'><strong>supra</strong></span> <span class='ocrx_word' id='word_1_268' title='bbox 864 2885 1079 2967; x_wconf 87' lang='lat' dir='ltr'><strong>comprehendi,</strong></span> 
     </span>
     <span class='ocr_line' id='line_1_33' title="bbox 93 2973 1079 3052; baseline -0.004 -22"><span class='ocrx_word' id='word_1_269' title='bbox 93 2990 157 3030; x_wconf 90' lang='lat' dir='ltr'><strong>cum</strong></span> <span class='ocrx_word' id='word_1_270' title='bbox 172 2973 282 3048; x_wconf 90' lang='lat' dir='ltr'><strong>majore</strong></span> <span class='ocrx_word' id='word_1_271' title='bbox 299 2990 414 3052; x_wconf 89' lang='lat' dir='ltr'><strong>quoque</strong></span> <span class='ocrx_word' id='word_1_272' title='bbox 431 2974 592 3050; x_wconf 87' lang='lat' dir='ltr'><strong>diligentia;</strong></span> <span class='ocrx_word' id='word_1_273' title='bbox 612 2983 640 3032; x_wconf 93' lang='lat' dir='ltr'><strong>et</strong></span> <span class='ocrx_word' id='word_1_274' title='bbox 655 2984 825 3052; x_wconf 89' lang='lat' dir='ltr'><strong>praeterea,</strong></span> <span class='ocrx_word' id='word_1_275' title='bbox 843 2975 936 3033; x_wconf 89' lang='lat' dir='ltr'><strong>donee</strong></span> <span class='ocrx_word' id='word_1_276' title='bbox 950 2973 974 3028; x_wconf 91' lang='lat' dir='ltr'><strong>is</strong></span> <span class='ocrx_word' id='word_1_277' title='bbox 991 2986 1079 3028; x_wconf 87' lang='lat' dir='ltr'><strong>sonus</strong></span> 
     </span>
     <span class='ocr_line' id='line_1_34' title="bbox 92 3056 1079 3131; baseline -0.006 -17"><span class='ocrx_word' id='word_1_278' title='bbox 92 3056 222 3131; x_wconf 90' lang='lat' dir='ltr'><strong>liniatur,</strong></span> <span class='ocrx_word' id='word_1_279' title='bbox 246 3075 261 3116; x_wconf 92' lang='lat' dir='ltr'><strong>a</strong></span> <span class='ocrx_word' id='word_1_280' title='bbox 283 3058 349 3116; x_wconf 92' lang='lat' dir='ltr'><strong>vino</strong></span> <span class='ocrx_word' id='word_1_281' title='bbox 373 3057 578 3117; x_wconf 88' lang='lat' dir='ltr'><strong>abstinendum.</strong></span> <span class='ocrx_word' id='word_1_282' title='bbox 616 3057 744 3131; x_wconf 85' lang='lat' dir='ltr'><strong>Quodsi</strong></span> <span class='ocrx_word' id='word_1_283' title='bbox 767 3058 848 3116; x_wconf 91' lang='lat' dir='ltr'><strong>simul</strong></span> <span class='ocrx_word' id='word_1_284' title='bbox 870 3065 899 3114; x_wconf 91' lang='lat' dir='ltr'><strong>et</strong></span> <span class='ocrx_word' id='word_1_285' title='bbox 921 3071 1008 3113; x_wconf 90' lang='lat' dir='ltr'><strong>sonus</strong></span> <span class='ocrx_word' id='word_1_286' title='bbox 1024 3059 1079 3127; x_wconf 87' lang='lat' dir='ltr'><strong>est,</strong></span> 
     </span>
     <span class='ocr_line' id='line_1_35' title="bbox 93 3139 1081 3217; baseline -0.006 -20"><span class='ocrx_word' id='word_1_287' title='bbox 93 3147 122 3197; x_wconf 89' lang='lat' dir='ltr'><strong>et</strong></span> <span class='ocrx_word' id='word_1_288' title='bbox 143 3139 343 3217; x_wconf 90' lang='lat' dir='ltr'><strong>inllammatio,</strong></span> <span class='ocrx_word' id='word_1_289' title='bbox 367 3140 495 3200; x_wconf 91' lang='lat' dir='ltr'><strong>laureum</strong></span> <span class='ocrx_word' id='word_1_290' title='bbox 517 3139 611 3198; x_wconf 93' lang='lat' dir='ltr'><strong>oleum</strong></span> <span class='ocrx_word' id='word_1_291' title='bbox 634 3141 798 3214; x_wconf 87' lang='lat' dir='ltr'><strong>conjecisse</strong></span> <span class='ocrx_word' id='word_1_292' title='bbox 817 3139 930 3200; x_wconf 89' lang='lat' dir='ltr'><strong>abunde</strong></span> <span class='ocrx_word' id='word_1_293' title='bbox 951 3146 1011 3211; x_wconf 90' lang='lat' dir='ltr'><strong>est,</strong></span> <span class='ocrx_word' id='word_1_294' title='bbox 1033 3142 1081 3193; x_wconf 87' lang='lat' dir='ltr'><strong>aut</strong></span> 
     </span>
     <span class='ocr_line' id='line_1_36' title="bbox 57 3216 1080 3302; baseline -0.008 -19"><span class='ocrx_word' id='word_1_295' title='bbox 57 3221 136 3299; x_wconf 78' lang='lat' dir='ltr'><strong>naid,</strong></span> <span class='ocrx_word' id='word_1_296' title='bbox 160 3224 237 3300; x_wconf 96' lang='lat' dir='ltr'><strong>quod</strong></span> <span class='ocrx_word' id='word_1_297' title='bbox 260 3242 297 3283; x_wconf 89' lang='lat' dir='ltr'><strong>cx</strong></span> <span class='ocrx_word' id='word_1_298' title='bbox 315 3226 418 3283; x_wconf 90' lang='lat' dir='ltr'><strong>amaris</strong></span> <span class='ocrx_word' id='word_1_299' title='bbox 434 3223 553 3282; x_wconf 91' lang='lat' dir='ltr'><strong>nucibus</strong></span> <span class='ocrx_word' id='word_1_300' title='bbox 574 3225 755 3301; x_wconf 90' lang='lat' dir='ltr'><strong>exprimitur;</strong></span> <span class='ocrx_word' id='word_1_301' title='bbox 777 3222 881 3302; x_wconf 92' lang='lat' dir='ltr'><strong>quibus</strong></span> <span class='ocrx_word' id='word_1_302' title='bbox 903 3220 1015 3300; x_wconf 92' lang='lat' dir='ltr'><strong>quidam</strong></span> <span class='ocrx_word' id='word_1_303' title='bbox 1030 3216 1080 3275; x_wconf 89' lang='lat' dir='ltr'><strong>vel</strong></span> 
     </span>
     <span class='ocr_line' id='line_1_37' title="bbox 95 3307 641 3382; baseline 0 -18"><span class='ocrx_word' id='word_1_304' title='bbox 95 3315 274 3382; x_wconf 89' lang='lat' dir='ltr'><strong>castoreum,</strong></span> <span class='ocrx_word' id='word_1_305' title='bbox 290 3307 338 3366; x_wconf 87' lang='lat' dir='ltr'><strong>vel</strong></span> <span class='ocrx_word' id='word_1_306' title='bbox 354 3307 497 3382; x_wconf 78' lang='lat' dir='ltr'><strong>myrrham</strong></span> <span class='ocrx_word' id='word_1_307' title='bbox 512 3308 641 3366; x_wconf 86' lang='lat' dir='ltr'><strong>miscent.</strong></span> 
     </span>
     <span class='ocr_line' id='line_1_38' title="bbox 156 3387 1028 3467; baseline -0.008 -15"><span class='ocrx_word' id='word_1_308' title='bbox 156 3389 186 3452; x_wconf 82' lang='lat'><strong>9.</strong></span> <span class='ocrx_word' id='word_1_309' title='bbox 217 3390 298 3449; x_wconf 90' lang='lat' dir='ltr'><strong>Solet</strong></span> <span class='ocrx_word' id='word_1_310' title='bbox 322 3391 407 3451; x_wconf 89' lang='lat' dir='ltr'><strong>etiam</strong></span> <span class='ocrx_word' id='word_1_311' title='bbox 427 3391 565 3450; x_wconf 92' lang='lat' dir='ltr'><strong>interdum</strong></span> <span class='ocrx_word' id='word_1_312' title='bbox 588 3393 617 3448; x_wconf 91' lang='lat' dir='ltr'><strong>in</strong></span> <span class='ocrx_word' id='word_1_313' title='bbox 638 3409 734 3449; x_wconf 87' lang='lat' dir='ltr'><strong>aurem</strong></span> <span class='ocrx_word' id='word_1_314' title='bbox 755 3389 861 3467; x_wconf 90' lang='lat' dir='ltr'><strong>aliquid</strong></span> <span class='ocrx_word' id='word_1_315' title='bbox 884 3387 1028 3457; x_wconf 83' lang='lat' dir='ltr'><strong>incidere,</strong></span> 
     </span>
    </p>
   </div>
   <div class='ocr_carea' id='block_1_3' title="bbox 94 3466 1048 3616">
    <p class='ocr_par' dir='ltr' id='par_1_3' title="bbox 94 3466 1048 3616">
     <span class='ocr_line' id='line_1_39' title="bbox 94 3466 1048 3616; baseline -0.006 -84"><span class='ocrx_word' id='word_1_316' title='bbox 94 3472 238 3549; x_wconf 90' lang='lat' dir='ltr'><strong>calculus,</strong></span> <span class='ocrx_word' id='word_1_317' title='bbox 261 3474 416 3552; x_wconf 90' lang='lat' dir='ltr'><strong>aliquodve</strong></span> <span class='ocrx_word' id='word_1_318' title='bbox 433 3474 545 3533; x_wconf 89' lang='lat' dir='ltr'><strong>animal.</strong></span> <span class='ocrx_word' id='word_1_319' title='bbox 582 3475 611 3532; x_wconf 88' lang='lat' dir='ltr'><strong>Si</strong></span> <span class='ocrx_word' id='word_1_320' title='bbox 629 3475 716 3552; x_wconf 85' lang='lat' dir='ltr'><strong>pulex</strong></span> <span class='ocrx_word' id='word_1_321' title='bbox 732 3476 881 3616; x_wconf 57' lang='lat' dir='ltr'><strong>intus1psp,</strong></span> <span class='ocrx_word' id='word_1_322' title='bbox 904 3466 1048 3550; x_wconf 91' lang='lat' dir='ltr'><strong>compelle</strong></span> 
     </span>
    </p>
   </div>
   <div class='ocr_carea' id='block_1_4' title="bbox 0 0 1213 3924">
    <p class='ocr_par' dir='ltr' id='par_1_4' title="bbox 0 0 1213 3924">
     <span class='ocr_line' id='line_1_40' title="bbox 0 0 1213 3924; baseline 0 0"><span class='ocrx_word' id='word_1_323' title='bbox 0 0 1213 3924; x_wconf 95' lang='lat' dir='ltr'><strong> </strong></span> 
     </span>
    </p>
   </div>
  </div>
 </body>
</html>
