2414 3924
467 172 537 218 ΜΒ.
551 173 574 219 1.
598 172 673 223 our.
688 173 739 222 111.
1061 167 1100 230 19

96 345 165 390 nam
183 335 252 386 tunc
273 334 302 383 et
326 327 445 404 pituitae
468 325 548 402 plus,
570 335 599 385 et
620 327 724 405 capitis
739 331 867 404 gravitas
883 333 974 407 major
990 334 1100 396 subest.

98 410 211 473 Inutilis
228 417 274 469 est
288 406 461 487 gracilibus,
485 417 514 467 et
530 408 704 470 imbecillum
720 413 897 473 stomachum
912 414 1100 479 habentibus:

99 495 179 556 utilis
196 493 291 573 plenis
313 500 343 553 et
357 490 470 551 biliosis
486 493 634 571 omuibus,
655 497 679 553 si
699 494 747 554 vel
762 496 875 556 nimium
890 515 923 557 se
939 498 1099 576 replerunt,

100 580 147 639 vel
163 595 264 658 parum
283 585 497 645 concoxerunt;
514 594 577 636 nam
593 580 657 637 sive
673 578 738 657 plus
756 588 817 654 est,
835 597 917 658 quam
940 583 1017 659 quod
1032 600 1099 643 ccu-

73 664 188 741 sooqui
207 663 316 740 possit,
339 660 499 739 periclitari
513 679 549 720 ne
571 671 786 740 corrumpatur,
806 679 862 722 non
880 674 1014 742 oportet;
1036 669 1099 725 sive

100 747 267 825 corruptum
278 754 340 821 est,
353 743 420 803 nihil
434 745 611 804 commodius
623 755 684 821 est,
698 763 780 822 quam
794 745 837 821 id,
855 749 967 825 quonia
980 751 1100 826 primum

99 828 211 909 expelli
227 837 341 907 potest,
360 828 479 903 ejicere.
509 826 626 907 ltaque,
645 830 692 888 ubi
706 831 794 890 amari
806 839 904 890 ructus
917 849 979 891 cum
997 832 1099 893 dolore

100 924 130 974 et
145 913 287 992 gravitate
305 911 542 989 praecordiorum
553 921 633 986 sunt,
650 913 685 972 ad
701 913 775 972 hunc
788 915 917 992 protinus
930 915 1098 993 confugien-

100 998 166 1059 dum
189 1005 233 1056 est
255 996 310 1074 (cl.
336 993 416 1073 Apo.
439 994 497 1071 lv,
521 995 587 1073 17).
625 996 703 1055 ldem
720 997 840 1074 prodest
864 999 907 1073 ei,
930 999 974 1057 cui
996 1008 1098 1077 pectus

64 1090 229 1156 reaestuat,
245 1089 274 1139 et
288 1080 425 1159 frequens
443 1079 551 1157 saliva,
567 1080 612 1138 vel
626 1098 733 1139 nausea
746 1089 805 1146 est;
821 1090 868 1141 aut
882 1091 986 1142 sonant
1001 1100 1098 1159 aures,

99 1175 147 1227 aut
167 1163 281 1225 madent
303 1163 395 1239 oculi,
419 1172 467 1223 aut
488 1181 522 1222 os
546 1181 670 1223 amarum
692 1174 751 1223 est:
773 1165 962 1243 similiterque
985 1167 1028 1243 ei,
1052 1171 1100 1247 qul

99 1250 147 1310 vel
164 1248 294 1325 coelum,
316 1247 365 1306 vel
382 1247 477 1306 locum
493 1256 594 1316 mutat;
615 1248 725 1326 iisque,
744 1250 861 1328 quibos,
886 1251 911 1309 si
931 1251 1099 1330 perplures

100 1335 163 1394 dies
174 1350 231 1393 non
244 1340 429 1405 vomuerunt,
443 1331 527 1390 dolor
539 1331 708 1410 praecordia
721 1332 847 1392 infestat.
880 1334 983 1413 Neque
995 1336 1099 1412 ignoro

99 1421 174 1478 inter
192 1417 266 1477 haec
287 1415 417 1494 praecipi
438 1415 577 1493 quietem:
607 1433 681 1493 quae
710 1433 768 1475 nou
791 1436 907 1497 semper
928 1421 1099 1497 contingere

65 1517 90 1558 uo
100 1510 199 1582 potest
216 1499 321 1578 agendi
337 1499 541 1559 necessitatem
556 1498 744 1569 habentibus;
761 1520 817 1562 nec
834 1503 862 1560 in
878 1503 1008 1562 omnibus
1024 1503 1099 1562 idem

99 1587 179 1646 lacit.
211 1583 312 1662 ltaque
331 1581 406 1642 istud
426 1582 557 1642 luxuriae
581 1601 667 1642 causa
690 1585 752 1644 lieri
776 1603 832 1644 non
854 1595 993 1663 oportere
1011 1585 1098 1645 confi·

99 1679 181 1739 teor;
195 1666 336 1728 interdum
349 1666 517 1727 valetudinis
532 1686 618 1729 causa
630 1678 711 1728 recte
724 1669 800 1746 lieri,
816 1670 1022 1746 experimentis
1037 1687 1098 1727 cre-

99 1754 154 1814 do:
172 1771 234 1813 cum
251 1770 288 1814 eo
301 1762 411 1826 tamen,
433 1754 565 1831 nequis,
589 1755 636 1829 qui
655 1753 756 1811 valere
779 1761 808 1811 et
827 1769 985 1811 senescere
1007 1751 1098 1826 volet,

99 1840 158 1900 boc
169 1837 361 1918 quotidianum
369 1836 484 1896 babeat.
496 1869 537 1880 —
550 1835 605 1908 Qui
619 1854 737 1896 vomere
752 1845 818 1913 post
831 1835 924 1894 cibum
937 1835 1012 1911 vult,
1026 1837 1049 1894 si
1062 1852 1100 1893 ex

65 1940 91 1980 ao
101 1923 179 1983 facili
195 1922 277 1998 lacit,
300 1937 402 2000 aquam
423 1929 528 1980 tantum
550 1919 675 1997 tepidam
698 1927 764 1979 aute
782 1919 869 1978 debet
888 1935 1051 1985 assumere;
1076 1917 1100 1976 si

101 2007 257 2082 dillicilius,
274 2004 424 2083 aquaevel
440 2004 518 2079 salis,
535 2003 581 2061 vel
594 2003 688 2062 mellis
704 2003 817 2080 paulum
829 2001 967 2078 adjicere.
998 2000 1099 2078 Atqui

101 2109 183 2151 mane
199 2092 354 2148 vomiturus
372 2097 431 2161 est,
448 2098 512 2147 ante
526 2087 627 2147 bibere
643 2086 778 2163 mulsum,
794 2086 842 2145 vel
858 2085 1033 2164 hyssopum,
1053 2093 1101 2144 aut

102 2193 169 2235 esse
195 2174 351 2234 radiculam
379 2172 480 2240 debet;
514 2172 618 2231 deinde
647 2189 749 2249 aquam
775 2169 916 2248 tepidam,
952 2177 982 2228 ut
1013 2184 1100 2246 supra

102 2260 317 2336 scriptumest,
340 2257 451 2316 bibere.
487 2255 607 2332 Cetera,
630 2274 703 2334 qnae
725 2256 832 2333 antiqui
856 2254 959 2313 medici
980 2269 1099 2331 praece-

65 2351 221 2421 tsperunt,
246 2341 423 2399 stomachum
444 2342 536 2399 omnia
553 2341 696 2399 infestant.
740 2338 809 2398 Post
825 2340 974 2414 vomitum,
998 2338 1022 2396 sl
1042 2345 1099 2396 sto·

102 2425 219 2486 machus
235 2426 361 2484 infirmus
377 2432 440 2499 est,
463 2423 577 2502 paulum
595 2423 667 2499 cibi,
689 2423 742 2482 sed
757 2423 840 2499 hujus
854 2422 968 2496 idonei,
983 2430 1099 2497 gusten-

103 2510 182 2584 dum,
206 2519 234 2568 et
249 2527 340 2588 aquae
355 2508 479 2585 frigidae
497 2507 592 2582 cyathi
616 2516 675 2566 tres
694 2506 810 2565 bibendi
829 2515 908 2580 sunt,
931 2506 983 2563 nisi
1006 2513 1100 2563 tamen

103 2596 202 2654 lauces
224 2594 347 2653 vomitus
372 2593 562 2670 exasperarit.
606 2590 662 2662 Qut
684 2592 806 2666 vomuit,
830 2592 854 2649 si
875 2606 957 2649 mane
973 2587 1001 2646 id
1019 2588 1099 2661 iecit,

104 2676 248 2737 ambulare
264 2677 367 2753 debet,
383 2687 441 2735 tum
456 2677 540 2752 ungi,
559 2674 661 2734 deinde
678 2692 820 2734 coenare:
845 2676 869 2733 si
888 2681 954 2751 post
971 2688 1099 2745 coenam,

67 2781 93 2821 ao
104 2770 224 2840 postero
240 2761 285 2821 die
299 2761 405 2835 lavari,
423 2769 451 2819 et
465 2761 492 2818 in
510 2759 613 2818 balneo
625 2758 739 2818 sudare.
774 2758 846 2818 Huic
858 2758 1006 2837 proximus
1019 2754 1100 2813 cibus

103 2846 258 2905 mediocris
280 2845 375 2903 utilior
396 2852 453 2911 est:
476 2845 559 2920 isque
581 2861 648 2901 esse
671 2842 759 2902 debet
781 2861 843 2901 cum
863 2859 937 2919 pane
953 2838 1100 2911 hesterno,

103 2933 169 2989 vino
187 2939 302 2990 austero
319 2944 451 3003 meraco,
468 2936 496 2986 et
515 2944 600 2985 carne
616 2944 697 3002 assa,
721 2926 851 3004 cibisque
870 2921 1000 2983 omnibus
1016 2937 1100 2997 quam

103 3015 282 3073 siccissimis
315 3012 370 3084 Qui
384 3029 504 3071 vomere
523 3010 566 3068 bis
582 3011 609 3068 in
625 3028 724 3069 mense
739 3009 816 3084 vult,
839 3008 941 3067 melius
957 3002 1099 3077 consulet,

104 3100 126 3156 si
144 3097 231 3158 biduo
249 3097 435 3173 oontInuarit,
453 3095 575 3173 quamsi
592 3102 659 3170 post
675 3092 942 3171 quintumdecimum
957 3085 1032 3145 diem
1047 3100 1098 3142 vo·

68 3183 204 3244 asmuerit
221 3179 323 3259 (Hipp.
344 3177 391 3239 De
407 3177 530 3239 soltrbrt'
549 3177 689 3250 dioetc§
707 3176 758 3254 5);
775 3176 827 3234 nisi
842 3173 917 3232 haeo
938 3185 1017 3227 mora
1033 3183 1099 3242 gra-

101 3268 218 3325 vitatem
236 3266 346 3343 pectori
362 3264 457 3322 faciet.

165 3348 301 3425 Dejectio
317 3357 410 3407 autem
431 3367 446 3406 a
464 3345 672 3404 medicamento
691 3359 807 3421 quoque
828 3335 951 3417 petenda
970 3341 1029 3409 est,
1052 3330 1098 3391 ubl

103 3444 206 3493 venter
222 3450 396 3511 suppressus
415 3448 514 3510 parum
530 3429 640 3504 reddit,
666 3445 704 3487 ex
719 3442 814 3502 eoque
830 3422 1008 3562 inllqtipnes‚
1028 3416 1099 3476 cali-
