2414 3924
372 703 418 773 A.
433 696 679 773 CORNELII
692 692 841 770 OELSI

187 867 450 950 ARTIUM
487 866 692 947 LIBER
723 857 1034 945 OCTAVUS

567 1037 647 1076 IDEM

359 1159 617 1227 MEDICINAE
655 1155 859 1223 TERTIUS.

488 1470 672 1531 CAPUT
704 1472 729 1530 Ι.

426 1587 463 1637 De
482 1587 627 1637 morborum
645 1587 791 1654 generibus.

143 1753 145 1758 ’
177 1739 306 1800 Provisis
316 1736 457 1814 omnibus,
472 1756 545 1816 quae
558 1738 705 1817 pertinent
716 1737 752 1798 ad
766 1737 901 1796 universa
913 1750 1022 1813 genem
1033 1750 1109 1793 mor·

111 1823 227 1899 borum,
245 1822 280 1883 ad
294 1821 472 1900 singuiorum
484 1823 647 1882 curationes
656 1824 778 1882 veniam.
808 1819 869 1880 Hos
886 1830 980 1880 autem
995 1819 1023 1876 in
1038 1816 1109 1876 duas

111 1909 228 1988 speeies
244 1905 348 1968 Graeci
369 1904 539 1976 diviseruui;
562 1906 694 1984 aliosque
710 1924 748 1965 ex
763 1904 808 1964 his
826 1912 942 1978 acutos,
960 1902 1033 1962 aiios
1047 1900 1133 1963 iona

111 2009 167 2069 gos
196 2009 263 2051 esse
291 1989 438 2050 dixerunt:
467 1991 608 2067 ideoque,
636 1992 768 2068 quoniam
787 2005 845 2049 non
869 2004 985 2065 semper
1006 1984 1109 2044 eodeni

111 2073 197 2134 modo
214 2074 447 2152 respondebant,
470 2074 589 2132 eosdem
610 2073 657 2133 alii
672 2075 876 2149 inieramus,
894 2070 942 2130 alii
957 2072 1031 2129 inier
1047 2069 1108 2128 lon·

111 2176 166 2236 gos
180 2157 348 2217 retulerunt.
379 2156 425 2215 Ex
440 2174 497 2233 quo
512 2156 593 2234 plura
610 2174 708 2217 eorum
726 2174 836 2233 genera
850 2173 917 2215 esse
931 2153 1109 2214 manifestum

112 2250 165 2300 est.
196 2239 315 2315 Quidam
336 2241 410 2298 enim
433 2239 540 2298 breves
556 2243 687 2318 acutique
703 2248 784 2314 sunt,
807 2242 855 2317 qui
871 2239 929 2298 oito
945 2237 992 2296 vei
1007 2236 1110 2296 toiiuni

111 2324 272 2401 hominem,
292 2323 340 2382 vei
361 2323 417 2400 ipsi
434 2324 489 2381 cito
512 2323 657 2384 finiuntur:
677 2323 790 2403 quidam
810 2323 906 2400 iungi,
932 2320 984 2380 sub
1006 2320 1109 2398 quibus
1120 2338 1145 2378 ro

112 2424 205 2484 neque
224 2407 330 2464 sanitas
351 2407 380 2464 in
400 2408 580 2485 propinquo,
603 2424 697 2486 neque
719 2407 836 2466 exitium
858 2414 917 2465 est:
939 2405 1110 2482 tertiumque

111 2506 203 2567 genus
220 2505 318 2548 eorum
338 2498 398 2563 esi,
423 2491 470 2567 qui
487 2491 573 2550 modo
591 2494 682 2568 acuti,
705 2490 791 2551 modo
815 2491 896 2566 longi
917 2496 996 2557 sunt3
1022 2485 1108 2564 idque

111 2590 168 2632 non
183 2574 211 2631 in
225 2572 354 2633 febribus
368 2574 579 2651 tantummodo,
598 2577 627 2633 in
650 2575 753 2652 quibus
769 2573 1029 2652 frequentissimum
1053 2579 1109 2645 esi,

112 2654 163 2715 sed
185 2658 214 2715 in
236 2656 300 2716 aliis
321 2674 435 2735 quoque
457 2658 497 2717 iit.
528 2657 623 2736 Atque
646 2659 730 2719 etiam
753 2667 869 2738 praeter
883 2655 955 2731 hos,
979 2664 1110 2733 quartum

112 2748 167 2815 est,
184 2740 262 2817 quod
277 2758 371 2820 neque
385 2750 498 2800 aonium
512 2741 568 2801 dini
585 2750 698 2820 potest,
717 2743 783 2819 quia
798 2758 855 2801 non
870 2740 998 2818 perimit;
1014 2756 1110 2816 neque
1122 2755 1144 2796 u

110 2823 208 2900 utique
223 2823 350 2901 longum,
368 2826 444 2902 quia,
464 2826 487 2883 si
502 2827 673 2902 occurritur,
689 2825 777 2885 iaoiie
794 2833 918 2884 sanatur.
936 2821 1013 2902 Ego,
1026 2838 1110 2899 quum

112 2904 148 2965 de
167 2907 288 2984 singulis
306 2907 414 2984 dicam,
439 2909 520 2983 eujus
536 2911 657 2987 quisque
671 2910 789 2986 generis
803 2909 841 2968 sit
859 2906 1004 2968 indicabo.
1031 2906 1109 2965 Divi-

112 2989 176 3051 dam
190 3001 283 3050 autem
300 3009 400 3051 omnes
414 2993 441 3050 in
458 3009 526 3066 eos,
551 2994 598 3069 qui
619 2995 647 3050 in
668 2994 736 3051 totis
759 2991 932 3071 corporibus
949 2992 1109 3052 consistere

111 3074 258 3151 videntur,
276 3085 305 3134 et
319 3091 388 3151 eos,
410 3077 458 3153 qui
480 3076 609 3135 oriuntur
630 3078 658 3135 in
679 3075 816 3155 portibus.
844 3075 982 3154 Incipiam
1000 3093 1016 3134 a
1032 3072 1108 3152 prio·

111 3157 204 3236 ribus,
227 3178 318 3237 pauca
337 3159 372 3217 de
388 3158 518 3218 omnibus
533 3160 689 3237 praefatus.
720 3159 751 3218 In
773 3158 852 3219 nuilo
868 3159 983 3236 quidem
1003 3153 1144 3218 morboso

111 3241 202 3301 miuus
217 3243 330 3302 fortuna
346 3242 400 3301 sibi
417 3243 578 3315 vindicare,
598 3262 681 3320 quam
698 3262 745 3302 ars
764 3251 872 3321 potest:
894 3251 997 3320 utpote
1013 3257 1109 3321 quum,

110 3334 291 3401 repugnante
306 3335 415 3401 notura,
431 3326 499 3385 nihii
511 3326 650 3385 medicina
665 3326 797 3403 proficiat
809 3325 865 3404 (of.
876 3326 941 3403 Vll,
955 3328 1109 3404 prooem).

112 3405 204 3483 bingis
220 3417 314 3467 iumen
324 3408 529 3486 ignoscendum
539 3410 651 3468 medico
664 3418 709 3468 est
720 3427 819 3489 pamm
830 3410 991 3490 proficienti
1000 3412 1028 3468 in
1042 3428 1109 3469 acu·
