2414 3924
371 194 418 240 on
441 193 502 240 orn
525 193 656 240 utram
679 193 753 240 can.
770 195 828 240 xx.
1042 181 1082 244 41

115 333 206 392 rudes
234 334 403 394 etiamtum
427 333 483 393 sibi
503 320 638 412 quaeque
658 331 839 401 statuebant,
871 338 928 390 tam
952 333 1032 392 inter
1052 355 1084 397 se

117 418 288 495 discrepent
309 435 397 495 quam
419 436 486 478 cum
508 414 559 477 illo
575 416 703 476 naturali
723 433 783 476 non
805 416 988 494 congruant?
1013 421 1062 476 et
1054 437 1084 479 rn

116 502 249 598 Aegypto
267 503 384 583 quidem
401 501 634 581 antiquissimum
651 499 751 561 serunt
771 518 882 561 annum
898 507 1085 562 menstruum

115 549 220 656 tuisse,
253 594 319 664 post
346 586 452 647 deinde
479 585 515 646 ah
542 586 628 647 isone
655 603 726 661 rege
752 585 1084 664 quadrimenstremia·

81 684 97 732 5
117 679 211 741 ctum
236 671 394 731 novissime
416 670 558 730 drminon
581 670 617 730 ad
638 684 705 730 xm
724 687 844 730 menses
866 676 896 730 et
883 669 980 730 tdies
1001 671 1084 749 quin-

116 773 173 833 que
198 753 420 832 perduxisse.
411 762 482 815 rtem
502 756 533 815 in
555 753 663 816 Achaia
682 753 811 815 Arcades
832 754 1011 815 trimestrem
1032 773 1084 814 an·
1102 763 1119 812 5
1199 805 1200 810 ,

115 857 187 899 num
204 840 300 917 primo
321 837 461 900 habuisse
477 838 627 909 dicuntur,
651 844 680 898 et
695 837 732 898 ob
748 837 776 898 id
794 838 978 937 proselenoe·
985 840 1084 918 appel·

116 923 181 993 lati,
212 941 289 993 non,
320 931 352 983 ut
373 923 491 1002 quidam
511 930 630 1001 putant,
662 921 744 1000 quod
764 924 1084 1007 antesiotnatiquam

115 1007 203 1068 lunae
225 1017 337 1068 astrum
359 1007 439 1068 caelo
461 1015 553 1078 esset,
578 1007 629 1068 sed
652 1006 731 1087 quod
751 1007 835 1085 prtus
855 1001 1012 1066 habuerint
1033 1025 1084 1068 an·

66 1103 98 1151 10
117 1110 188 1151 num
211 1110 302 1168 quom
323 1092 348 1151 is
366 1094 398 1152 in
414 1092 537 1152 Graecia
553 1091 590 1152 ad
605 1091 693 1152 lunae
709 1108 832 1151 cursum
846 1091 1083 1152 constitueretur.
1143 1107 1145 1111 ·

116 1183 185 1235 sunt
210 1178 261 1255 qui
286 1176 407 1256 tradunt
432 1177 511 1237 bunc
537 1193 645 1237 annum
673 1176 851 1236 trimestrem
874 1174 977 1235 Horon
1003 1177 1120 1236 insti-6

117 1261 223 1329 tuisse,
252 1279 345 1340 eoque
367 1280 419 1321 ver
441 1267 581 1322 aestatem
606 1270 780 1322 autumnum
801 1259 931 1320 hiemem
946 1260 1035 1321 horas
1056 1269 1086 1322 et

117 1361 226 1405 annum
243 1347 341 1407 boreo
356 1345 428 1416 dici,
458 1352 487 1406 et
502 1346 632 1407 Graecos
653 1343 774 1406 annales
788 1343 894 1413 horus,
923 1362 1085 1425 eorumque

117 1429 279 1507 scriptores
299 1429 513 1509 horographos.
549 1429 647 1508 itaque
663 1437 800 1506 quattuor
810 1445 962 1489 annorum
978 1431 1085 1491 circui·

68 1523 99 1570 15
118 1521 180 1572 tum
206 1514 235 1572 in
261 1513 382 1574 modum
403 1514 615 1593 pentaeteridis
641 1530 751 1573 annum
777 1530 916 1591 magnum
938 1511 1084 1574 dicebant.

118 1597 208 1658 Cares
233 1605 331 1658 autem
358 1608 387 1659 et
409 1599 577 1658 Acarnanes
603 1603 782 1658 semenstres
803 1596 973 1657 hahuerunt
993 1604 1120 1658 annost

118 1688 147 1741 et
162 1682 238 1740 inter
254 1699 285 1740 sc
302 1680 472 1748 dissimiles,
495 1679 601 1757 quihus
617 1678 736 1741 alternis
752 1681 814 1742 dies
829 1689 1023 1759 augescerent
1038 1691 1088 1743 aut

117 1772 321 1834 senescerent,
353 1781 464 1841 eosque
491 1765 665 1825 coniunctos
690 1764 770 1825 velut
796 1765 949 1827 trieterida
976 1783 1086 1827 annum

116 1863 266 1924 magnum.
839 1851 841 1856 '

67 1941 100 1990 20
183 1931 241 1992 Sed
267 1939 299 1992 ut
324 1931 379 1992 hos
406 1949 499 1993 annos
526 1933 659 1993 omittam
686 1932 809 2012 caligine
836 1935 893 1994 iam
919 1933 1084 2012 profundae
1096 1935 1138 1996 20

119 2018 271 2076 vetustatis
293 2015 453 2087 obductos,
480 2018 510 2076 in
532 2017 578 2077 his
600 2035 732 2096 quoque,
759 2020 893 2095 quisunt
914 2019 1087 2080 recentioris
1184 2018 1186 2021 ’

120 2103 281 2162 memoriae
302 2101 387 2162 etad
412 2120 534 2163 cursum
554 2100 642 2162 lunae
664 2099 710 2161 vel
725 2099 795 2162 solis
816 2103 955 2171 instituti,
979 2111 1087 2182 quanta

120 2186 157 2244 sit
176 2188 302 2247 varietas
333 2185 417 2247 facile
446 2194 490 2248 est
511 2204 705 2265 cognoscere,
736 2187 761 2245 si
784 2187 849 2263 quis
871 2185 916 2247 vel
943 2187 973 2246 in
1000 2188 1087 2248 unius

119 2268 219 2330 Italiae
236 2269 382 2346 gentihus,
399 2289 437 2331 ne
453 2270 546 2332 dicam
562 2270 737 2350 peregrinis,
755 2270 822 2330 velit
836 2271 996 2350 inquirere.
1018 2289 1088 2332 nam

123 2462 322 2474 ——u—

188 2590 211 2638 1.
235 2601 288 2639 tam
312 2590 336 2638 D
406 2592 430 2639 2.
455 2593 627 2654 congregant
654 2589 689 2648 V,
711 2605 780 2643 corr.
804 2607 835 2641 m.
854 2593 870 2639 2
892 2593 919 2640 ia
939 2607 1020 2656 marg.

119 2660 144 2705 3.
163 2662 331 2706 menstruum
349 2658 416 2709 coni.
434 2657 544 2715 Iabnue,
569 2669 721 2709 menesatem
746 2658 1088 2722 (miseratamiserata.)
1125 2690 1127 2694 -

118 2723 156 2780 D
178 2724 356 2774 bimenstrem
379 2724 417 2787 V,
440 2725 600 2774 bimestrem
623 2728 695 2790 vulgo
764 2727 788 2779 5
813 2739 978 2776 neutestmee
996 2727 1021 2774 I)

118 2791 408 2852 x111*1),x111·V
475 2793 499 2844 6.
521 2792 551 2840 in
574 2792 667 2842 adiaia
693 2792 720 2843 V
784 2794 970 2842 trimenstrem
997 2792 1023 2841 V
1107 2791 1111 2797 ’

120 2857 144 2905 t.
163 2872 344 2920 paeseneuau
361 2859 395 2920 t),
415 2873 495 2922 prose
514 2859 606 2923 lenem
627 2859 655 2907 V
720 2860 973 2924 appennarttmrD,
992 2861 1087 2924 appel-

121 2924 163 2971 lat
181 2923 209 2971 id
227 2927 302 2981 utel,
328 2924 478 2989 appellant·
502 2926 533 2976 Id
552 2930 582 2974 ut
604 2925 630 2974 V
696 2929 721 2977 9.
747 2926 825 2976 coelo
848 2926 872 2975 V
941 2928 981 2975 10.
1006 2941 1088 2988 quam

120 3006 166 3042 om.
188 2990 243 3038 DV
290 2991 334 3041 hie
356 2993 382 3041 V
431 3006 710 3042 cousrtruaeneurun
727 2993 765 3055 D,
786 2993 1019 3043 constituerentur
1037 2993 1090 3042 dV

121 3059 160 3106 11.
180 3059 366 3108 trimenstrem
389 3059 415 3108 V
482 3061 522 3108 12.
545 3059 628 3110 horus
646 3059 713 3120 DV,
740 3057 904 3125 dipdceutpo
976 3062 1016 3110 13.
1040 3060 1087 3110 ho-

121 3139 170 3174 ron
189 3140 234 3174 om.
254 3125 315 3188 DV,
336 3123 412 3189 ὼρον
429 3129 502 3190 uatpo
571 3141 668 3207 grecos
691 3097 725 3190 V,
743 3142 813 3178 corr
832 3144 862 3177 m.
881 3142 934 3176 rec.
1004 3127 1088 3177 horus

120 3191 186 3251 DV,
211 3189 302 3254 ὥρου(
324 3199 396 3258 culpo
466 3208 571 3258 eorum,
596 3196 686 3244 omisso
709 3209 776 3258 que,
804 3194 833 3242 V
897 3196 939 3244 14.
963 3208 1087 3244 scatere·

121 3274 170 3310 nes
189 3260 213 3308 D
278 3257 464 3323 ὡρογράφουε
482 3264 553 3324 uotpo
623 3275 748 3312 ctacutru
765 3261 823 3310 DV
888 3263 928 3311 15.
947 3261 1087 3325 pertrahe

121 3325 296 3377 renthtsDV
361 3330 401 3379 16.
415 3329 608 3378 sembsraesl)
678 3332 718 3380 17.
733 3332 761 3378 et
772 3344 873 3378 erocum
884 3329 960 3388 ml)
974 3328 1089 3378 bobetV

121 3396 161 3447 18.
176 3393 389 3445 rathereatboD
458 3398 500 3446 20.
518 3398 631 3445 amitam
648 3395 674 3444 V
723 3397 912 3462 cantotnemD
981 3397 1022 3449 21,
1040 3410 1075 3444 r

121 3475 259 3514 rusraros
276 3464 310 3524 D,
329 3477 397 3515 corr.
417 3464 436 3512 d
503 3477 686 3514 neceurtottes
705 3464 730 3512 D
