2414 3924
514 198 731 263 „24-

112 345 219 407 illines.
264 352 334 425 post
367 342 440 405 haec
473 361 542 405 cum
574 343 681 404 sudare
714 344 847 423 coeperit
874 341 1067 424 confricabis,
1100 350 1131 404 et

113 443 182 513 post
204 433 344 494 balneum
367 450 489 493 rosaceo
512 439 564 493 aut
586 433 715 511 myrtino
739 430 804 492 oleo
827 449 1007 510 perungues.

424 625 511 687 XVll.
548 625 595 687 td
618 625 813 706 parotidas.

202 752 372 814 Nascuntur
399 751 551 831 parotides
579 752 658 810 circa
686 752 803 811 aurium
831 758 945 831 partes,
975 749 1054 811 unde
1078 769 1130 810 no·

86 843 193 902 emine
212 859 319 920 graeco
338 843 381 901 sic
400 848 551 901 vocantur.
587 845 618 898 et
635 841 777 899 eveniunt
795 839 969 918 frequenter
986 840 1018 899 iu
1037 841 1130 918 aegri·

113 928 269 991 tudinibus
283 929 418 1008 malignis
433 946 506 1009 quas
521 927 626 988 Gracci
642 926 799 988 cacoethes
813 926 969 1008 appellant.
1004 929 1131 988 maxime

114 1017 172 1078 illis
200 1018 265 1078 iieri
289 1017 385 1078 solent
414 1019 467 1096 qui
489 1015 525 1076 ab
549 1014 784 1094 aegritudinibus
812 1016 948 1095 frigidam
978 1017 1132 1094 potionem

113 1108 379 1187 praesumpserint.
429 1113 459 1166 et
487 1111 557 1166 sunt
588 1103 684 1164 honae
717 1121 792 1183 quae
825 1104 924 1166 subito
956 1103 1131 1165 inchoantes

115 1213 183 1256 cum
207 1196 336 1255 extantia
359 1197 389 1254 in
414 1193 572 1273 superficie
591 1194 669 1253 cutis
692 1195 884 1272 apparuerint
905 1200 936 1253 et
959 1210 1028 1253 cum
1052 1210 1131 1252 com·

75 1298 101 1339 ro
113 1285 228 1363 petenti
256 1282 358 1342 dolore
387 1290 417 1344 et
444 1280 555 1343 rubore
579 1282 774 1362 competenti,
802 1299 899 1360 neque
924 1279 1133 1341 transvorandi

115 1371 245 1432 officium
269 1377 381 1449 negent
402 1388 501 1450 neque
524 1387 645 1429 somnos
666 1368 837 1448 impediant.
880 1376 952 1431 sunt
975 1368 1046 1429 aliae
1071 1387 1131 1429 ma·

113 1459 210 1538 lignee
244 1477 325 1539 quae
352 1460 562 1519 contrarietate
595 1476 686 1538 supra
725 1457 872 1519 dictarum
907 1456 1132 1536 intelleguntur.

115 1550 293 1626 contingunt
319 1549 429 1607 iterum
455 1545 605 1626 parotides
638 1563 707 1606 mou
739 1555 916 1626 apparentes
947 1564 1015 1606 mox
1049 1563 1133 1607 rece·

115 1635 233 1697 dentes:
262 1634 351 1696 nullis
378 1633 610 1714 procedentibus
638 1634 808 1716 adiutoria,
837 1635 941 1696 salutis
963 1633 1133 1714 periculum

76 1740 101 1782 ro
115 1724 265 1806 referunt,
287 1723 324 1784 ad
347 1723 467 1785 altiores
489 1723 664 1803 pulmonum
686 1730 787 1801 partes
814 1724 970 1802 fugientes.

205 1814 368 1874 curationis
392 1820 541 1892 tempore
574 1810 611 1872 ad
642 1810 817 1872 inchoantes
852 1811 1003 1892 parotidas
1040 1810 1133 1872 medi·

116 1908 284 1963 cementum
306 1900 513 1963 diaforeticum
528 1901 571 1962 sic
591 1900 690 1961 iacies.
719 1909 817 1962 cretae
832 1901 1016 1979 argentariae
1029 1908 1134 1979 partes

190 2146 204 2194 1
224 2141 331 2209 ceperit
348 2157 383 2210 p:
407 2140 501 2195 -rint
519 2157 542 2197 o.
650 2139 856 2209 eon(9)fricabis
880 2157 906 2195 c:
931 2158 947 2206 z
969 2139 1084 2194 fricabis
1101 2157 1133 2210 p.

116 2217 261 2266 2rosaceo
274 2228 309 2280 p:
328 2228 407 2266 roseo
427 2228 449 2266 e.
521 2227 659 2280 perunges
678 2227 718 2280 cp.
791 2217 806 2265 3
826 2212 868 2266 tit.
882 2211 927 2264 Ad
940 2210 1086 2280 parotidas
1105 2228 1134 2266 c:

117 2315 221 2371 Contra
238 2316 381 2385 parotides
395 2333 425 2385 p.
499 2316 663 2385 4parotide
682 2333 704 2373 c.
778 2321 858 2371 annii
876 2334 903 2372 cr
922 2294 997 2384 antid
1010 2332 1042 2386 p.
1116 2322 1133 2372 ὅ

116 2387 155 2441 sic
174 2404 201 2441 e:
219 2403 269 2442 om.
284 2404 315 2456 p.
406 2395 422 2442 6
441 2386 573 2457 malignis
592 2403 618 2442 c:
644 2404 695 2442 ora.
709 2404 740 2457 p.
831 2404 901 2456 quas
921 2419 954 2428 -
973 2387 1134 2457 appellant:

117 2475 135 2512 a
148 2456 237 2527 grecie
251 2458 398 2513 caohoetos
412 2459 559 2528 appellant
572 2474 594 2527 c,
609 2475 627 2512 a
635 2458 726 2528 grecis
741 2458 927 2514 chaohohetes
941 2458 1092 2528 appelletis
1100 2475 1133 2527 p.

117 2531 146 2583 et
163 2529 284 2584 maxime
299 2545 330 2598 p.
403 2529 493 2583 ‘tfieri
507 2529 598 2584 solent
611 2546 638 2584 c:
659 2528 826 2598 contingunt
839 2546 869 2598 p.
942 2530 991 2597 qni
1005 2529 1041 2583 ab
1061 2529 1134 2599 egri-

116 2599 260 2655 tudinibus
277 2599 382 2669 frigida
399 2600 514 2669 potione
530 2599 752 2670 presumpserint
769 2617 784 2654 c
805 2601 852 2667 (cf.
872 2600 945 2654 Patr.
963 2617 985 2655 c.
1000 2603 1065 2667 17),
1083 2600 1134 2667 qui

117 2669 304 2739 egritudinem
326 2687 344 2725 a
365 2670 471 2741 frigida
492 2671 607 2741 potione
630 2673 809 2740 sumpserunt
825 2688 857 2740 p.
965 2677 981 2725 8
1004 2670 1077 2724 bone
1098 2677 1137 2739 1⁹⁰

119 2743 162 2807 (irc
180 2743 293 2810 marg.):
321 2742 392 2796 bene
411 2743 457 2810 (be
471 2747 505 2811 p)
524 2759 565 2811 op.
656 2749 672 2796 9
696 2741 878 2811 apparuerint
900 2758 926 2808 o,
950 2744 1089 2809 apparent
1102 2758 1134 2810 p.

118 2813 148 2866 et
165 2832 184 2878 a
203 2817 237 2866 cd
260 2812 370 2881 petenti
393 2813 489 2869 dolore
512 2815 541 2867 et
562 2812 663 2867 rubore
681 2813 807 2882 9petenti
825 2829 854 2883 c,
877 2815 907 2866 et
924 2829 988 2866 cum
1007 2812 1136 2880 opstenti

117 2883 217 2938 rubore
232 2886 261 2938 et
275 2883 370 2938 dolore
380 2900 411 2952 p.
485 2889 518 2938 10
532 2899 623 2953 neque
632 2901 667 2953 p:
683 2885 712 2938 et
725 2901 816 2953 neque
831 2901 853 2938 c.
927 2888 958 2936 11
972 2884 1079 2952 negant
1091 2899 1134 2951 op.

118 2970 249 3023 sompnos
267 2953 399 3023 ipediunt
412 2971 451 3024 p,
475 2971 592 3023 sompno
613 2954 742 3024 ipediant
764 2971 787 3009 c.
879 2960 911 3008 12
933 2952 1136 3008 contrarietate

118 3041 202 3094 supra
229 3025 369 3079 dictarum
401 3041 428 3079 e:
457 3024 595 3079 contrarie
622 3024 789 3093 supradictis
811 3042 834 3095 p
867 3024 979 3092 (Pata).
1092 3024 1136 3078 in-

2 3141 6 3149 .
116 3096 285 3165 telliguntur
302 3112 343 3167 cp.
457 3102 490 3150 13
513 3096 615 3150 iterum
637 3095 699 3163 (itm
716 3098 748 3165 p)
772 3112 817 3166 ep:
845 3096 899 3150 iste
920 3096 995 3149 Petr.
1101 3101 1136 3149 13

116 3167 246 3235 parotide
265 3183 287 3221 c.
380 3173 414 3221 14
431 3166 515 3221 nullis
535 3184 561 3221 o:
579 3167 650 3221 nulli
668 3167 788 3236 (nll’i)p
807 3166 883 3235 (ullis
904 3166 998 3235 Pota).
1085 3166 1135 3220 ad·

117 3238 227 3292 intoriis
245 3255 260 3293 e
279 3238 394 3307 (Petrdr
413 3238 526 3293 adruros
544 3237 607 3305 (sic)
622 3255 654 3307 p.
746 3237 960 3306 precedentibus
974 3253 1007 3305 cp
1022 3236 1135 3304 (Patr).

118 3309 239 3374 cfiOets.
264 3314 362 3376 6,1e.
407 3310 457 3364 Ta.
478 3310 567 3363 Prisc.
581 3325 612 3377 p.
632 3314 671 3364 8⁰.
781 3314 814 3363 15
833 3309 882 3363 ad:
907 3309 941 3362 ut
959 3324 986 3377 o,
1009 3308 1076 3377 etp
1096 3309 1139 3376 (et

118 3379 233 3435 altiores
256 3397 330 3449 pp.
352 3381 489 3435 irruentes
515 3379 609 3447 Pota).
650 3381 714 3446 fort.
738 3380 771 3433 ut
793 3378 837 3434 ad.
934 3385 967 3433 16
986 3377 1023 3433 ad
1042 3394 1092 3433 om,
1112 3395 1135 3433 c.

121 3456 152 3505 17
172 3449 367 3504 diaforeticum
387 3466 413 3517 o,
438 3452 566 3505 -teeom
586 3451 649 3516 (sic)
664 3466 695 3518 p.
799 3450 953 3521 argentatis
972 3466 994 3517 c,
1012 3450 1089 3505 -les
1103 3465 1137 3519 p.
