2414 3924
117 206 159 270 22
363 217 411 265 ns
434 216 496 263 ors
518 215 651 263 nanum
675 214 750 263 one.
766 214 841 262 xm.

119 378 175 421 nec
202 358 313 419 tibicen
341 354 479 417 omnibus
503 352 768 434 supplicationibus
794 356 824 414 in
851 355 945 415 sacris
975 355 1100 417 aedibus

120 443 330 511 adhiberetur,
354 459 413 501 non
429 458 496 501 cum
511 440 632 500 tibicine
647 439 734 500 blarti
754 439 924 516 triumphus
946 451 1098 518 ageretur,

121 546 181 588 non
196 525 325 605 Apollini
342 525 468 594 cithara,
492 542 551 584 non
567 523 658 584 illusis
673 523 766 584 tibiae
782 531 941 603 ceteraque
957 524 989 585 id
1005 542 1100 603 genus

121 618 221 674 essent
241 608 407 684 adtributa,
432 627 492 669 non
512 608 697 677 tihieiuibus,
720 627 776 687 per
798 626 873 687 quos
888 611 1016 670 numina
1037 609 1100 689 pla·

122 703 247 766 cantur,
265 701 343 756 esset
357 693 534 773 permissum
551 699 602 753 aut
616 691 703 753 ludos
718 691 836 771 publice
852 693 953 754 lacere
971 712 1007 755 ac
1022 695 1128 756 vescit

121 781 152 841 in
169 778 326 858 Capitolio,
356 785 407 837 aut
422 776 657 855 Quinquatribus
672 776 860 848 minusculis,
884 777 913 838 id
930 786 980 839 est
1001 778 1100 840 idibus

124 864 223 933 luniis,
240 862 346 924 urbem
361 863 467 921 vestitu
484 879 543 938 quo
560 860 667 923 vellent
682 864 849 939 personatis
864 861 1100 944 temulentisque

90 963 106 1011 3
124 950 289 1026 pervagari.
335 946 488 1006 hominum
512 964 631 1024 quoque
652 953 768 1006 mentes
789 954 818 1007 et
839 947 940 1025 ipsae,
962 949 1099 1025 quamvis

121 1032 252 1111 Epicuro
279 1030 475 1101 reclamante,
508 1030 622 1091 divinae
643 1048 726 1092 suam
747 1038 883 1092 naturam
913 1041 1100 1109 percautus

122 1122 296 1192 agnoscunt.
344 1114 470 1194 denique
493 1133 551 1194 quo
574 1114 689 1176 laoilius
710 1115 853 1177 sufferant
873 1113 1028 1188 lahorem,
1055 1116 1099 1178 rel
1115 1128 1138 1176 10

122 1200 152 1259 in
167 1200 248 1258 navis
264 1206 362 1260 meatu
377 1217 393 1260 a
409 1207 526 1260 rectore
541 1199 715 1278 symphonia
731 1198 903 1261 adhibetur:
928 1199 1099 1277 legionibus

123 1299 241 1361 quoque
262 1284 294 1343 in
315 1285 379 1344 acie
400 1282 608 1345 dimicantibus
630 1285 715 1344 etiam
732 1292 829 1345 metus
845 1287 950 1344 mortis
971 1285 1098 1348 classico

88 1364 292 1444 edepellitur.
337 1367 375 1426 ob
396 1384 483 1444 quam
510 1384 575 1428 rem
596 1368 794 1446 Pythagoras,
825 1375 858 1429 ut
884 1371 1020 1430 animum
1046 1388 1097 1433 sua

126 1467 244 1530 sempor
260 1452 409 1513 divinitate
424 1450 580 1523 imbueret,
598 1453 681 1530 prius
696 1470 784 1530 quarn
795 1469 828 1514 se
844 1471 949 1513 somno
967 1454 1056 1517 daret
1070 1463 1099 1516 et

125 1553 191 1595 cum
209 1545 286 1596 esset
302 1537 486 1615 expergitus,
508 1537 620 1597 cithara
636 1544 669 1597 ut
684 1536 783 1597 lerunt
798 1544 918 1598 cantare
934 1536 1097 1602 consuete·
1113 1548 1136 1597 tt

125 1627 186 1689 rat,
204 1629 233 1680 et
247 1619 435 1698 Asclepiades
450 1622 582 1682 medicus
597 1621 841 1700 phreneticorum
857 1630 975 1683 mentes
991 1623 1096 1685 morbo

125 1703 259 1765 turbatas
285 1723 374 1782 saepe
400 1723 455 1784 per
483 1705 676 1784 symphonian
706 1724 777 1766 suae
805 1713 929 1767 naturae
955 1709 1095 1771 reddidit.

124 1787 305 1866 Herophilus
321 1799 436 1860 autem,
453 1792 525 1850 artis
540 1790 671 1851 eiusdem
687 1789 854 1868 professor,
873 1808 1018 1854 venarum
1033 1791 1095 1873 pul·

91 1892 108 1941 5
125 1890 176 1934 sus
190 1873 336 1952 rhythmis
352 1875 472 1934 musicis
494 1876 533 1934 ait
548 1876 670 1934 moveri.
706 1876 805 1953 itaque
821 1876 845 1935 si
862 1883 891 1935 et
912 1876 943 1935 in
960 1879 1095 1956 eorporis

125 1965 155 2017 et
175 1959 204 2016 in
226 1958 316 2018 animi
331 1966 413 2017 motu
429 1965 473 2019 est
487 1957 657 2029 harmonia,
684 1957 789 2037 procul
805 1959 894 2019 dubio
916 1977 932 2019 a
947 1961 1095 2023 natalibus
1108 1969 1132 2018 nt

124 2043 234 2102 nostris
250 2044 360 2104 musica
376 2061 436 2103 non
452 2049 496 2104 est
511 2043 615 2103 aliena.

74 2139 110 2198 13
191 2127 233 2186 nd
250 2126 324 2186 haec
339 2128 452 2187 accedit
468 2128 546 2206 quod
562 2126 744 2207 Pythagoras
759 2127 888 2205 prodidit
902 2127 984 2188 hunc
1000 2136 1094 2192 totum

127 2210 269 2271 mundum
291 2213 402 2272 musica
423 2212 535 2272 iactum
551 2214 684 2281 ratione,
707 2219 880 2292 septemque
895 2211 997 2274 stellas
1018 2217 1096 2275 inter

127 2293 239 2355 caelum
263 2302 291 2356 et
306 2305 416 2356 terram
432 2312 535 2372 vagaS,
566 2315 641 2374 quae
657 2296 824 2358 mortalium
846 2315 971 2374 geneses
993 2299 1095 2361 mode·

127 2386 248 2448 rantur,
279 2387 392 2439 motum
413 2379 524 2440 babere
545 2382 722 2459 eurptlrmon
750 2389 776 2441 et
799 2379 951 2441 intervalla
972 2385 1095 2444 musicis
1109 2391 1134 2441 u

128 2460 308 2524 diastematis
331 2481 477 2542 congrua,
509 2467 682 2543 sonitusque
703 2467 799 2526 uarios
820 2466 947 2526 reddere
968 2484 1028 2544 pro
1044 2486 1095 2529 sua

124 2606 325 2614 ---..-»--,.-....

190 2682 213 2728 2.
234 2695 295 2729 cum
314 2696 360 2734 om,
378 2682 404 2730 V
471 2679 569 2746 Marti]
586 2697 639 2731 eun
658 2686 690 2747 D,
710 2700 757 2734 ont.
775 2686 807 2751 V,
827 2689 875 2734 atat
893 2684 1019 2746 tubicine
1033 2687 1094 2736 Iad-

122 2761 181 2809 nus,
208 2749 299 2798 avitus
317 2749 451 2799 Preilerus
468 2749 540 2799 Rom.
560 2749 668 2814 Mythol.
685 2769 712 2816 p.
731 2755 797 2809 31o,·
819 2753 878 2802 midi
895 2754 920 2801 ic
939 2768 994 2802 aun
1013 2757 1094 2804 latere

122 2819 199 2865 uisum
218 2828 320 2879 manre,
352 2818 420 2882 quod
436 2820 463 2868 in
481 2818 538 2866 DV
556 2819 669 2868 additum
689 2828 750 2883 post
773 2834 929 2886 aperienda,
960 2823 1053 2871 sedin
1070 2823 1093 2870 D

121 2898 201 2947 suaper
217 2900 315 2934 uersum
384 2888 409 2936 3.
430 2885 565 2950 appollini
587 2886 614 2934 V
668 2887 828 2936 chananaD
896 2889 920 2937 4.
941 2890 1093 2940 ursicinidus

123 2950 244 3012 (ciuibus
264 2954 282 3001 d
299 2955 325 3002 in
343 2951 452 3018 ras.).D
511 2968 579 3017 quos
597 2954 659 3016 DV,
679 2953 752 3017 quod
771 2957 790 3004 d
856 2956 883 3004 6.
901 2969 1051 3020 capanumo
1069 2956 1093 3005 D

121 3017 185 3081 quib
197 3034 332 3083 pauninus
347 3033 433 3071 miuus
447 3035 542 3072 ocums
559 3021 615 3070 DV
682 3024 707 3071 7.
725 3037 812 3072 usses
832 3022 888 3071 DV
937 3038 1053 3075 uesutro
1069 3025 1092 3072 D

121 3086 145 3135 9.
166 3101 280 3151 epicono
298 3090 323 3137 D
393 3090 433 3138 10.
453 3088 555 3139 fioilius
576 3090 607 3151 V,
628 3105 809 3144 commarca.
880 3091 920 3140 11.
940 3095 1038 3141 meatu
1054 3094 1095 3142 uel

121 3158 227 3203 metatu
248 3158 290 3204 uel
314 3160 390 3205 motu
408 3157 540 3206 Fontanus
565 3158 601 3206 ad
618 3157 736 3208 Macrob.
759 3161 785 3206 in
808 3173 887 3208 somn.
907 3157 980 3221 Seip.
1000 3159 1047 3223 II,
1067 3161 1091 3219 3,

121 3231 200 3270 mesu
213 3222 271 3270 DV
318 3224 507 3273 uecroaeDV
557 3226 598 3274 13.
611 3224 820 3290 phytagorasV
871 3227 911 3277 15.
922 3225 1092 3289 surhaaeD‚

121 3287 238 3348 cythare
259 3288 287 3336 V
352 3292 392 3342 16.
413 3289 587 3356 eseneptabis
607 3289 628 3353 (i
638 3294 665 3342 in
677 3309 731 3343 ras.
748 3308 799 3356 pro
818 3308 845 3355 e,
864 3299 891 3341 ut
903 3292 1015 3358 uidetur)
1034 3296 1060 3344 D

121 3367 337 3406 resuertconum
355 3359 413 3407 DV
479 3360 519 3409 18.
543 3359 704 3423 seraphicus
721 3361 776 3409 DV
827 3373 923 3410 aurem
943 3373 1050 3412 monrts
1068 3364 1093 3412 D

120 3422 161 3471 19.
180 3423 305 3474 nrrhmts
323 3425 382 3474 DV
446 3429 486 3477 20.
509 3426 538 3475 in
556 3441 603 3476 one.
627 3428 653 3476 V
667 3430 739 3492 outpo
802 3430 881 3478 enimi
898 3428 1091 3494 (midinrao.)

120 3484 145 3530 Ι)
214 3490 336 3542 armonia
359 3493 386 3542 V
452 3495 494 3546 22.
513 3491 625 3544 accedun
643 3495 681 3558 D,
702 3493 807 3545 eccidit
823 3496 878 3546 dV
