2414 3924
371 217 419 265 nu
441 216 504 264 nm
526 216 659 264 aarum
682 215 757 265 cnr.
774 216 848 266 v111.
1055 203 1095 268 13

125 375 232 436 parere
254 355 408 418 mulierem
424 373 511 434 posse
525 354 648 434 plurimi
662 356 834 425 adfirmant,
856 363 890 417 ut
904 355 1025 416 Theano
1041 355 1095 436 Pp-

125 442 284 521 thagorica,
301 439 476 502 Aristoteles
489 441 708 520 peripateticus,
725 439 850 508 Diocles,
867 440 996 507 Euenor,
1013 439 1094 500 Stra-

126 535 191 596 ton,
214 523 424 607 Empedocles,
447 524 595 603 Epigenes
610 524 755 602 multique
776 531 945 603 praeterea,
967 541 1094 601 quorum

126 613 256 672 omnium
279 627 440 670 consensus
456 609 667 690 Euryphonem
684 608 818 671 Cnidium
841 626 901 670 non
917 608 1048 670 deterret
1065 609 1095 669 id

92 703 108 751 o
127 698 223 772 ipsum
246 693 395 771 intrepide
415 702 640 773 pernegantem.
672 701 775 755 contra
797 712 865 755 eum
881 693 975 755 ierme
990 707 1128 755 omnesc

126 777 336 857 Epicharmum
353 779 449 839 secuti
465 785 567 840 octauo
584 796 685 839 mense
701 779 783 839 nasci
804 786 1002 855 negaverunt:
1026 778 1093 839 Ilio·

126 863 187 923 clos
207 869 307 924 tamen
329 863 477 942 Carystius
505 871 534 924 et
553 861 724 924 Aristoteles
745 865 899 941 Stagirites
920 862 1004 923 aliter
1027 881 1094 924 sen·

125 955 238 1009 serunt.
268 966 348 1008 nono
370 956 469 1008 autern
491 958 520 1008 et
536 947 651 1009 decimo
666 965 769 1008 mense
791 966 859 1007 curn
876 946 1014 1009 Chaldaei
1028 946 1094 1025 plu·

125 1033 195 1092 rimi
216 1031 338 1093 elidem
359 1050 449 1111 snpra
472 1032 544 1092 mihi
564 1033 732 1093 nominatus
746 1031 918 1093 Aristoteles
940 1032 986 1093 edi
1007 1050 1094 1111 posse

76 1124 107 1173 10
124 1124 243 1196 parturn
265 1119 447 1195 putaverint,
469 1132 567 1194 neque
587 1117 733 1195 Epigenes
748 1117 906 1197 Byzantius
926 1133 1006 1177 nono
1028 1117 1094 1179 fieri

125 1219 213 1279 posse
234 1202 398 1273 contendit,
422 1219 477 1262 nec
491 1201 689 1280 Hippocrates
707 1202 784 1263 Cous
805 1202 930 1262 decimo.
962 1209 1093 1263 ceterum
1114 1213 1129 1262 7

125 1287 316 1348 undecimum
335 1305 471 1349 mensem
486 1286 658 1349 Aristoteles
673 1285 754 1348 solus
769 1288 890 1366 recipit,
914 1287 1006 1348 ceteri
1028 1289 1092 1347 nni·

125 1373 202 1432 versi
216 1371 424 1451 inprobarunt.

190 1457 249 1517 Sed
269 1475 350 1518 nunc
370 1455 584 1519 Chaldaeorum
612 1457 687 1517 ratio
708 1455 838 1516 breviter
863 1456 1017 1517 tractanda
1038 1465 1090 1527 est,
1110 1461 1128 1522 8

77 1547 108 1596 15
127 1539 395 1620 explicandumque
420 1559 473 1602 cur
500 1542 627 1620 septimo
649 1557 751 1602 mense
775 1548 804 1601 et
823 1557 902 1600 nono
931 1548 960 1601 et
980 1539 1095 1601 decimo

126 1625 329 1686 tantummodo
341 1643 429 1705 posse
445 1624 582 1685 homines
596 1626 679 1685 nasci
695 1623 887 1684 arbitrentur.
911 1632 981 1685 ante
995 1626 1094 1686 omnia
1112 1636 1128 1684 a

125 1711 216 1787 igitur
238 1711 339 1770 dicunt
365 1719 462 1770 actum
484 1710 632 1788 vitamque
655 1715 787 1768 nostram
810 1708 902 1770 stellis
928 1717 987 1770 tam
1015 1712 1095 1789 vagis
1204 1716 1206 1720 “

127 1811 214 1869 quarn
230 1795 313 1853 statis
330 1810 395 1853 esse
411 1791 583 1862 subiectam,
601 1810 762 1873 earumque
779 1795 861 1854 vario
877 1792 1094 1872 multiplicique

126 1894 214 1936 cursu
241 1895 335 1954 genus
360 1877 521 1938 humanum
548 1875 724 1954 gubernari,
761 1879 813 1940 sed
839 1880 971 1957 ipsarum
997 1886 1095 1940 motus

76 1971 109 2019 20
127 1961 338 2040 schemateque
360 1971 390 2022 et
410 1962 534 2022 effectus
550 1980 566 2022 a
582 1960 643 2022 sole
659 1962 767 2024 crebro
787 1963 937 2024 inmutari.
972 1981 1041 2024 nam
1062 1972 1096 2024 ut

127 2045 200 2106 aliae
215 2064 369 2116 occasum,
391 2045 551 2107 nonnullae
566 2047 724 2107 stationem
739 2047 847 2108 saciant
862 2065 977 2127 nosque
999 2049 1095 2109 omnis

126 2129 182 2190 hac
197 2148 249 2191 sua
262 2130 395 2210 disparili
411 2138 612 2209 temperatura
627 2131 773 2201 adliciant,
789 2132 859 2193 solis
871 2133 937 2193 fieri
951 2135 1093 2212 potentia.

126 2215 226 2293 itaque
248 2234 330 2287 eum,
352 2217 403 2294 qui
419 2215 518 2278 stellas
538 2218 617 2295 ipsas
633 2215 740 2294 quibus
761 2233 916 2278 movemur
931 2225 1093 2296 permovet,
1113 2228 1128 2278 3

127 2301 255 2360 animam
270 2300 356 2362 nobis
371 2301 512 2381 dareque
527 2318 666 2379 regamur
681 2301 979 2380 potentissimumque
994 2303 1024 2363 in
1039 2319 1095 2365 nos

76 2393 109 2441 25
128 2403 193 2446 esse
214 2386 436 2464 moderarique,
468 2386 585 2463 quando
606 2392 675 2464 post
695 2387 921 2465 conceptionem
943 2388 1095 2448 veniamus

127 2469 158 2529 in
179 2468 290 2539 lucem;
314 2471 365 2531 sed
389 2471 447 2531 hoc
462 2488 515 2548 per
536 2477 597 2530 tres
617 2469 716 2531 iacere
732 2479 918 2548 conspectus.
951 2471 1022 2550 quid
1043 2490 1095 2534 au·

128 2561 189 2615 tem
210 2556 246 2614 sit
267 2562 443 2634 conspectus
464 2562 493 2614 et
508 2561 580 2634 quot
600 2556 663 2616 eius
679 2571 805 2631 genera,
836 2565 870 2616 ut
889 2555 1003 2635 liquido
1025 2574 1094 2634 per-

128 2640 200 2718 spici
217 2640 322 2716 possit,
353 2657 446 2717 pauca
468 2639 650 2718 praedicam.
688 2638 817 2702 circulus
839 2647 898 2711 est,
930 2649 964 2702 ut
984 2641 1129 2711 ieruntt

128 2832 331 2843 ——--—

195 2959 218 3008 1.
237 2960 444 3025 prehagomcue
462 2961 517 3009 DV
584 2962 609 3010 2.
629 2973 804 3012 aursnonents
824 2962 848 3008 D
919 2975 1021 3011 euaner
1043 2961 1071 3010 V

128 3038 251 3076 sranrorr
273 3027 328 3077 DV
395 3029 420 3077 4.
444 3028 622 3092 ennrphonem
645 3029 702 3078 DV
768 3030 793 3079 5.
818 3040 896 3077 omne
919 3029 956 3088 D,
986 3031 1097 3079 eamd

127 3096 151 3146 8.
170 3092 287 3144 chancer
304 3095 362 3144 DV
426 3097 450 3145 9.
474 3096 540 3144 mihi
559 3112 605 3147 om.
629 3096 657 3145 V
723 3098 763 3146 10.
788 3096 936 3161 ephtpenes
954 3097 991 3155 D,
1012 3096 1095 3161 ephy-

127 3177 212 3227 genes
235 3162 262 3211 V
326 3176 470 3213 strenuius
488 3163 546 3212 DV
611 3165 651 3216 11.
675 3164 855 3229 hippocnarts
874 3163 911 3222 D,
942 3162 1096 3229 hyppocra-

126 3235 169 3279 tes
200 3231 227 3279 V
293 3232 333 3279 12.
362 3244 539 3281 enterocems
565 3231 620 3280 DV
689 3234 729 3281 14.
759 3229 947 3282 chandeonum
973 3231 1029 3282 DV

128 3299 171 3347 15.
190 3311 260 3361 quur
281 3297 309 3346 V
374 3300 414 3350 18.
434 3312 528 3349 araris
546 3300 581 3362 Ι),
600 3298 739 3350 stantibus
757 3300 813 3350 dV
881 3301 921 3351 19,
940 3304 1016 3350 motu
1038 3299 1063 3348 V

127 3366 168 3415 20.
189 3365 389 3430 ehemarasque
406 3366 462 3415 DV
529 3368 571 3423 22.
591 3364 962 3433 btspaarmrarempenrruna
978 3367 1017 3430 D,
1042 3365 1096 3417 dia·

127 3431 269 3495 parilitate
287 3435 395 3498 pariter
416 3434 444 3484 V
508 3435 550 3486 24.
571 3439 675 3486 etanta
694 3436 814 3486 enimam
832 3438 892 3488 add.
914 3436 939 3485 V
954 3437 1027 3502 uulgo

128 3498 161 3549 25
179 3515 367 3567 eonceprtone
379 3504 404 3552 D
473 3504 516 3554 27.
530 3500 599 3569 quod
612 3517 671 3555 erus
683 3505 709 3553 Ι)
759 3503 871 3569 liquodo
888 3501 936 3562 V1,
950 3518 1020 3555 corr.
1033 3518 1066 3555 m.
