2414 3924
134 233 176 296 bit
424 243 458 292 s.
474 242 504 291 c.
522 240 621 290 ceusu
633 239 828 289 normula

135 401 253 465 avertit:
270 398 324 459 sed
338 400 366 459 ei
380 400 447 476 ipsi,
464 416 537 477 quae
553 397 643 473 dolet,
658 414 789 475 quaeque
803 393 951 455 liberanda
967 401 1021 453 est.
1048 392 1130 471 Opus

134 486 219 546 etiam
234 500 301 543 esse
320 481 496 542 cucurbitula
511 490 609 560 potest
624 483 653 540 in
667 479 776 540 morbis
791 479 897 556 longis,
915 481 977 538 sive
993 487 1130 556 corrupta

133 569 263 645 materia,
280 569 343 627 sive
360 568 462 645 spiritu
475 565 551 626 male
569 565 709 634 babente;
734 565 762 623 in
775 565 867 624 acutis
881 580 997 642 quoque
1012 561 1130 642 quibus·

134 653 208 729 dam,
223 652 420 731 quamvisjam
438 658 468 710 et
481 651 516 710 iis
530 651 652 728 spatium
668 647 786 726 aliquod
799 649 937 724 accessit,
954 649 979 706 si
995 656 1025 706 et
1038 648 1129 707 levari

135 753 243 815 corpus
261 734 364 810 debet,
387 744 468 795 etex
487 752 560 793 vena
576 735 743 810 sanguinem
762 733 833 792 mitti
848 735 926 791 vires
945 748 1003 790 non
1019 734 1154 810 patino-s

134 829 188 881 tur.
218 818 308 898 idque
324 819 458 878 auxilium
475 827 504 877 ut
520 819 611 877 miuus
627 816 793 893 vehemens,
810 819 848 875 ita
860 818 953 893 magis
964 824 1067 886 tutum
1079 834 1129 875 ue-

135 922 190 983 que
210 921 342 981 umquam
358 902 553 981 periculosum
569 910 622 977 est,
639 902 749 960 etiamsi
765 902 793 960 in
803 898 898 959 medio
910 898 1002 959 febris
1011 902 1129 980 impetu,

134 989 243 1048 etiamsi
264 989 294 1047 in
310 987 449 1047 cruditate
464 985 624 1047 adhibetur.
653 984 781 1064 ldeoque
802 983 852 1044 ubi
871 985 1039 1061 sauguinem
1060 986 1130 1045 mitti

134 1088 209 1151 opus
230 1080 289 1149 est,
311 1071 336 1130 si
360 1073 450 1132 incisa
471 1089 544 1130 vena
568 1087 714 1148 praeceps
734 1068 892 1147 periculum
912 1076 971 1143 est,
996 1077 1044 1130 aut
1063 1072 1087 1129 si
1102 1071 1130 1128 in

134 1165 217 1235 parte
240 1157 374 1232 eorporis
397 1157 481 1216 etiarn
503 1156 600 1213 uitium
624 1161 684 1230 est,
707 1152 763 1213 buo
787 1154 883 1231 potius
905 1153 1130 1230 confugiendum
1141 1177 1165 1218 ro

134 1249 192 1300 est:
210 1256 294 1317 quum
309 1254 346 1297 eo
361 1247 466 1315 tamen,
482 1246 512 1297 ιιι
526 1239 662 1313 sciamus,
679 1236 726 1297 bic
741 1245 771 1296 ut
785 1236 890 1296 nullum
903 1237 1074 1316 perieulum,
1093 1239 1130 1296 ita

133 1323 227 1382 levius
240 1321 413 1401 praesidium
429 1339 511 1390 esse:
527 1338 581 1380 neo
595 1338 684 1398 posse
695 1320 857 1380 vehementi
869 1321 955 1398 malo,
971 1325 1024 1381 nisi
1036 1339 1130 1402 aeque

134 1405 290 1466 vehemens
305 1405 439 1466 auxilium
453 1421 625 1464 succurrere
643 1402 739 1484 (Apio.
754 1403 779 1481 l,
794 1404 841 1482 6).

481 1641 546 1704 CA
556 1643 582 1703 P
594 1644 625 1704 U
635 1644 664 1703 T
690 1644 751 1703 XI
762 1645 788 1704 Ι.

530 1757 566 1807 De
581 1756 728 1821 dejectione.
1140 1777 1163 1817 15

196 1918 224 1970 1.
251 1909 453 1985 DeJ'ectionem
475 1919 567 1971 autem
587 1908 693 1987 antiqui
709 1909 795 1969 variis
817 1907 1047 1984 medicamentis,
1067 1924 1128 1966 cre-

131 1993 240 2073 braque
259 1994 315 2054 alvi
331 1993 466 2053 ductione
487 1996 515 2053 in
531 1993 661 2054 omuibus
678 2010 772 2071 paene
792 1992 901 2052 morbis
921 1990 1127 2051 moliebantur:

131 2077 293 2156 dabantque
316 2086 363 2138 aut
385 2080 496 2155 nigrum
509 2087 669 2151 veratrum,
687 2086 734 2137 aut
748 2076 899 2152 iiliculam,
923 2085 970 2136 aut
984 2090 1129 2154 squamam

131 2162 222 2237 aeris,
246 2180 330 2241 quam
352 2158 471 2222 λεπίδα
497 2158 622 2240 χαλκοῦ
643 2161 746 2222 Graeci
771 2170 892 2228 vocant;
924 2168 971 2221 aut
998 2160 1129 2219 lactucae

130 2247 257 2304 marinae
275 2245 331 2320 lac,
350 2247 431 2320 cujus
445 2255 524 2323 gutta
541 2247 606 2323 pani
620 2245 733 2322 adjecta
750 2245 863 2305 abunde
878 2252 996 2324 porgat;
1018 2252 1067 2303 aut
1081 2244 1127 2303 lac
1139 2267 1165 2307 ao

131 2326 179 2387 vel
196 2328 344 2403 asininum,
359 2328 407 2388 vel
424 2329 569 2406 bubulum,
587 2328 633 2388 vel
649 2331 810 2408 caprinum;
827 2331 911 2408 eique
927 2328 996 2388 salis
1015 2329 1129 2407 paulum

130 2411 313 2487 adjiciebant,
328 2412 587 2494 decoquebantque
602 2413 640 2490 id,
657 2422 686 2473 et
700 2414 819 2474 sublatis
833 2416 882 2489 iis,
900 2431 974 2491 quae
990 2416 1128 2489 coierant,

131 2494 209 2574 quod
230 2497 311 2573 quasi
327 2515 421 2556 serum
437 2506 606 2576 supererat,
628 2497 730 2558 bibere
746 2498 906 2577 cogebant;
929 2497 981 2556 sed
1003 2498 1128 2557 medica·

129 2588 223 2639 menta
247 2581 423 2642 stomachum
444 2583 506 2641 iere
528 2583 653 2643 laedunt.
682 2582 775 2642 Alvus
797 2583 821 2642 si
838 2583 1034 2642 vehementius
1056 2581 1127 2655 duit,

129 2672 177 2725 aot
191 2665 307 2742 saepius
324 2665 444 2743 ducitur,
460 2666 604 2726 bominem
618 2668 749 2727 infirmat.
780 2667 861 2744 Ergo
877 2683 1025 2745 numquam
1037 2667 1065 2725 in
1078 2666 1126 2725 ad·
1137 2688 1162 2727 as

130 2765 215 2807 versa
238 2748 399 2808 valetudine
420 2751 658 2811 medicamentum
682 2752 745 2827 ejus
766 2754 808 2812 rei
831 2769 917 2812 causa
938 2759 1018 2810 recte
1034 2750 1126 2823 datur,

128 2832 183 2891 nisi
205 2831 252 2890 ubi
274 2834 298 2891 is
314 2834 431 2895 morbus
448 2836 510 2895 sine
525 2836 609 2895 iebre
625 2845 683 2904 est;
709 2846 738 2895 ut
755 2852 838 2911 quum
857 2843 1001 2895 veratrum
1016 2836 1127 2912 nigrum

129 2924 176 2975 aut
190 2924 251 2974 atra
266 2916 324 2975 bile
341 2922 462 2995 vexatis,
481 2929 528 2979 aut
551 2939 612 2979 cum
646 2921 759 2979 tristitia
774 2915 996 2993 insanientibus,
1020 2927 1067 2977 aut
1082 2919 1126 2993 iis,

130 3016 250 3077 quorum
266 3003 347 3060 nervi
364 3013 444 3080 parte
457 3003 552 3083 aliqua
566 3002 686 3063 resoluti
698 3013 773 3078 sunt,
791 3005 882 3064 datur.
917 3001 956 3062 At
968 3002 1016 3061 ubi
1027 3000 1125 3060 febres

128 3092 205 3161 sunt,
228 3086 317 3144 satius
338 3096 383 3146 est
405 3088 466 3161 ejus
486 3089 528 3147 rei
545 3105 630 3147 causa
650 3087 732 3148 cibos
751 3090 945 3166 potionesque
965 3103 1160 3161 assumere,ao

128 3168 174 3245 qui
191 3169 273 3228 simul
290 3178 319 3228 ct
335 3170 426 3246 alant,
445 3181 473 3231 et
487 3182 616 3231 ventrem
633 3172 771 3232 molliant.
805 3174 931 3250 Suntque
952 3169 1124 3230 valetudinis

126 3269 252 3328 genera,
267 3253 369 3331 quibus
385 3273 422 3313 ex
438 3255 513 3315 lacte
530 3257 664 3334 purgatio
681 3259 824 3315 convenit.

186 3336 214 3396 2.
238 3336 409 3417 Plerumque
432 3357 502 3398 vero
528 3341 609 3400 alvus
632 3341 727 3418 potius
748 3338 879 3401 ducenda
899 3349 959 3401 est:
989 3339 1066 3419 quod
1090 3340 1125 3399 ab

124 3416 302 3497 Asclepiade
325 3439 441 3501 quoque
465 3425 507 3483 sic
528 3433 733 3501 temperatum,
756 3433 784 3483 ut
808 3433 901 3484 tamen
917 3434 1061 3484 servatum
1079 3426 1124 3502 sit,

125 3500 210 3560 video
233 3501 403 3583 plerumque
428 3506 547 3567 saeculo
568 3517 668 3568 nostro
691 3509 852 3586 praeteriri.
889 3509 942 3569 Est
970 3518 1064 3569 autem
1090 3519 1161 3570 ea³⁵
