2414 3924
150 191 211 254 270
441 173 474 250 u.
494 201 524 250 c.
542 201 640 250 oucsr
656 201 851 251 muoucruarc

213 358 242 418 2.
262 358 343 419 llaec
361 359 519 418 communia
534 366 607 416 sunt.
631 356 752 436 Propria
768 356 909 436 quaedam
924 358 952 416 iu
968 356 1091 434 singulis
1106 367 1148 418 te·

149 443 242 504 lorum
263 442 421 520 generibus
445 449 525 519 sunt,
544 458 618 520 quae
640 442 769 520 protinus
791 441 949 518 subjiciam.
990 441 1069 501 Nihil
1090 450 1149 501 tam

149 527 237 587 lacile
253 527 281 584 in
299 543 407 603 corpus
425 543 507 604 quam
530 526 635 601 sagitta
657 524 804 600 conditur,
827 524 986 603 cademque
1009 524 1148 586 altissime

149 608 254 670 insidit.
293 608 374 669 llaec
392 619 486 669 autem
503 611 653 684 eveniunt,
673 617 702 668 et
717 610 784 687 quia
800 627 904 686 magna
918 611 946 667 vi
969 608 1062 669 lentur
1087 609 1148 685 illa,

149 705 179 754 ει
194 695 259 773 quia
274 693 337 771 ipsa
353 694 381 751 in
396 701 518 769 angusto
540 701 594 752 est.
632 694 755 770 Saepius
776 693 874 770 itaque
889 693 924 752 ab
941 693 1033 753 altera
1052 702 1171 772 parte,s

150 796 233 857 quam
248 795 286 836 ex
300 795 355 854 qua
372 777 465 851 venit,
484 776 650 852 recipienda
670 785 727 844 est3
745 779 979 856 praecipueque,
996 778 1063 854 quia
1083 776 1148 836 iere

152 864 271 946 spiculis
280 862 419 937 cingitur;
434 876 507 935 quae
516 859 607 935 magis
616 858 732 934 laniant,
745 861 768 918 si
781 870 941 937 retrorsus,
953 861 1146 938 quamsicon-

152 959 197 1010 tra
204 950 351 1008 eximatur.
366 941 496 1003 Sediude
505 949 605 1018 aperta
617 943 673 1019 via,
686 959 753 1001 caro
761 942 854 1005 diduci
867 944 956 1004 debet
966 945 1146 1005 ferramento

150 1033 229 1095 iacto
244 1032 280 1093 ad
297 1030 507 1090 similitudinem
523 1047 649 1106 graecae
666 1029 778 1088 litterae
795 1029 868 1109 (Y):
893 1028 1014 1105 deinde,
1033 1029 1082 1088 ubi
1099 1047 1149 1107 ap·

153 1117 247 1195 paruit
260 1132 376 1191 mucro,
391 1115 415 1174 si
431 1113 540 1173 arundo
557 1112 702 1188 inhaeret,
720 1112 911 1191 propellenda
923 1122 984 1187 est,
1000 1111 1096 1172 donec
1113 1111 1149 1171 ab
1161 1135 1183 1175 ro

152 1200 243 1260 altera
259 1207 340 1277 parte
357 1197 536 1276 apprehendi
552 1206 580 1256 et
596 1197 707 1255 extrahi
727 1198 833 1275 possit:
856 1197 879 1255 si
890 1197 950 1270 jam
966 1195 1013 1256 illa
1030 1196 1150 1273 decidit,

152 1282 304 1360 solumque
318 1284 393 1340 intus
409 1282 514 1340 lerrum
531 1290 591 1355 est,
603 1297 702 1339 mucro
718 1280 766 1339 vel
782 1279 878 1356 digitis
895 1278 1086 1358 apprehendi,
1102 1279 1150 1340 vel

58 1373 62 1379 '
151 1367 284 1443 forcipe,
300 1374 385 1443 atque
401 1366 439 1425 ita
455 1365 538 1423 educi
556 1363 653 1423 debet.
691 1364 794 1442 Neque
816 1364 872 1422 alia
889 1365 961 1423 ratio
978 1363 1151 1423 extrahendi

153 1458 213 1526 εει,
228 1448 276 1509 ubi
291 1448 327 1508 ab
343 1467 377 1509 ea
394 1458 494 1528 parte,
517 1466 572 1526 qua
590 1448 685 1524 venit,
704 1447 792 1507 evelli
806 1449 897 1523 magis
917 1447 1031 1526 placuit.
1066 1446 1150 1524 Nam,

152 1532 287 1612 ampliato
302 1534 439 1608 vulnere,
457 1540 504 1592 aut
520 1530 645 1606 arundo,
662 1534 685 1590 si
700 1533 789 1608 inest,
803 1530 956 1590 evellenda
966 1540 1026 1598 est;
1044 1540 1110 1608 aut,
1125 1533 1150 1591 si
1160 1557 1182 1597 ιε

152 1635 187 1677 ea
211 1635 267 1677 non
292 1618 382 1693 inest,
405 1616 512 1676 lerrum
532 1617 633 1694 ipsum.
672 1615 755 1690 Quod
778 1617 802 1674 si
817 1614 928 1693 spicula
944 1625 1150 1692 apparuerunt,

153 1718 246 1779 eaque
269 1699 368 1760 ltrevia
390 1709 419 1760 et
442 1701 537 1759 tenuia
561 1708 644 1775 sunt,
663 1700 777 1778 forcipe
800 1698 838 1758 ihi
861 1699 1011 1758 comminui
1030 1698 1149 1776 dehent,

152 1802 330 1863 vacuumque
352 1783 387 1843 ab
407 1784 452 1843 his
470 1784 557 1843 telum
576 1782 674 1843 educi:
699 1785 722 1842 si
744 1801 777 1842 ea
801 1783 910 1859 majora
927 1782 1150 1862 valentioraque

152 1878 233 1946 sunt,
250 1870 327 1928 lissis
343 1868 505 1947 scriptoriis
529 1867 646 1927 calamis
663 1867 860 1944 contegenda,
882 1885 933 1942 ac,
958 1885 994 1924 ne
1017 1867 1085 1945 quid
1108 1867 1148 1927 la·

62 1951 65 1958 '
153 1962 270 2028 cenent,
286 1955 329 2011 sic
342 1950 493 2011 evellenda
509 1960 572 2010 sunt
585 1950 631 2029 (P.
643 1951 720 2028 Aeg.
734 1950 784 2028 vl,
796 1950 847 2028 88,
862 1970 890 2031 p.
902 1952 963 2012 354
976 1950 1022 2011 ed.
1035 1950 1148 2031 Briau).
1159 1971 1182 2011 ao

151 2037 232 2096 Etim
249 2038 362 2113 sagittis
379 2036 492 2114 quidem
509 2035 582 2094 haec
596 2034 762 2094 observatio
781 2044 835 2094 est.

215 2120 243 2181 3.
263 2119 361 2179 Latum
381 2136 452 2180 vero
477 2119 578 2196 telum,
605 2122 629 2178 si
650 2119 793 2178 conditum
815 2127 875 2193 est,
896 2118 932 2178 ab
955 2119 1045 2177 altera
1066 2128 1148 2196 parte

152 2203 235 2264 educi
258 2221 315 2263 non
339 2205 474 2283 expedit;
497 2220 533 2260 ne
556 2204 664 2279 ingenti
689 2203 800 2262 vulneri
822 2204 878 2281 ipsi
902 2220 1017 2280 quoque
1043 2204 1149 2278 ingens

151 2286 253 2347 vulnus
270 2287 447 2362 adjiciamus.
469 2285 660 2345 Evellendum
677 2295 721 2344 est
736 2305 809 2362 ergo
824 2304 936 2362 genere
955 2284 1077 2362 quodam
1089 2285 1152 2346 fer·-

151 2372 290 2447 rumenti,
313 2371 389 2448 quod
410 2368 589 2431 Διοκλεῑον
609 2368 798 2429 κυαθίσκον
813 2369 916 2429 Graeci
934 2378 1054 2439 vocant;
1077 2386 1181 2449 quo-as

151 2454 225 2512 niam
242 2463 389 2512 auctorem
402 2452 534 2512 Dioclem
550 2452 652 2513 hahet:
670 2471 753 2531 quern
770 2456 844 2512 inter
862 2455 974 2532 priscos
993 2455 1148 2514 maximos·

152 2555 208 2615 quc
223 2537 352 2596 medicos
369 2536 459 2596 luisse
470 2538 528 2612 jam
537 2538 619 2613 posui
628 2536 667 2615 (1,
676 2536 836 2614 prooem).
852 2536 966 2596 Lamina
977 2536 1024 2595 vel
1036 2537 1147 2612 ferrea,

152 2620 199 2679 vel
223 2622 307 2679 etiam
330 2639 437 2697 aenea,
462 2620 497 2680 ab
519 2620 610 2680 altero
636 2621 731 2698 capite
751 2621 824 2680 duros
850 2622 990 2699 utrimque
1011 2619 1147 2680 deorsum

153 2721 315 2764 conversos
337 2722 426 2764 uncos
449 2703 549 2773 habet:
571 2703 606 2762 ab
628 2704 721 2764 altero
738 2703 883 2782 duplicata
903 2704 1058 2780 lateribus,
1076 2705 1148 2765 levi·

151 2797 253 2867 terque
274 2799 402 2849 extrema
425 2791 452 2847 in
480 2805 541 2848 eam
563 2796 672 2866 partem
694 2787 843 2864 inclinata,
867 2807 940 2865 quae
962 2790 1071 2848 sinuata
1092 2799 1183 2865 estro

151 2875 270 2951 insuper
285 2874 324 2933 ihi
339 2875 423 2932 etiam
439 2872 586 2951 perforata
605 2880 658 2930 est.
687 2870 767 2931 Haec
777 2873 859 2946 juxta
876 2872 964 2931 telum
979 2881 1148 2932 transversa

151 2956 321 3017 demittitur:
340 2956 460 3031 deinde,
477 2956 525 3015 ubi
542 2954 576 3016 ad
592 2957 676 3014 imum
693 2972 857 3015 mucronem
872 2965 986 3015 ventum
1002 2965 1063 3031 est,
1079 2974 1146 3034 pau·

152 3041 208 3100 lum
223 3050 391 3120 torquetur,
407 3049 436 3099 ut
450 3040 538 3100 telum
552 3040 691 3099 foramine
707 3055 759 3099 suo
773 3040 913 3118 excipiat:
930 3058 1014 3117 quum
1028 3041 1056 3097 in
1073 3058 1146 3099 cavo

151 3140 250 3184 mucro
267 3135 327 3201 est,
347 3125 402 3184 duo
420 3124 518 3202 digiti,
536 3122 659 3199 subjecti
675 3126 765 3202 partis
779 3123 897 3182 alterins
909 3124 999 3198 uncis,
1019 3123 1101 3182 simul
1119 3133 1148 3182 ει

151 3206 353 3268 ferramentum
370 3208 396 3267 id
413 3207 565 3268 extrahunt
580 3217 609 3267 et
629 3208 725 3266 telum.
1157 3233 1182 3273 as

212 3294 242 3352 4.
267 3292 392 3352 Tertium
410 3309 502 3368 genus
518 3291 642 3351 telorum
661 3299 719 3367 est,
745 3290 822 3370 quod
838 3290 977 3351 interdum
994 3289 1081 3348 evelli
1098 3290 1146 3349 de·

151 3374 216 3451 bet,
231 3375 364 3453 plumbea
379 3375 478 3451 glans,
494 3385 541 3434 aut
558 3376 649 3453 lapis,
667 3383 713 3433 aut
724 3376 816 3433 simile
830 3374 953 3454 aliquid,
970 3373 1063 3451 quod,
1079 3390 1145 3450 per·

151 3467 235 3535 rupta
263 3468 347 3535 cute,
373 3459 513 3535 integrum
539 3460 613 3517 intus
640 3456 752 3516 insedit.
790 3457 822 3516 ln
843 3458 973 3518 omnibus
995 3456 1039 3515 his
1061 3456 1146 3516 latius
