2414 3924
385 196 433 244 oa
456 195 517 243 ons
539 194 671 244 uerear
693 194 769 244 cer.
786 195 832 244 rr.
1075 183 1094 246 'l

124 339 282 408 sententia,
315 355 372 416 qua
393 353 512 413 semper
532 335 696 395 humanum
717 351 812 412 genus
837 335 929 397 luisse
951 336 1092 407 creditur,

125 431 261 484 auctores
283 421 373 482 habet
388 420 575 500 Pythagoran
592 419 723 480 Samium
746 426 774 481 et
790 419 923 481 Ocellum
940 419 1093 481 Lucanum

125 517 154 569 et
178 508 331 586 Archytae
356 505 551 566 Tarentinum
580 522 744 583 omnesque
769 503 843 564 adeo
869 504 1092 584 Pythagoricos

124 592 176 653 sed
204 601 232 652 et
256 591 338 652 Plato
365 590 553 651 Atheniensis
580 597 609 650 et
634 588 816 650 Xenocrates
841 595 870 650 et
895 588 1093 650 Dicaearchus

90 676 287 736 oMessenius
313 676 443 752 itemque
474 676 612 751 antiquae
639 673 809 734 academiae
836 672 1006 753 philosophi
1032 691 1094 734 non

124 761 202 822 aliud
232 760 367 820 videntur
394 759 518 837 opinati,
551 757 722 819 Aristoteles
749 776 867 838 quoque
888 758 1043 836 Stagirites
1065 766 1095 820 et

123 844 347 922 Theophrastus
367 843 510 923 multique
530 848 685 922 praeterea
700 860 760 903 non
781 841 926 920 ignobiles
946 845 1094 922 peripate-

124 931 175 989 tici
190 928 267 989 idem
284 930 476 1008 scripserunt.
509 929 629 1008 eiusque
645 930 690 988 rei
710 926 845 1007 exemplo
863 926 980 1008 [dicunt
998 926 1091 1008 quod]

124 1020 233 1091 negant
254 1015 375 1073 omnino
396 1031 484 1091 posse
504 1014 646 1090 reperiri,
670 1030 776 1073 avesne
797 1018 864 1073 ante
879 1029 916 1072 an
932 1030 986 1072 ova
1002 1030 1092 1090 gene·

74 1104 106 1154 10
123 1105 186 1158 rata
203 1099 269 1166 sint,
287 1116 356 1157 cum
372 1105 401 1158 et
415 1116 503 1158 ovum
517 1099 581 1159 sine
596 1115 648 1157 ave
665 1104 693 1158 et
711 1100 771 1157 avis
786 1098 849 1157 sine
865 1114 919 1155 ovo
936 1098 1017 1175 gigni
1032 1115 1092 1157 non

124 1184 224 1260 possit.
255 1184 355 1259 itaque
371 1189 400 1243 et
415 1183 556 1251 omnium,
574 1183 694 1262 quaein
711 1183 891 1261 sempiterno
907 1183 964 1242 isto
980 1183 1091 1242 mundo
1109 1197 1126 1246 4

124 1285 243 1347 semper
264 1268 386 1327 luerunt
407 1267 567 1345 futuraque
588 1274 670 1335 sunt,
699 1267 781 1327 aiunt
800 1266 980 1345 principium
1000 1268 1092 1328 luisse

124 1352 252 1422 nubum,
283 1352 335 1412 sed
356 1351 460 1412 orbem
483 1370 547 1412 esse
569 1351 717 1431 quendam
739 1351 945 1429 generantium
967 1369 1091 1413 nascen-

123 1439 271 1514 tiumque,
302 1437 333 1496 in
349 1454 407 1515 quo
422 1438 510 1497 unius
532 1437 675 1515 cuiusque
696 1438 793 1514 gentis
813 1436 930 1495 initium
952 1435 1040 1496 simul
1062 1443 1091 1497 et

74 1523 105 1574 15
123 1521 189 1580 finis
213 1539 278 1581 esse
306 1521 449 1583 videatur.
495 1522 545 1600 qui
572 1528 669 1582 autem
690 1521 826 1581 homines
852 1519 966 1597 aliquos
986 1521 1125 1598 primi-5

123 1607 226 1683 genios
248 1606 385 1666 divinitus
406 1613 546 1666 naturave
566 1606 659 1665 iactos
680 1604 838 1665 crederent
858 1603 942 1664 multi
962 1606 1090 1675 fuerunt,

123 1689 174 1750 sed
190 1689 275 1750 aliter
291 1690 386 1767 adque
401 1689 486 1749 aliter
502 1690 575 1749 haec
591 1690 806 1749 existimatione
821 1696 944 1749 versata.
976 1706 1044 1748 nam
1060 1696 1093 1749 ut
1110 1697 1126 1745 6

122 1776 252 1840 mittam,
275 1773 353 1850 quod
368 1772 518 1833 fabulares
533 1780 687 1851 poetarum
702 1773 844 1834 historiae
861 1772 974 1842 lerunt,
996 1772 1091 1833 homi·

124 1875 176 1918 nes
199 1858 312 1934 primos
338 1864 388 1917 aut
410 1857 577 1918 Promethei
598 1856 678 1917 molli
700 1856 761 1918 luto
788 1875 852 1919 esse
872 1858 1016 1918 formatos
1043 1865 1092 1918 aut

70 1945 104 1994 20
122 1940 308 2001 Deucalionis
329 1941 520 2020 Pyrrhaeque
547 1940 629 2002 duris
650 1941 797 2019 lapidibus
825 1948 941 2012 enatos,
972 1941 1092 2022 quidam

123 2045 159 2086 ex
186 2026 258 2102 ipsis
279 2026 440 2103 sapientiae
461 2025 680 2104 professoribus
701 2028 801 2087 nescio
828 2044 865 2087 an
887 2028 979 2104 magis
1005 2045 1090 2088 mon·

122 2117 268 2178 struosas‚
293 2118 373 2170 certe
393 2127 452 2169 non
473 2112 570 2171 minus
587 2110 777 2172 incredibiles
797 2113 945 2171 rationum
969 2129 1089 2172 suarum

122 2194 279 2273 proterunt
295 2195 460 2274 opiniones.
490 2196 707 2257 Anaximander
722 2195 852 2256 Milesius
867 2194 961 2256 videri
975 2195 1031 2256 sibi
1054 2214 1088 2257 ex
1109 2207 1123 2257 7

122 2297 198 2356 aqua
214 2288 352 2357 terraque
369 2279 517 2342 calefactis
533 2288 651 2341 exortos
668 2298 731 2342 esse
748 2282 808 2342 sive
820 2283 918 2360 pisces
933 2298 987 2342 seu
1000 2281 1089 2358 pisci·

191 2471 214 2516 1.
234 2481 304 2531 quae
322 2467 347 2516 D
416 2469 441 2515 2.
458 2466 635 2531 phytagoram
656 2468 682 2515 V
749 2479 852 2517 ocenum
870 2469 903 2525 D,
922 2464 1047 2517 acceium
1068 2467 1098 2516 V

122 2536 146 2583 3.
167 2532 380 2594 abaenxraul),
401 2532 536 2583 architam
558 2534 586 2582 V
650 2534 848 2600 phytagoricos
870 2536 897 2585 V
962 2536 987 2585 4.
1006 2533 1092 2585 arhe-

123 2615 234 2651 xtexses
258 2603 296 2664 D,
320 2602 427 2652 carad
494 2604 538 2650 *et
558 2605 723 2652 xenocrates
748 2601 841 2663 (erasa
859 2603 886 2665 s)
915 2602 943 2650 V
1007 2601 1091 2653 bidae-

123 2669 227 2718 aachus
252 2667 325 2731 (icae
344 2670 362 2718 d
378 2671 405 2717 in
422 2666 488 2731 res.)
512 2669 535 2716 l>
584 2660 630 2720 ⁹5.
653 2685 705 2734 que
729 2686 774 2720 om.
798 2672 823 2720 V
890 2673 914 2720 6.
938 2685 1092 2720 assessore·

122 2749 164 2784 ms
177 2737 216 2799 l),
236 2735 387 2785 aristotelis
409 2737 437 2785 V
493 2750 642 2802 sraqratrts
660 2738 717 2786 DV
782 2740 806 2787 7.
824 2738 1020 2802 rheopaasaus
1038 2738 1094 2787 DV

122 2817 339 2867 pearparectrtct
360 2803 385 2852 D
401 2801 449 2866 V¹,
472 2820 542 2854 corr.
570 2802 609 2853 V²
678 2806 703 2855 8.
729 2820 914 2856 scataseauun
937 2805 962 2854 D
1033 2806 1091 2855 eiua

123 2871 219 2935 quaeri
237 2869 361 2935 exemplo
379 2871 478 2922 [abacta
495 2887 530 2921 eac
547 2875 612 2924 coni.
625 2873 785 2922 Lachmanni
836 2884 968 2937 exempua
986 2872 1042 2921 DV

122 2941 145 2987 9.
167 2952 313 3002 aeppeatar
332 2939 388 2988 DV
454 2953 561 3004 qexeaa
579 2940 618 3002 D,
638 2955 707 2990 corr.
727 2941 745 2989 d
814 2941 853 2990 10.
874 2954 907 2989 er
926 2953 995 2989 aues
1014 2940 1039 2988 D

123 3008 162 3054 13.
188 3003 339 3068 quaerebam
363 3006 388 3054 D
459 3008 500 3056 14.
518 3020 718 3070 nutusqursque
737 3008 762 3056 D
832 3007 922 3073 geniti
942 3008 971 3056 V
983 3008 1054 3070 vulgo

123 3072 163 3124 17.
183 3075 463 3122 aurea-aureal)
532 3078 617 3137 atque
639 3074 668 3123 V
732 3074 828 3124 hacV
894 3075 1087 3138 ueasartDV‚

121 3142 188 3190 unde
206 3140 236 3188 in
254 3138 307 3188 hac
327 3141 531 3191 existimatione
550 3142 657 3192 versati
673 3145 745 3206 vulgo
798 3144 838 3192 19.
859 3153 1011 3192 ruamarcs
1029 3141 1054 3190 D

122 3209 164 3258 20.
184 3211 281 3257 enatos
301 3209 416 3258 Halmius
435 3207 513 3271 (conf.
530 3225 587 3273 cap.
608 3212 632 3274 6,
651 3212 666 3258 1
683 3205 780 3275 θυσίη),
804 3224 907 3260 *uaros
926 3211 963 3273 D,
988 3211 1021 3261 ee
1039 3212 1089 3258 n'a·

122 3280 165 3324 tos
185 3278 209 3337 d,
228 3277 295 3325 uode
315 3290 375 3326 esse
393 3280 474 3326 natos
497 3279 522 3327 V
532 3279 603 3342 culpo
655 3284 715 3342 post
734 3281 832 3329 enatos
850 3293 937 3328 manea
955 3277 984 3326 X
994 3279 1091 3329 saeculi

121 3344 148 3391 ia
165 3343 199 3406 D,
218 3359 247 3394 m.
265 3345 350 3408 prima
365 3345 391 3392 in
408 3346 433 3393 V
448 3346 507 3394 add.
520 3360 597 3408 uerg.
616 3341 699 3410 (uirg.
717 3345 752 3406 V]
770 3346 836 3395 hino
848 3344 957 3410 lapides
969 3345 1089 3411 pyrrhae

124 3406 215 3472 (pyrre
233 3409 267 3477 V)
287 3413 377 3464 iactos
395 3412 522 3462 saturnia
534 3427 622 3477 regna
640 3416 669 3464 et
687 3412 756 3463 alibi
769 3428 821 3478 quo
834 3416 958 3479 tempora
970 3415 1089 3479 primum

122 3474 270 3531 deucalion
287 3494 407 3531 uacuum
423 3479 532 3546 lapides
550 3480 670 3531 iactauit
688 3481 718 3531 in
736 3481 832 3533 orbem
