<?xml version="1.0" encoding="UTF-8"?>
<!DOCTYPE html PUBLIC "-//W3C//DTD XHTML 1.0 Transitional//EN"
    "http://www.w3.org/TR/xhtml1/DTD/xhtml1-transitional.dtd">
<html xmlns="http://www.w3.org/1999/xhtml" xml:lang="en" lang="en">
 <head>
  <title>
</title>
<meta http-equiv="Content-Type" content="text/html;charset=utf-8" />
  <meta name='ocr-system' content='tesseract 3.04.00' />
  <meta name='ocr-capabilities' content='ocr_page ocr_carea ocr_par ocr_line ocrx_word'/>
</head>
<body>
  <div class='ocr_page' id='page_1' title='image "./cassiifelicisde00rosegoog_0045.png"; bbox 0 0 2414 3924; ppageno 0'>
   <div class='ocr_carea' id='block_1_1' title="bbox 533 237 749 301">
    <p class='ocr_par' dir='ltr' id='par_1_1' title="bbox 533 237 749 301">
     <span class='ocr_line' id='line_1_1' title="bbox 533 237 749 301; baseline -0.032 0"><span class='ocrx_word' id='word_1_1' title='bbox 533 237 749 301; x_wconf 84' lang='lat'>-30.-</span> 
     </span>
    </p>
   </div>
   <div class='ocr_carea' id='block_1_2' title="bbox 133 381 1151 709">
    <p class='ocr_par' dir='ltr' id='par_1_2' title="bbox 133 381 1151 709">
     <span class='ocr_line' id='line_1_2' title="bbox 133 381 1151 463; baseline 0.001 -20"><span class='ocrx_word' id='word_1_2' title='bbox 133 388 249 443; x_wconf 90' lang='lat' dir='ltr'>tantum</span> <span class='ocrx_word' id='word_1_3' title='bbox 272 399 415 463; x_wconf 86' lang='lat' dir='ltr'>apponas,</span> <span class='ocrx_word' id='word_1_4' title='bbox 443 400 481 443; x_wconf 94' lang='lat' dir='ltr'>ne</span> <span class='ocrx_word' id='word_1_5' title='bbox 504 381 788 461; x_wconf 83' lang='lat' dir='ltr'>conglutinationem</span> <span class='ocrx_word' id='word_1_6' title='bbox 816 382 923 443; x_wconf 86' lang='lat' dir='ltr'>factam</span> <span class='ocrx_word' id='word_1_7' title='bbox 945 382 1081 461; x_wconf 81' lang='lat' dir='ltr'>dissipes.</span> <span class='ocrx_word' id='word_1_8' title='bbox 1120 391 1151 444; x_wconf 90' lang='lat' dir='ltr'>et</span> 
     </span>
     <span class='ocr_line' id='line_1_3' title="bbox 133 470 1149 532; baseline 0.002 -2"><span class='ocrx_word' id='word_1_9' title='bbox 133 472 242 530; x_wconf 87' lang='lat' dir='ltr'>iterum</span> <span class='ocrx_word' id='word_1_10' title='bbox 275 489 343 531; x_wconf 93' lang='lat' dir='ltr'><em>cum</em></span> <span class='ocrx_word' id='word_1_11' title='bbox 381 470 491 532; x_wconf 82' lang='lat' dir='ltr'>videris</span> <span class='ocrx_word' id='word_1_12' title='bbox 523 471 666 531; x_wconf 86' lang='lat' dir='ltr'>saniolam</span> <span class='ocrx_word' id='word_1_13' title='bbox 701 477 883 532; x_wconf 87' lang='lat' dir='ltr'>tractuosam</span> <span class='ocrx_word' id='word_1_14' title='bbox 920 470 966 530; x_wconf 83' lang='lat' dir='ltr'>vel</span> <span class='ocrx_word' id='word_1_15' title='bbox 1002 473 1149 532; x_wconf 84' lang='lat' dir='ltr'>viscosam</span> 
     </span>
     <span class='ocr_line' id='line_1_4' title="bbox 133 559 1150 640; baseline 0.002 -22"><span class='ocrx_word' id='word_1_16' title='bbox 133 560 229 640; x_wconf 85' lang='lat' dir='ltr'>exire,</span> <span class='ocrx_word' id='word_1_17' title='bbox 251 559 351 620; x_wconf 91' lang='lat' dir='ltr'>tiltum</span> <span class='ocrx_word' id='word_1_18' title='bbox 369 576 406 620; x_wconf 83' lang='lat' dir='ltr'>ex</span> <span class='ocrx_word' id='word_1_19' title='bbox 428 559 550 620; x_wconf 90' lang='lat' dir='ltr'>linteolo</span> <span class='ocrx_word' id='word_1_20' title='bbox 569 561 654 620; x_wconf 90' lang='lat' dir='ltr'>tenui</span> <span class='ocrx_word' id='word_1_21' title='bbox 672 575 803 639; x_wconf 85' lang='lat' dir='ltr'>appones</span> <span class='ocrx_word' id='word_1_22' title='bbox 825 566 856 620; x_wconf 87' lang='lat' dir='ltr'>et</span> <span class='ocrx_word' id='word_1_23' title='bbox 873 576 964 638; x_wconf 87' lang='lat' dir='ltr'>super</span> <span class='ocrx_word' id='word_1_24' title='bbox 988 559 1150 640; x_wconf 85' lang='lat' dir='ltr'>emplastro</span> 
     </span>
     <span class='ocr_line' id='line_1_5' title="bbox 133 647 430 709; baseline 0.003 -1"><span class='ocrx_word' id='word_1_25' title='bbox 133 649 227 708; x_wconf 88' lang='lat' dir='ltr'>uteris</span> <span class='ocrx_word' id='word_1_26' title='bbox 251 656 281 708; x_wconf 90' lang='lat' dir='ltr'>et</span> <span class='ocrx_word' id='word_1_27' title='bbox 303 647 430 709; x_wconf 85' lang='lat' dir='ltr'>sanabis.</span> 
     </span>
    </p>
   </div>
   <div class='ocr_carea' id='block_1_3' title="bbox 105 804 805 868">
    <p class='ocr_par' dir='ltr' id='par_1_3' title="bbox 105 804 805 868">
     <span class='ocr_line' id='line_1_6' title="bbox 105 804 805 868; baseline 0.003 -2"><span class='ocrx_word' id='word_1_28' title='bbox 105 817 118 858; x_wconf 79' lang='lat'>⁵</span> <span class='ocrx_word' id='word_1_29' title='bbox 478 804 541 866; x_wconf 88' lang='lat' dir='ltr'><em>XX.</em></span> <span class='ocrx_word' id='word_1_30' title='bbox 577 805 625 866; x_wconf 78' lang='lat' dir='ltr'><em>hd</em></span> <span class='ocrx_word' id='word_1_31' title='bbox 649 807 805 868; x_wconf 86' lang='lat' dir='ltr'>fistulas.</span> 
     </span>
    </p>
   </div>
   <div class='ocr_carea' id='block_1_4' title="bbox 38 929 1149 1898">
    <p class='ocr_par' dir='ltr' id='par_1_4' title="bbox 38 929 1149 1898">
     <span class='ocr_line' id='line_1_7' title="bbox 221 929 1149 1012; baseline 0.003 -21"><span class='ocrx_word' id='word_1_32' title='bbox 221 930 349 992; x_wconf 74' lang='lat' dir='ltr'>listulas</span> <span class='ocrx_word' id='word_1_33' title='bbox 379 931 486 993; x_wconf 88' lang='lat' dir='ltr'>Graeci</span> <span class='ocrx_word' id='word_1_34' title='bbox 517 932 651 1012; x_wconf 78' lang='lat' dir='ltr'>syringas</span> <span class='ocrx_word' id='word_1_35' title='bbox 683 929 838 1012; x_wconf 87' lang='lat' dir='ltr'>appellent.</span> <span class='ocrx_word' id='word_1_36' title='bbox 884 939 915 991; x_wconf 90' lang='lat' dir='ltr'>et</span> <span class='ocrx_word' id='word_1_37' title='bbox 946 940 1017 993; x_wconf 91' lang='lat' dir='ltr'>sunt</span> <span class='ocrx_word' id='word_1_38' title='bbox 1046 933 1149 994; x_wconf 91' lang='lat' dir='ltr'>ulcera</span> 
     </span>
     <span class='ocr_line' id='line_1_8' title="bbox 131 1019 1147 1100; baseline 0.003 -20"><span class='ocrx_word' id='word_1_39' title='bbox 131 1020 325 1100; x_wconf 88' lang='lat' dir='ltr'>pendiginosa</span> <span class='ocrx_word' id='word_1_40' title='bbox 362 1028 392 1082; x_wconf 86' lang='lat' dir='ltr'>et</span> <span class='ocrx_word' id='word_1_41' title='bbox 423 1022 605 1082; x_wconf 88' lang='lat' dir='ltr'>intrinsecus</span> <span class='ocrx_word' id='word_1_42' title='bbox 638 1019 746 1081; x_wconf 90' lang='lat' dir='ltr'>callosa</span> <span class='ocrx_word' id='word_1_43' title='bbox 777 1036 875 1097; x_wconf 89' lang='lat' dir='ltr'>neque</span> <span class='ocrx_word' id='word_1_44' title='bbox 907 1022 939 1081; x_wconf 93' lang='lat' dir='ltr'>in</span> <span class='ocrx_word' id='word_1_45' title='bbox 977 1021 1147 1084; x_wconf 81' lang='lat' dir='ltr'>cicatricem</span> 
     </span>
     <span class='ocr_line' id='line_1_9' title="bbox 131 1107 1146 1171; baseline 0.005 -6"><span class='ocrx_word' id='word_1_46' title='bbox 131 1111 287 1170; x_wconf 86' lang='lat' dir='ltr'>venientia.</span> <span class='ocrx_word' id='word_1_47' title='bbox 325 1117 355 1171; x_wconf 86' lang='lat' dir='ltr'>et</span> <span class='ocrx_word' id='word_1_48' title='bbox 378 1111 404 1170; x_wconf 90' lang='lat' dir='ltr'><em>si</em></span> <span class='ocrx_word' id='word_1_49' title='bbox 426 1111 563 1170; x_wconf 86' lang='lat' dir='ltr'>venerint</span> <span class='ocrx_word' id='word_1_50' title='bbox 585 1110 696 1170; x_wconf 89' lang='lat' dir='ltr'>iterum</span> <span class='ocrx_word' id='word_1_51' title='bbox 718 1107 909 1170; x_wconf 84' lang='lat' dir='ltr'>resolvuntur</span> <span class='ocrx_word' id='word_1_52' title='bbox 933 1115 964 1169; x_wconf 94' lang='lat' dir='ltr'>et</span> <span class='ocrx_word' id='word_1_53' title='bbox 981 1111 1012 1169; x_wconf 89' lang='lat' dir='ltr'>in</span> <span class='ocrx_word' id='word_1_54' title='bbox 1031 1109 1146 1171; x_wconf 86' lang='lat' dir='ltr'>orificio</span> 
     </span>
     <span class='ocr_line' id='line_1_10' title="bbox 38 1195 1148 1276; baseline 0.004 -21"><span class='ocrx_word' id='word_1_55' title='bbox 38 1216 62 1255; x_wconf 80' lang='lat' dir='ltr'>a·</span> <span class='ocrx_word' id='word_1_56' title='bbox 76 1207 118 1248; x_wconf 81' lang='grc'><em>199</em></span> <span class='ocrx_word' id='word_1_57' title='bbox 131 1196 287 1276; x_wconf 86' lang='lat' dir='ltr'>aliquando</span> <span class='ocrx_word' id='word_1_58' title='bbox 317 1196 323 1272; x_wconf 91' lang='grc' dir='ltr'>Ι</span> <span class='ocrx_word' id='word_1_59' title='bbox 352 1199 518 1259; x_wconf 85' lang='lat' dir='ltr'>cortizones</span> <span class='ocrx_word' id='word_1_60' title='bbox 555 1196 719 1259; x_wconf 86' lang='lat' dir='ltr'>ostendunt</span> <span class='ocrx_word' id='word_1_61' title='bbox 754 1215 830 1276; x_wconf 88' lang='lat' dir='ltr'>quos</span> <span class='ocrx_word' id='word_1_62' title='bbox 863 1195 968 1258; x_wconf 88' lang='lat' dir='ltr'>Graeci</span> <span class='ocrx_word' id='word_1_63' title='bbox 1007 1198 1148 1260; x_wconf 85' lang='lat' dir='ltr'>eselcides</span> 
     </span>
     <span class='ocr_line' id='line_1_11' title="bbox 91 1293 244 1346; baseline 0.013 -2"><span class='ocrx_word' id='word_1_64' title='bbox 91 1297 117 1336; x_wconf 90' lang='lat'><em>1⁰</em></span> <span class='ocrx_word' id='word_1_65' title='bbox 130 1293 244 1346; x_wconf 87' lang='lat' dir='ltr'>vocant.</span> 
     </span>
     <span class='ocr_line' id='line_1_12' title="bbox 219 1373 1147 1453; baseline 0.003 -20"><span class='ocrx_word' id='word_1_66' title='bbox 219 1376 250 1434; x_wconf 92' lang='lat' dir='ltr'>in</span> <span class='ocrx_word' id='word_1_67' title='bbox 288 1373 492 1435; x_wconf 87' lang='lat' dir='ltr'>curationibus</span> <span class='ocrx_word' id='word_1_68' title='bbox 528 1392 599 1435; x_wconf 87' lang='lat' dir='ltr'>vero</span> <span class='ocrx_word' id='word_1_69' title='bbox 631 1375 657 1436; x_wconf 93' lang='lat' dir='ltr'><em>si</em></span> <span class='ocrx_word' id='word_1_70' title='bbox 690 1373 816 1435; x_wconf 91' lang='lat' dir='ltr'>memhri</span> <span class='ocrx_word' id='word_1_71' title='bbox 846 1374 893 1435; x_wconf 79' lang='lat' dir='ltr'>rel</span> <span class='ocrx_word' id='word_1_72' title='bbox 929 1374 987 1435; x_wconf 92' lang='lat' dir='ltr'>loci</span> <span class='ocrx_word' id='word_1_73' title='bbox 1019 1373 1147 1453; x_wconf 79' lang='lat' dir='ltr'>qualitas</span> 
     </span>
     <span class='ocr_line' id='line_1_13' title="bbox 130 1462 1146 1543; baseline 0.002 -21"><span class='ocrx_word' id='word_1_74' title='bbox 130 1465 276 1543; x_wconf 81' lang='lat' dir='ltr'>exegerit,</span> <span class='ocrx_word' id='word_1_75' title='bbox 307 1462 414 1524; x_wconf 91' lang='lat' dir='ltr'>melius</span> <span class='ocrx_word' id='word_1_76' title='bbox 446 1470 492 1524; x_wconf 89' lang='lat' dir='ltr'><em>est</em></span> <span class='ocrx_word' id='word_1_77' title='bbox 523 1462 652 1524; x_wconf 85' lang='lat' dir='ltr'>fistulam</span> <span class='ocrx_word' id='word_1_78' title='bbox 686 1463 767 1524; x_wconf 80' lang='lat' dir='ltr'>ferro</span> <span class='ocrx_word' id='word_1_79' title='bbox 800 1462 927 1543; x_wconf 90' lang='lat' dir='ltr'>nudare,</span> <span class='ocrx_word' id='word_1_80' title='bbox 963 1463 994 1524; x_wconf 91' lang='lat' dir='ltr'>id</span> <span class='ocrx_word' id='word_1_81' title='bbox 1026 1473 1072 1525; x_wconf 91' lang='lat' dir='ltr'><em>est</em></span> <span class='ocrx_word' id='word_1_82' title='bbox 1110 1482 1146 1524; x_wconf 86' lang='lat' dir='ltr'>ex</span> 
     </span>
     <span class='ocr_line' id='line_1_14' title="bbox 129 1550 1145 1634; baseline 0.001 -22"><span class='ocrx_word' id='word_1_83' title='bbox 129 1550 288 1612; x_wconf 86' lang='lat' dir='ltr'>flebotomo</span> <span class='ocrx_word' id='word_1_84' title='bbox 316 1550 363 1612; x_wconf 90' lang='lat' dir='ltr'>vel</span> <span class='ocrx_word' id='word_1_85' title='bbox 395 1553 597 1631; x_wconf 89' lang='lat' dir='ltr'>syringotomo</span> <span class='ocrx_word' id='word_1_86' title='bbox 626 1551 785 1634; x_wconf 90' lang='lat' dir='ltr'>appellato,</span> <span class='ocrx_word' id='word_1_87' title='bbox 818 1560 847 1613; x_wconf 91' lang='lat' dir='ltr'>et</span> <span class='ocrx_word' id='word_1_88' title='bbox 880 1569 998 1613; x_wconf 90' lang='lat' dir='ltr'>omnem</span> <span class='ocrx_word' id='word_1_89' title='bbox 1030 1550 1145 1614; x_wconf 87' lang='lat' dir='ltr'>callosi·</span> 
     </span>
     <span class='ocr_line' id='line_1_15' title="bbox 129 1638 1145 1720; baseline 0 -18"><span class='ocrx_word' id='word_1_90' title='bbox 129 1649 219 1702; x_wconf 88' lang='lat' dir='ltr'>tatem</span> <span class='ocrx_word' id='word_1_91' title='bbox 244 1639 391 1701; x_wconf 87' lang='lat' dir='ltr'>occultam</span> <span class='ocrx_word' id='word_1_92' title='bbox 413 1638 538 1701; x_wconf 85' lang='lat' dir='ltr'>artificio</span> <span class='ocrx_word' id='word_1_93' title='bbox 560 1658 667 1701; x_wconf 88' lang='lat' dir='ltr'>manus</span> <span class='ocrx_word' id='word_1_94' title='bbox 689 1640 802 1701; x_wconf 85' lang='lat' dir='ltr'>risibus</span> <span class='ocrx_word' id='word_1_95' title='bbox 830 1641 961 1720; x_wconf 91' lang='lat' dir='ltr'>pandere</span> <span class='ocrx_word' id='word_1_96' title='bbox 985 1648 1015 1701; x_wconf 89' lang='lat' dir='ltr'>et</span> <span class='ocrx_word' id='word_1_97' title='bbox 1038 1658 1145 1702; x_wconf 87' lang='lat' dir='ltr'>secun·</span> 
     </span>
     <span class='ocr_line' id='line_1_16' title="bbox 89 1727 1144 1809; baseline 0.001 -20"><span class='ocrx_word' id='word_1_98' title='bbox 89 1740 115 1780; x_wconf 79' lang='lat'><em>1⁵</em></span> <span class='ocrx_word' id='word_1_99' title='bbox 129 1729 200 1790; x_wconf 92' lang='lat' dir='ltr'><em>dum</em></span> <span class='ocrx_word' id='word_1_100' title='bbox 227 1731 373 1790; x_wconf 85' lang='lat' dir='ltr'>rationem</span> <span class='ocrx_word' id='word_1_101' title='bbox 401 1746 521 1809; x_wconf 90' lang='lat' dir='ltr'>curare,</span> <span class='ocrx_word' id='word_1_102' title='bbox 549 1729 628 1808; x_wconf 92' lang='lat' dir='ltr'>quod</span> <span class='ocrx_word' id='word_1_103' title='bbox 652 1727 758 1790; x_wconf 89' lang='lat' dir='ltr'>Graeci</span> <span class='ocrx_word' id='word_1_104' title='bbox 785 1736 850 1790; x_wconf 90' lang='lat' dir='ltr'>cata</span> <span class='ocrx_word' id='word_1_105' title='bbox 871 1729 959 1809; x_wconf 88' lang='lat' dir='ltr'>logon</span> <span class='ocrx_word' id='word_1_106' title='bbox 988 1728 1144 1808; x_wconf 90' lang='lat' dir='ltr'>appellant.</span> 
     </span>
     <span class='ocr_line' id='line_1_17' title="bbox 129 1816 1144 1898; baseline -0.001 -19"><span class='ocrx_word' id='word_1_107' title='bbox 129 1820 175 1879; x_wconf 93' lang='lat' dir='ltr'><em>sin</em></span> <span class='ocrx_word' id='word_1_108' title='bbox 198 1836 268 1879; x_wconf 84' lang='lat' dir='ltr'>vero</span> <span class='ocrx_word' id='word_1_109' title='bbox 292 1817 350 1878; x_wconf 91' lang='lat' dir='ltr'>loci</span> <span class='ocrx_word' id='word_1_110' title='bbox 372 1817 419 1878; x_wconf 90' lang='lat' dir='ltr'>vel</span> <span class='ocrx_word' id='word_1_111' title='bbox 441 1816 570 1888; x_wconf 86' lang='lat' dir='ltr'>memhri</span> <span class='ocrx_word' id='word_1_112' title='bbox 592 1819 686 1897; x_wconf 89' lang='lat' dir='ltr'>ipsius</span> <span class='ocrx_word' id='word_1_113' title='bbox 715 1816 840 1898; x_wconf 89' lang='lat' dir='ltr'>qualitas</span> <span class='ocrx_word' id='word_1_114' title='bbox 863 1836 951 1879; x_wconf 86' lang='grc'><em>991119</em></span> <span class='ocrx_word' id='word_1_115' title='bbox 975 1817 1144 1897; x_wconf 88' lang='lat' dir='ltr'>chirurgiae</span> 
     </span>
    </p>
   </div>
   <div class='ocr_carea' id='block_1_5' title="bbox 126 1905 1144 1988">
    <p class='ocr_par' dir='ltr' id='par_1_5' title="bbox 126 1905 1144 1988">
     <span class='ocr_line' id='line_1_18' title="bbox 126 1905 1144 1988; baseline -0.002 -20"><span class='ocrx_word' id='word_1_116' title='bbox 126 1906 328 1988; x_wconf 85' lang='lat' dir='ltr'>prohibuerit,</span> <span class='ocrx_word' id='word_1_117' title='bbox 350 1906 407 1967; x_wconf 95' lang='lat' dir='ltr'><em>hoc</em></span> <span class='ocrx_word' id='word_1_118' title='bbox 430 1906 518 1968; x_wconf 89' lang='lat' dir='ltr'>modo</span> <span class='ocrx_word' id='word_1_119' title='bbox 538 1905 665 1968; x_wconf 79' lang='lat' dir='ltr'>cumbis.</span> <span class='ocrx_word' id='word_1_120' title='bbox 706 1908 738 1967; x_wconf 91' lang='lat' dir='ltr'>in</span> <span class='ocrx_word' id='word_1_121' title='bbox 760 1906 1024 1987; x_wconf 71' lang='lat' dir='ltr'>primisangustas</span> <span class='ocrx_word' id='word_1_122' title='bbox 1044 1923 1144 1967; x_wconf 83' lang='lat' dir='ltr'>caver·</span> 
     </span>
    </p>
   </div>
   <div class='ocr_carea' id='block_1_6' title="bbox 85 1995 1152 2429">
    <p class='ocr_par' dir='ltr' id='par_1_6' title="bbox 85 1995 1152 2429">
     <span class='ocr_line' id='line_1_19' title="bbox 126 1995 1143 2076; baseline -0.002 -19"><span class='ocrx_word' id='word_1_123' title='bbox 126 1996 211 2058; x_wconf 88' lang='lat' dir='ltr'>nulas</span> <span class='ocrx_word' id='word_1_124' title='bbox 230 1996 267 2056; x_wconf 94' lang='lat' dir='ltr'>de</span> <span class='ocrx_word' id='word_1_125' title='bbox 286 1997 389 2075; x_wconf 87' lang='lat' dir='ltr'>aprina</span> <span class='ocrx_word' id='word_1_126' title='bbox 410 1995 456 2056; x_wconf 89' lang='lat' dir='ltr'>vel</span> <span class='ocrx_word' id='word_1_127' title='bbox 474 1997 598 2075; x_wconf 88' lang='lat' dir='ltr'>porcina</span> <span class='ocrx_word' id='word_1_128' title='bbox 618 2002 699 2056; x_wconf 88' lang='lat' dir='ltr'>saeta</span> <span class='ocrx_word' id='word_1_129' title='bbox 721 1996 863 2076; x_wconf 86' lang='lat' dir='ltr'>inspicies</span> <span class='ocrx_word' id='word_1_130' title='bbox 883 2002 913 2056; x_wconf 89' lang='lat' dir='ltr'>et</span> <span class='ocrx_word' id='word_1_131' title='bbox 930 2012 1042 2075; x_wconf 80' lang='lat' dir='ltr'>papyro</span> <span class='ocrx_word' id='word_1_132' title='bbox 1061 2001 1143 2075; x_wconf 89' lang='lat' dir='ltr'>pate·</span> 
     </span>
     <span class='ocr_line' id='line_1_20' title="bbox 126 2083 1143 2164; baseline 0.001 -20"><span class='ocrx_word' id='word_1_133' title='bbox 126 2085 226 2145; x_wconf 80' lang='lat' dir='ltr'>iacies.</span> <span class='ocrx_word' id='word_1_134' title='bbox 263 2084 342 2163; x_wconf 91' lang='lat' dir='ltr'>quod</span> <span class='ocrx_word' id='word_1_135' title='bbox 365 2102 511 2163; x_wconf 82' lang='lat' dir='ltr'>papyrum</span> <span class='ocrx_word' id='word_1_136' title='bbox 534 2086 577 2145; x_wconf 88' lang='lat' dir='ltr'><em>sic</em></span> <span class='ocrx_word' id='word_1_137' title='bbox 600 2083 798 2164; x_wconf 87' lang='lat' dir='ltr'>praeparabis.</span> <span class='ocrx_word' id='word_1_138' title='bbox 848 2101 993 2164; x_wconf 90' lang='lat' dir='ltr'>papyrum</span> <span class='ocrx_word' id='word_1_139' title='bbox 1015 2085 1143 2144; x_wconf 86' lang='lat' dir='ltr'>vitriari-</span> 
     </span>
     <span class='ocr_line' id='line_1_21' title="bbox 85 2170 1143 2253; baseline -0.002 -20"><span class='ocrx_word' id='word_1_140' title='bbox 85 2184 113 2225; x_wconf 78' lang='lat'><em>20</em></span> <span class='ocrx_word' id='word_1_141' title='bbox 126 2191 212 2233; x_wconf 91' lang='lat' dir='ltr'>orum</span> <span class='ocrx_word' id='word_1_142' title='bbox 237 2172 328 2250; x_wconf 90' lang='lat' dir='ltr'>eliges</span> <span class='ocrx_word' id='word_1_143' title='bbox 351 2188 524 2253; x_wconf 88' lang='lat' dir='ltr'>carnosum,</span> <span class='ocrx_word' id='word_1_144' title='bbox 547 2172 577 2232; x_wconf 92' lang='lat' dir='ltr'>id</span> <span class='ocrx_word' id='word_1_145' title='bbox 601 2172 749 2251; x_wconf 89' lang='lat' dir='ltr'>estquod</span> <span class='ocrx_word' id='word_1_146' title='bbox 773 2191 832 2232; x_wconf 90' lang='lat' dir='ltr'><em>non</em></span> <span class='ocrx_word' id='word_1_147' title='bbox 856 2173 947 2233; x_wconf 86' lang='lat' dir='ltr'>fuerit</span> <span class='ocrx_word' id='word_1_148' title='bbox 970 2171 1073 2251; x_wconf 88' lang='lat' dir='ltr'>lragile</span> <span class='ocrx_word' id='word_1_149' title='bbox 1097 2170 1143 2231; x_wconf 88' lang='lat' dir='ltr'>vel</span> 
     </span>
     <span class='ocr_line' id='line_1_22' title="bbox 126 2259 1152 2342; baseline 0 -22"><span class='ocrx_word' id='word_1_150' title='bbox 126 2260 277 2342; x_wconf 88' lang='lat' dir='ltr'>ssacidum,</span> <span class='ocrx_word' id='word_1_151' title='bbox 305 2266 336 2320; x_wconf 89' lang='lat' dir='ltr'>et</span> <span class='ocrx_word' id='word_1_152' title='bbox 362 2259 458 2338; x_wconf 86' lang='lat' dir='ltr'>pridie</span> <span class='ocrx_word' id='word_1_153' title='bbox 482 2262 513 2320; x_wconf 91' lang='lat' dir='ltr'>in</span> <span class='ocrx_word' id='word_1_154' title='bbox 537 2267 620 2321; x_wconf 88' lang='lat' dir='ltr'>aceto</span> <span class='ocrx_word' id='word_1_155' title='bbox 644 2260 721 2322; x_wconf 88' lang='lat' dir='ltr'>salso</span> <span class='ocrx_word' id='word_1_156' title='bbox 750 2261 905 2342; x_wconf 86' lang='lat' dir='ltr'>infundes,</span> <span class='ocrx_word' id='word_1_157' title='bbox 934 2259 1012 2339; x_wconf 90' lang='lat' dir='ltr'>quod</span> <span class='ocrx_word' id='word_1_158' title='bbox 1037 2259 1152 2320; x_wconf 90' lang='lat' dir='ltr'>Graeci·</span> 
     </span>
     <span class='ocr_line' id='line_1_23' title="bbox 126 2347 1142 2429; baseline 0 -21"><span class='ocrx_word' id='word_1_159' title='bbox 126 2349 261 2410; x_wconf 81' lang='lat' dir='ltr'>oxalmen</span> <span class='ocrx_word' id='word_1_160' title='bbox 293 2350 406 2408; x_wconf 86' lang='lat' dir='ltr'>vocant.</span> <span class='ocrx_word' id='word_1_161' title='bbox 452 2355 524 2409; x_wconf 90' lang='lat' dir='ltr'>tunc</span> <span class='ocrx_word' id='word_1_162' title='bbox 557 2347 612 2408; x_wconf 89' lang='lat' dir='ltr'>elia</span> <span class='ocrx_word' id='word_1_163' title='bbox 645 2348 694 2409; x_wconf 94' lang='lat' dir='ltr'><em>die</em></span> <span class='ocrx_word' id='word_1_164' title='bbox 726 2349 829 2429; x_wconf 85' lang='lat' dir='ltr'>spatha</span> <span class='ocrx_word' id='word_1_165' title='bbox 861 2350 945 2409; x_wconf 91' lang='lat' dir='ltr'>tenui</span> <span class='ocrx_word' id='word_1_166' title='bbox 975 2347 1142 2411; x_wconf 88' lang='lat' dir='ltr'>circulatim</span> 
     </span>
    </p>
   </div>
   <div class='ocr_carea' id='block_1_7' title="bbox 67 2501 1143 3566">
    <p class='ocr_par' dir='ltr' id='par_1_7' title="bbox 67 2501 1143 3550">
     <span class='ocr_line' id='line_1_24' title="bbox 196 2501 1143 2572; baseline -0.001 -16"><span class='ocrx_word' id='word_1_167' title='bbox 196 2503 582 2571; x_wconf 73' lang='grc'><em>2999199999919199.</em></span> <span class='ocrx_word' id='word_1_168' title='bbox 657 2501 931 2572; x_wconf 78' lang='grc'><em>31111999191999</em></span> <span class='ocrx_word' id='word_1_169' title='bbox 949 2518 990 2570; x_wconf 84' lang='lat' dir='ltr'><em>op.</em></span> <span class='ocrx_word' id='word_1_170' title='bbox 1063 2501 1143 2564; x_wconf 76' lang='lat' dir='ltr'>otii,</span> 
     </span>
     <span class='ocr_line' id='line_1_25' title="bbox 124 2572 1141 2655; baseline 0 -29"><span class='ocrx_word' id='word_1_171' title='bbox 124 2574 168 2626; x_wconf 90' lang='lat' dir='ltr'><em>Ad</em></span> <span class='ocrx_word' id='word_1_172' title='bbox 186 2572 294 2628; x_wconf 86' lang='grc'><em>11919199</em></span> <span class='ocrx_word' id='word_1_173' title='bbox 312 2574 357 2640; x_wconf 82' lang='lat'><em>(20</em></span> <span class='ocrx_word' id='word_1_174' title='bbox 377 2572 402 2639; x_wconf 94' lang='grc'><em>9)</em></span> <span class='ocrx_word' id='word_1_175' title='bbox 420 2588 466 2641; x_wconf 86' lang='grc'><em>991</em></span> <span class='ocrx_word' id='word_1_176' title='bbox 485 2572 528 2628; x_wconf 89' lang='lat' dir='ltr'>De</span> <span class='ocrx_word' id='word_1_177' title='bbox 545 2572 691 2643; x_wconf 79' lang='lat' dir='ltr'>fistulisp</span> <span class='ocrx_word' id='word_1_178' title='bbox 801 2572 990 2655; x_wconf 71' lang='grc'><em>6911193999</em></span> <span class='ocrx_word' id='word_1_179' title='bbox 1011 2576 1141 2643; x_wconf 74' lang='lat' dir='ltr'>t-gap,</span> 
     </span>
     <span class='ocr_line' id='line_1_26' title="bbox 125 2643 1143 2715; baseline 0.002 -18"><span class='ocrx_word' id='word_1_180' title='bbox 125 2659 229 2715; x_wconf 85' lang='lat' dir='ltr'>—guas</span> <span class='ocrx_word' id='word_1_181' title='bbox 248 2645 281 2711; x_wconf 91' lang='grc'><em>9).</em></span> <span class='ocrx_word' id='word_1_182' title='bbox 353 2644 483 2713; x_wconf 77' lang='grc'><em>9991991</em></span> <span class='ocrx_word' id='word_1_183' title='bbox 503 2643 618 2715; x_wconf 87' lang='grc'><em>919919.</em></span> <span class='ocrx_word' id='word_1_184' title='bbox 692 2643 960 2713; x_wconf 76' lang='grc'><em>99911111999999,</em></span> <span class='ocrx_word' id='word_1_185' title='bbox 979 2643 1143 2698; x_wconf 87' lang='lat' dir='ltr'>-dioresc</span> 
     </span>
     <span class='ocr_line' id='line_1_27' title="bbox 125 2712 1143 2784; baseline 0 -15"><span class='ocrx_word' id='word_1_186' title='bbox 125 2716 199 2784; x_wconf 80' lang='lat' dir='ltr'>(fort.</span> <span class='ocrx_word' id='word_1_187' title='bbox 214 2712 381 2769; x_wconf 73' lang='lat' dir='ltr'>corticiones</span> <span class='ocrx_word' id='word_1_188' title='bbox 394 2739 429 2760; x_wconf 87' lang='lat'>=</span> <span class='ocrx_word' id='word_1_189' title='bbox 442 2716 511 2784; x_wconf 78' lang='lat' dir='ltr'>hiep</span> <span class='ocrx_word' id='word_1_190' title='bbox 527 2717 719 2772; x_wconf 78' lang='lat' dir='ltr'>cortenonesi</span> <span class='ocrx_word' id='word_1_191' title='bbox 734 2716 899 2784; x_wconf 78' lang='grc'><em>99199199)</em></span> <span class='ocrx_word' id='word_1_192' title='bbox 968 2712 1143 2782; x_wconf 80' lang='lat' dir='ltr'>efelcides9,</span> 
     </span>
     <span class='ocr_line' id='line_1_28' title="bbox 123 2785 1140 2869; baseline 0 -29"><span class='ocrx_word' id='word_1_193' title='bbox 123 2785 294 2854; x_wconf 81' lang='lat' dir='ltr'>efeltidesp</span> <span class='ocrx_word' id='word_1_194' title='bbox 319 2785 469 2854; x_wconf 84' lang='lat' dir='ltr'>(excleidas</span> <span class='ocrx_word' id='word_1_195' title='bbox 493 2789 525 2855; x_wconf 90' lang='grc'><em>9).</em></span> <span class='ocrx_word' id='word_1_196' title='bbox 643 2790 675 2840; x_wconf 80' lang='lat'><em>12</em></span> <span class='ocrx_word' id='word_1_197' title='bbox 699 2786 819 2855; x_wconf 83' lang='lat' dir='ltr'>exigerit</span> <span class='ocrx_word' id='word_1_198' title='bbox 842 2801 874 2869; x_wconf 69' lang='lat' dir='ltr'><em>pp</em></span> <span class='ocrx_word' id='word_1_199' title='bbox 893 2789 1095 2841; x_wconf 75' lang='grc'><em>9199199999</em></span> <span class='ocrx_word' id='word_1_200' title='bbox 1113 2800 1140 2854; x_wconf 91' lang='grc'><em>9.</em></span> 
     </span>
     <span class='ocr_line' id='line_1_29' title="bbox 124 2856 1141 2928; baseline -0.002 -18"><span class='ocrx_word' id='word_1_201' title='bbox 124 2862 392 2926; x_wconf 74' lang='grc'><em>1991991999</em></span> <span class='ocrx_word' id='word_1_202' title='bbox 467 2856 1141 2928; x_wconf 69' lang='grc'><em>1389199199.119191999919</em></span> 
     </span>
     <span class='ocr_line' id='line_1_30' title="bbox 122 2926 1140 3008; baseline -0.001 -25"><span class='ocrx_word' id='word_1_203' title='bbox 122 2928 234 2984; x_wconf 77' lang='lat' dir='ltr'>occulta</span> <span class='ocrx_word' id='word_1_204' title='bbox 251 2927 358 2995; x_wconf 86' lang='grc'><em>(999119</em></span> <span class='ocrx_word' id='word_1_205' title='bbox 375 2929 400 2996; x_wconf 85' lang='grc'><em>9)</em></span> <span class='ocrx_word' id='word_1_206' title='bbox 419 2943 461 2997; x_wconf 87' lang='grc'><em>99,</em></span> <span class='ocrx_word' id='word_1_207' title='bbox 480 2929 697 2998; x_wconf 78' lang='lat' dir='ltr'>oculisntemp</span> <span class='ocrx_word' id='word_1_208' title='bbox 788 2927 901 2983; x_wconf 79' lang='lat' dir='ltr'>artificii</span> <span class='ocrx_word' id='word_1_209' title='bbox 918 2943 1004 2980; x_wconf 83' lang='lat' dir='ltr'>mann</span> <span class='ocrx_word' id='word_1_210' title='bbox 1014 2942 1072 3008; x_wconf 78' lang='grc'><em>999</em></span> <span class='ocrx_word' id='word_1_211' title='bbox 1090 2926 1140 2993; x_wconf 80' lang='lat' dir='ltr'>(ef.</span> 
     </span>
     <span class='ocr_line' id='line_1_31' title="bbox 67 2995 1140 3083; baseline -0.005 -28"><span class='ocrx_word' id='word_1_212' title='bbox 67 2998 763 3083; x_wconf 73' lang='grc' dir='ltr'><em>Ι918).1599191999999,1919199119</em></span> <span class='ocrx_word' id='word_1_213' title='bbox 856 3003 888 3053; x_wconf 91' lang='grc'><em>18</em></span> <span class='ocrx_word' id='word_1_214' title='bbox 907 2998 942 3052; x_wconf 90' lang='lat' dir='ltr'>de</span> <span class='ocrx_word' id='word_1_215' title='bbox 961 2996 1072 3080; x_wconf 81' lang='lat' dir='ltr'>aprina:</span> <span class='ocrx_word' id='word_1_216' title='bbox 1092 2995 1140 3051; x_wconf 90' lang='lat' dir='ltr'>de·</span> 
     </span>
     <span class='ocr_line' id='line_1_32' title="bbox 120 3067 1140 3153; baseline -0.005 -27"><span class='ocrx_word' id='word_1_217' title='bbox 120 3071 213 3153; x_wconf 77' lang='grc'><em>911199</em></span> <span class='ocrx_word' id='word_1_218' title='bbox 225 3086 270 3141; x_wconf 78' lang='grc'><em>99,</em></span> <span class='ocrx_word' id='word_1_219' title='bbox 285 3069 315 3124; x_wconf 91' lang='lat' dir='ltr'>di</span> <span class='ocrx_word' id='word_1_220' title='bbox 328 3074 431 3139; x_wconf 60' lang='lat' dir='ltr'>pri-oo.</span> <span class='ocrx_word' id='word_1_221' title='bbox 504 3072 567 3152; x_wconf 78' lang='grc'><em>9919</em></span> <span class='ocrx_word' id='word_1_222' title='bbox 578 3086 597 3140; x_wconf 98' lang='grc'><em>9</em></span> <span class='ocrx_word' id='word_1_223' title='bbox 611 3071 684 3140; x_wconf 84' lang='lat' dir='ltr'>(seta</span> <span class='ocrx_word' id='word_1_224' title='bbox 697 3073 750 3140; x_wconf 83' lang='lat' dir='ltr'>cp).</span> <span class='ocrx_word' id='word_1_225' title='bbox 814 3068 927 3150; x_wconf 85' lang='lat' dir='ltr'>inspicis</span> <span class='ocrx_word' id='word_1_226' title='bbox 940 3084 959 3138; x_wconf 94' lang='grc'><em>9</em></span> <span class='ocrx_word' id='word_1_227' title='bbox 972 3067 1140 3138; x_wconf 76' lang='grc'><em>(1999111199,</em></span> 
     </span>
     <span class='ocr_line' id='line_1_33' title="bbox 121 3138 1139 3223; baseline -0.004 -27"><span class='ocrx_word' id='word_1_228' title='bbox 121 3142 216 3212; x_wconf 70' lang='lat' dir='ltr'>rspice</span> <span class='ocrx_word' id='word_1_229' title='bbox 232 3144 264 3210; x_wconf 88' lang='lat' dir='ltr'><em>c).</em></span> <span class='ocrx_word' id='word_1_230' title='bbox 339 3147 372 3196; x_wconf 87' lang='grc'><em>18</em></span> <span class='ocrx_word' id='word_1_231' title='bbox 388 3143 447 3207; x_wconf 84' lang='grc'><em>(919</em></span> <span class='ocrx_word' id='word_1_232' title='bbox 446 3145 461 3208; x_wconf 88' lang='lat'><em>)</em></span> <span class='ocrx_word' id='word_1_233' title='bbox 473 3139 573 3210; x_wconf 83' lang='lat' dir='ltr'>papiro</span> <span class='ocrx_word' id='word_1_234' title='bbox 591 3156 651 3223; x_wconf 74' lang='grc'><em>999</em></span> <span class='ocrx_word' id='word_1_235' title='bbox 725 3147 758 3196; x_wconf 84' lang='grc'><em>18</em></span> <span class='ocrx_word' id='word_1_236' title='bbox 772 3139 908 3210; x_wconf 81' lang='lat' dir='ltr'>patefacis</span> <span class='ocrx_word' id='word_1_237' title='bbox 925 3156 944 3209; x_wconf 94' lang='grc'><em>9</em></span> <span class='ocrx_word' id='word_1_238' title='bbox 963 3138 1139 3209; x_wconf 69' lang='grc'><em>(9919191991,</em></span> 
     </span>
     <span class='ocr_line' id='line_1_34' title="bbox 119 3210 1139 3295; baseline -0.004 -28"><span class='ocrx_word' id='word_1_239' title='bbox 119 3211 292 3281; x_wconf 78' lang='lat' dir='ltr'>perantiae).</span> <span class='ocrx_word' id='word_1_240' title='bbox 365 3216 400 3266; x_wconf 81' lang='lat'><em>20</em></span> <span class='ocrx_word' id='word_1_241' title='bbox 419 3212 506 3294; x_wconf 88' lang='lat' dir='ltr'>elegis</span> <span class='ocrx_word' id='word_1_242' title='bbox 523 3228 549 3281; x_wconf 88' lang='grc'><em>9,</em></span> <span class='ocrx_word' id='word_1_243' title='bbox 568 3210 650 3282; x_wconf 86' lang='lat' dir='ltr'>eligis</span> <span class='ocrx_word' id='word_1_244' title='bbox 669 3228 683 3267; x_wconf 94' lang='grc'><em>9</em></span> <span class='ocrx_word' id='word_1_245' title='bbox 702 3211 800 3295; x_wconf 62' lang='lat' dir='ltr'>(eliges</span> <span class='ocrx_word' id='word_1_246' title='bbox 814 3214 856 3281; x_wconf 82' lang='lat'><em>9).</em></span> <span class='ocrx_word' id='word_1_247' title='bbox 942 3226 1090 3292; x_wconf 79' lang='lat' dir='ltr'>carnosum</span> <span class='ocrx_word' id='word_1_248' title='bbox 1107 3225 1139 3279; x_wconf 86' lang='lat'><em>9:</em></span> 
     </span>
     <span class='ocr_line' id='line_1_35' title="bbox 121 3281 1139 3353; baseline -0.002 -16"><span class='ocrx_word' id='word_1_249' title='bbox 121 3283 256 3338; x_wconf 86' lang='lat' dir='ltr'>callosum</span> <span class='ocrx_word' id='word_1_250' title='bbox 270 3300 311 3353; x_wconf 80' lang='lat' dir='ltr'><em>cp</em></span> <span class='ocrx_word' id='word_1_251' title='bbox 384 3288 418 3337; x_wconf 79' lang='lat'><em>21</em></span> <span class='ocrx_word' id='word_1_252' title='bbox 433 3281 564 3337; x_wconf 82' lang='lat' dir='ltr'>decidam</span> <span class='ocrx_word' id='word_1_253' title='bbox 577 3281 829 3353; x_wconf 72' lang='grc'><em>991119919199).</em></span> <span class='ocrx_word' id='word_1_254' title='bbox 903 3281 1139 3350; x_wconf 70' lang='grc'><em>1201991999,</em></span> 
     </span>
     <span class='ocr_line' id='line_1_36' title="bbox 120 3352 1138 3436; baseline -0.002 -28"><span class='ocrx_word' id='word_1_255' title='bbox 120 3359 276 3424; x_wconf 75' lang='lat' dir='ltr'>oxommp</span> <span class='ocrx_word' id='word_1_256' title='bbox 367 3353 425 3409; x_wconf 85' lang='grc'><em>9119</em></span> <span class='ocrx_word' id='word_1_257' title='bbox 450 3369 495 3424; x_wconf 82' lang='grc'><em>991</em></span> <span class='ocrx_word' id='word_1_258' title='bbox 524 3353 626 3423; x_wconf 79' lang='grc'><em>91199.</em></span> <span class='ocrx_word' id='word_1_259' title='bbox 717 3369 801 3423; x_wconf 84' lang='lat' dir='ltr'>opaco</span> <span class='ocrx_word' id='word_1_260' title='bbox 825 3355 901 3436; x_wconf 85' lang='grc'><em>(-19</em></span> <span class='ocrx_word' id='word_1_261' title='bbox 919 3353 954 3422; x_wconf 84' lang='lat' dir='ltr'><em>p)</em></span> <span class='ocrx_word' id='word_1_262' title='bbox 976 3352 1055 3407; x_wconf 85' lang='grc'><em>19991</em></span> <span class='ocrx_word' id='word_1_263' title='bbox 1077 3368 1138 3421; x_wconf 75' lang='grc'><em>999.</em></span> 
     </span>
     <span class='ocr_line' id='line_1_37' title="bbox 118 3423 1139 3550; baseline -0.003 -70"><span class='ocrx_word' id='word_1_264' title='bbox 118 3423 451 3550; x_wconf 74' lang='grc'><em>919991991999119991199</em></span> <span class='ocrx_word' id='word_1_265' title='bbox 471 3426 531 3495; x_wconf 84' lang='lat' dir='ltr'>(sec)</span> <span class='ocrx_word' id='word_1_266' title='bbox 549 3441 575 3493; x_wconf 92' lang='lat'><strong><em>9</em></strong></span> <span class='ocrx_word' id='word_1_267' title='bbox 594 3424 753 3481; x_wconf 80' lang='lat' dir='ltr'>circulatim</span> <span class='ocrx_word' id='word_1_268' title='bbox 772 3427 802 3480; x_wconf 91' lang='grc'><em>91</em></span> <span class='ocrx_word' id='word_1_269' title='bbox 819 3423 983 3480; x_wconf 82' lang='lat' dir='ltr'>densissime</span> <span class='ocrx_word' id='word_1_270' title='bbox 1003 3440 1030 3490; x_wconf 89' lang='lat' dir='ltr'><em>c,</em></span> <span class='ocrx_word' id='word_1_271' title='bbox 1050 3423 1139 3480; x_wconf 86' lang='lat' dir='ltr'>circu·</span> 
     </span>
    </p>

    <p class='ocr_par' dir='ltr' id='par_1_8' title="bbox 240 3497 351 3566">
     <span class='ocr_line' id='line_1_38' title="bbox 240 3497 351 3566; baseline -0.01 -14.917"><span class='ocrx_word' id='word_1_272' title='bbox 240 3497 351 3566; x_wconf 82' lang='lat' dir='ltr'>&#39;esrep</span> 
     </span>
    </p>
   </div>
   <div class='ocr_carea' id='block_1_8' title="bbox 0 0 1212 3924">
    <p class='ocr_par' dir='ltr' id='par_1_9' title="bbox 0 0 1212 3924">
     <span class='ocr_line' id='line_1_39' title="bbox 0 0 1212 3924; baseline 0 4"><span class='ocrx_word' id='word_1_273' title='bbox 0 0 1212 3924; x_wconf 95' lang='lat' dir='ltr'><em> </em></span> 
     </span>
    </p>
   </div>
  </div>
 </body>
</html>
