<?xml version="1.0" encoding="UTF-8"?>
<!DOCTYPE html PUBLIC "-//W3C//DTD XHTML 1.0 Transitional//EN"
    "http://www.w3.org/TR/xhtml1/DTD/xhtml1-transitional.dtd">
<html xmlns="http://www.w3.org/1999/xhtml" xml:lang="en" lang="en">
 <head>
  <title>
</title>
<meta http-equiv="Content-Type" content="text/html;charset=utf-8" />
  <meta name='ocr-system' content='tesseract 3.04.00' />
  <meta name='ocr-capabilities' content='ocr_page ocr_carea ocr_par ocr_line ocrx_word'/>
</head>
<body>
  <div class='ocr_page' id='page_1' title='image "./cassiifelicisde00rosegoog_0587.png"; bbox 0 0 2414 3924; ppageno 0'>
   <div class='ocr_carea' id='block_1_1' title="bbox 129 237 825 299">
    <p class='ocr_par' dir='ltr' id='par_1_1' title="bbox 129 237 825 299">
     <span class='ocr_line' id='line_1_1' title="bbox 129 237 825 299; baseline -0.006 -1"><span class='ocrx_word' id='word_1_1' title='bbox 129 237 191 299; x_wconf 79' lang='grc'><strong>264</strong></span> <span class='ocrx_word' id='word_1_2' title='bbox 253 285 256 292; x_wconf 96' lang='grc'><em>.</em></span> <span class='ocrx_word' id='word_1_3' title='bbox 422 248 454 294; x_wconf 78' lang='lat' dir='ltr'><strong>a.</strong></span> <span class='ocrx_word' id='word_1_4' title='bbox 470 246 500 294; x_wconf 88' lang='lat' dir='ltr'><strong>c.</strong></span> <span class='ocrx_word' id='word_1_5' title='bbox 519 245 825 294; x_wconf 80' lang='lat' dir='ltr'><strong>cuus1uunrcruuu</strong></span> 
     </span>
    </p>
   </div>
   <div class='ocr_carea' id='block_1_2' title="bbox 128 400 1122 564">
    <p class='ocr_par' dir='ltr' id='par_1_2' title="bbox 128 400 1122 564">
     <span class='ocr_line' id='line_1_2' title="bbox 129 400 1122 480; baseline 0.001 -18"><span class='ocrx_word' id='word_1_6' title='bbox 129 403 197 463; x_wconf 89' lang='lat' dir='ltr'><strong>nibil</strong></span> <span class='ocrx_word' id='word_1_7' title='bbox 220 402 296 463; x_wconf 90' lang='lat' dir='ltr'><strong>aliud</strong></span> <span class='ocrx_word' id='word_1_8' title='bbox 319 410 380 476; x_wconf 90' lang='lat' dir='ltr'><strong>est,</strong></span> <span class='ocrx_word' id='word_1_9' title='bbox 414 400 486 480; x_wconf 87' lang='lat' dir='ltr'><strong>cinis</strong></span> <span class='ocrx_word' id='word_1_10' title='bbox 507 417 640 479; x_wconf 89' lang='lat' dir='ltr'><strong>quoque,</strong></span> <span class='ocrx_word' id='word_1_11' title='bbox 659 402 782 459; x_wconf 83' lang='lat' dir='ltr'><strong>maxime</strong></span> <span class='ocrx_word' id='word_1_12' title='bbox 805 419 841 460; x_wconf 83' lang='lat' dir='ltr'><strong>ex</strong></span> <span class='ocrx_word' id='word_1_13' title='bbox 861 403 1028 470; x_wconf 84' lang='lat' dir='ltr'><strong>sarmentis;</strong></span> <span class='ocrx_word' id='word_1_14' title='bbox 1049 403 1074 462; x_wconf 89' lang='lat' dir='ltr'><strong>si</strong></span> <span class='ocrx_word' id='word_1_15' title='bbox 1094 405 1122 463; x_wconf 86' lang='lat' dir='ltr'><strong>is</strong></span> 
     </span>
     <span class='ocr_line' id='line_1_3' title="bbox 128 484 1121 564; baseline -0.001 -18"><span class='ocrx_word' id='word_1_16' title='bbox 128 496 262 563; x_wconf 86' lang='lat' dir='ltr'><strong>nonest,</strong></span> <span class='ocrx_word' id='word_1_17' title='bbox 281 484 402 563; x_wconf 79' lang='lat' dir='ltr'><strong>quilibet</strong></span> <span class='ocrx_word' id='word_1_18' title='bbox 417 484 489 543; x_wconf 90' lang='lat' dir='ltr'><strong>alius</strong></span> <span class='ocrx_word' id='word_1_19' title='bbox 505 502 543 543; x_wconf 83' lang='lat' dir='ltr'><strong>ex</strong></span> <span class='ocrx_word' id='word_1_20' title='bbox 558 493 659 560; x_wconf 89' lang='lat' dir='ltr'><strong>aceto,</strong></span> <span class='ocrx_word' id='word_1_21' title='bbox 681 484 728 542; x_wconf 87' lang='lat' dir='ltr'><strong>vel</strong></span> <span class='ocrx_word' id='word_1_22' title='bbox 745 486 829 544; x_wconf 86' lang='lat' dir='ltr'><strong>etiarn</strong></span> <span class='ocrx_word' id='word_1_23' title='bbox 847 503 885 544; x_wconf 85' lang='lat' dir='ltr'><strong>ex</strong></span> <span class='ocrx_word' id='word_1_24' title='bbox 901 503 973 564; x_wconf 90' lang='lat' dir='ltr'><strong>aqua</strong></span> <span class='ocrx_word' id='word_1_25' title='bbox 990 494 1121 547; x_wconf 85' lang='lat' dir='ltr'><strong>coactus.</strong></span> 
     </span>
    </p>
   </div>
   <div class='ocr_carea' id='block_1_3' title="bbox 493 719 761 780">
    <p class='ocr_par' dir='ltr' id='par_1_3' title="bbox 493 719 761 780">
     <span class='ocr_line' id='line_1_4' title="bbox 493 719 761 780; baseline 0.004 -2"><span class='ocrx_word' id='word_1_26' title='bbox 493 719 676 778; x_wconf 81' lang='lat' dir='ltr'>CAPUT</span> <span class='ocrx_word' id='word_1_27' title='bbox 709 719 761 780; x_wconf 93' lang='lat' dir='ltr'><strong>II.</strong></span> 
     </span>
    </p>
   </div>
   <div class='ocr_carea' id='block_1_4' title="bbox 128 831 1120 898">
    <p class='ocr_par' dir='ltr' id='par_1_4' title="bbox 128 831 1120 898">
     <span class='ocr_line' id='line_1_5' title="bbox 128 831 1120 898; baseline -0.001 -11"><span class='ocrx_word' id='word_1_28' title='bbox 128 838 165 887; x_wconf 87' lang='lat' dir='ltr'><strong>De</strong></span> <span class='ocrx_word' id='word_1_29' title='bbox 176 836 229 896; x_wconf 91' lang='lat' dir='ltr'><strong>his,</strong></span> <span class='ocrx_word' id='word_1_30' title='bbox 245 849 309 898; x_wconf 88' lang='lat' dir='ltr'><strong>quae</strong></span> <span class='ocrx_word' id='word_1_31' title='bbox 320 849 366 898; x_wconf 91' lang='lat' dir='ltr'><strong>per</strong></span> <span class='ocrx_word' id='word_1_32' title='bbox 378 848 405 882; x_wconf 86' lang='lat' dir='ltr'><strong>se</strong></span> <span class='ocrx_word' id='word_1_33' title='bbox 419 834 596 893; x_wconf 85' lang='lat' dir='ltr'><strong>intumescunt,</strong></span> <span class='ocrx_word' id='word_1_34' title='bbox 611 832 735 895; x_wconf 91' lang='lat' dir='ltr'><strong>quomodo</strong></span> <span class='ocrx_word' id='word_1_35' title='bbox 748 831 889 891; x_wconf 90' lang='lat' dir='ltr'><strong>incidenda,</strong></span> <span class='ocrx_word' id='word_1_36' title='bbox 903 839 926 880; x_wconf 90' lang='lat' dir='ltr'><strong>et</strong></span> <span class='ocrx_word' id='word_1_37' title='bbox 939 834 1050 884; x_wconf 82' lang='lat' dir='ltr'><strong>curanda</strong></span> <span class='ocrx_word' id='word_1_38' title='bbox 1060 837 1120 886; x_wconf 84' lang='lat' dir='ltr'><strong>sint.</strong></span> 
     </span>
    </p>
   </div>
   <div class='ocr_carea' id='block_1_5' title="bbox 121 981 1190 3564">
    <p class='ocr_par' dir='ltr' id='par_1_5' title="bbox 121 981 1190 3564">
     <span class='ocr_line' id='line_1_6' title="bbox 191 981 1148 1063; baseline 0.001 -17"><span class='ocrx_word' id='word_1_39' title='bbox 191 989 298 1047; x_wconf 87' lang='lat' dir='ltr'><strong>Verum</strong></span> <span class='ocrx_word' id='word_1_40' title='bbox 313 984 370 1044; x_wconf 92' lang='lat' dir='ltr'><strong>boc</strong></span> <span class='ocrx_word' id='word_1_41' title='bbox 388 985 501 1063; x_wconf 90' lang='lat' dir='ltr'><strong>quidem</strong></span> <span class='ocrx_word' id='word_1_42' title='bbox 517 992 657 1061; x_wconf 89' lang='lat' dir='ltr'><strong>promtum</strong></span> <span class='ocrx_word' id='word_1_43' title='bbox 675 992 728 1042; x_wconf 89' lang='lat' dir='ltr'><strong>est.</strong></span> <span class='ocrx_word' id='word_1_44' title='bbox 765 981 797 1040; x_wconf 95' lang='lat' dir='ltr'><strong>ln</strong></span> <span class='ocrx_word' id='word_1_45' title='bbox 814 984 849 1042; x_wconf 93' lang='lat' dir='ltr'><strong>iis</strong></span> <span class='ocrx_word' id='word_1_46' title='bbox 866 992 960 1042; x_wconf 89' lang='lat' dir='ltr'><strong>autem</strong></span> <span class='ocrx_word' id='word_1_47' title='bbox 972 987 1148 1060; x_wconf 74' lang='lat' dir='ltr'><strong>negotium</strong></span> 
     </span>
     <span class='ocr_line' id='line_1_7' title="bbox 128 1067 1124 1147; baseline 0 -17"><span class='ocrx_word' id='word_1_48' title='bbox 128 1073 219 1147; x_wconf 68' lang='lat' dir='ltr'><strong>magus</strong></span> <span class='ocrx_word' id='word_1_49' title='bbox 234 1078 295 1144; x_wconf 90' lang='lat' dir='ltr'><strong>est,</strong></span> <span class='ocrx_word' id='word_1_50' title='bbox 314 1086 387 1146; x_wconf 89' lang='lat' dir='ltr'><strong>quae</strong></span> <span class='ocrx_word' id='word_1_51' title='bbox 402 1086 455 1145; x_wconf 98' lang='lat' dir='ltr'><strong>per</strong></span> <span class='ocrx_word' id='word_1_52' title='bbox 469 1085 520 1144; x_wconf 94' lang='lat' dir='ltr'><strong>se,</strong></span> <span class='ocrx_word' id='word_1_53' title='bbox 537 1068 607 1126; x_wconf 90' lang='lat' dir='ltr'><strong>vitio</strong></span> <span class='ocrx_word' id='word_1_54' title='bbox 622 1068 696 1125; x_wconf 92' lang='lat' dir='ltr'><strong>intus</strong></span> <span class='ocrx_word' id='word_1_55' title='bbox 712 1074 791 1142; x_wconf 89' lang='lat' dir='ltr'><strong>orto,</strong></span> <span class='ocrx_word' id='word_1_56' title='bbox 812 1067 1018 1143; x_wconf 87' lang='lat' dir='ltr'><strong>intumescunt,</strong></span> <span class='ocrx_word' id='word_1_57' title='bbox 1041 1078 1069 1127; x_wconf 89' lang='lat' dir='ltr'><strong>et</strong></span> <span class='ocrx_word' id='word_1_58' title='bbox 1085 1069 1124 1130; x_wconf 90' lang='lat' dir='ltr'><strong>ad</strong></span> 
     </span>
     <span class='ocr_line' id='line_1_8' title="bbox 128 1149 1122 1232; baseline -0.003 -17"><span class='ocrx_word' id='word_1_59' title='bbox 128 1154 361 1232; x_wconf 89' lang='lat' dir='ltr'><strong>suppurationem</strong></span> <span class='ocrx_word' id='word_1_60' title='bbox 378 1159 519 1229; x_wconf 89' lang='lat' dir='ltr'><strong>spectant.</strong></span> <span class='ocrx_word' id='word_1_61' title='bbox 556 1151 599 1210; x_wconf 86' lang='lat' dir='ltr'><strong>Ea</strong></span> <span class='ocrx_word' id='word_1_62' title='bbox 615 1152 708 1210; x_wconf 89' lang='lat' dir='ltr'><strong>omnia</strong></span> <span class='ocrx_word' id='word_1_63' title='bbox 724 1167 833 1226; x_wconf 90' lang='lat' dir='ltr'><strong>genera</strong></span> <span class='ocrx_word' id='word_1_64' title='bbox 848 1149 1035 1210; x_wconf 81' lang='lat' dir='ltr'><strong>abscessuum</strong></span> <span class='ocrx_word' id='word_1_65' title='bbox 1052 1170 1122 1212; x_wconf 91' lang='lat' dir='ltr'><strong>csse</strong></span> 
     </span>
     <span class='ocr_line' id='line_1_9' title="bbox 128 1233 1123 1315; baseline -0.002 -17"><span class='ocrx_word' id='word_1_66' title='bbox 128 1239 200 1298; x_wconf 90' lang='lat' dir='ltr'><strong>alias</strong></span> <span class='ocrx_word' id='word_1_67' title='bbox 219 1237 372 1315; x_wconf 92' lang='lat' dir='ltr'><strong>proposui,</strong></span> <span class='ocrx_word' id='word_1_68' title='bbox 397 1234 662 1312; x_wconf 79' lang='lat' dir='ltr'><strong>medicamentaque</strong></span> <span class='ocrx_word' id='word_1_69' title='bbox 685 1233 728 1293; x_wconf 92' lang='lat' dir='ltr'><strong>bis</strong></span> <span class='ocrx_word' id='word_1_70' title='bbox 745 1233 848 1293; x_wconf 90' lang='lat' dir='ltr'><strong>idonea</strong></span> <span class='ocrx_word' id='word_1_71' title='bbox 866 1243 1041 1311; x_wconf 79' lang='lat' dir='ltr'><strong>exsequutus</strong></span> <span class='ocrx_word' id='word_1_72' title='bbox 1058 1254 1123 1296; x_wconf 85' lang='lat' dir='ltr'><strong>sum</strong></span> 
     </span>
     <span class='ocr_line' id='line_1_10' title="bbox 130 1316 1122 1398; baseline -0.001 -18"><span class='ocrx_word' id='word_1_73' title='bbox 130 1321 184 1398; x_wconf 87' lang='lat' dir='ltr'><strong>(ci.</strong></span> <span class='ocrx_word' id='word_1_74' title='bbox 199 1322 242 1395; x_wconf 85' lang='lat' dir='ltr'><strong>V,</strong></span> <span class='ocrx_word' id='word_1_75' title='bbox 257 1316 329 1395; x_wconf 84' lang='lat'>28):</span> <span class='ocrx_word' id='word_1_76' title='bbox 347 1337 422 1377; x_wconf 92' lang='lat' dir='ltr'><strong>nunc</strong></span> <span class='ocrx_word' id='word_1_77' title='bbox 440 1327 590 1394; x_wconf 83' lang='lat' dir='ltr'><strong>superest,</strong></span> <span class='ocrx_word' id='word_1_78' title='bbox 612 1326 641 1376; x_wconf 93' lang='lat' dir='ltr'><strong>ut</strong></span> <span class='ocrx_word' id='word_1_79' title='bbox 656 1317 760 1394; x_wconf 92' lang='lat' dir='ltr'><strong>dicam,</strong></span> <span class='ocrx_word' id='word_1_80' title='bbox 780 1318 809 1375; x_wconf 92' lang='lat' dir='ltr'><strong>iu</strong></span> <span class='ocrx_word' id='word_1_81' title='bbox 826 1318 926 1377; x_wconf 90' lang='lat' dir='ltr'><strong>iisdem</strong></span> <span class='ocrx_word' id='word_1_82' title='bbox 942 1335 1016 1394; x_wconf 90' lang='lat' dir='ltr'><strong>quae</strong></span> <span class='ocrx_word' id='word_1_83' title='bbox 1036 1337 1122 1379; x_wconf 90' lang='lat' dir='ltr'><strong>manu</strong></span> 
     </span>
     <span class='ocr_line' id='line_1_11' title="bbox 128 1402 1158 1480; baseline -0.008 -16"><span class='ocrx_word' id='word_1_84' title='bbox 128 1407 191 1464; x_wconf 87' lang='lat' dir='ltr'><strong>lieri</strong></span> <span class='ocrx_word' id='word_1_85' title='bbox 209 1402 341 1462; x_wconf 89' lang='lat' dir='ltr'><strong>debeant.</strong></span> <span class='ocrx_word' id='word_1_86' title='bbox 360 1402 455 1478; x_wconf 88' lang='lat' dir='ltr'><strong>Ergo,</strong></span> <span class='ocrx_word' id='word_1_87' title='bbox 471 1403 636 1479; x_wconf 80' lang='lat' dir='ltr'><strong>priusquam</strong></span> <span class='ocrx_word' id='word_1_88' title='bbox 648 1402 847 1478; x_wconf 90' lang='lat' dir='ltr'><strong>indurescant,</strong></span> <span class='ocrx_word' id='word_1_89' title='bbox 871 1410 964 1460; x_wconf 91' lang='lat' dir='ltr'><strong>cutem</strong></span> <span class='ocrx_word' id='word_1_90' title='bbox 978 1402 1121 1480; x_wconf 89' lang='lat' dir='ltr'><strong>incidere,</strong></span> <span class='ocrx_word' id='word_1_91' title='bbox 1134 1415 1158 1456; x_wconf 83' lang='lat'><strong>10</strong></span> 
     </span>
     <span class='ocr_line' id='line_1_12' title="bbox 129 1484 1123 1563; baseline -0.003 -15"><span class='ocrx_word' id='word_1_92' title='bbox 129 1496 158 1548; x_wconf 95' lang='lat' dir='ltr'><strong>et</strong></span> <span class='ocrx_word' id='word_1_93' title='bbox 173 1484 378 1547; x_wconf 77' lang='lat' dir='ltr'><strong>cucurbitulam</strong></span> <span class='ocrx_word' id='word_1_94' title='bbox 400 1485 620 1545; x_wconf 87' lang='lat' dir='ltr'><strong>accommodare</strong></span> <span class='ocrx_word' id='word_1_95' title='bbox 640 1493 772 1563; x_wconf 90' lang='lat' dir='ltr'><strong>oportet,</strong></span> <span class='ocrx_word' id='word_1_96' title='bbox 794 1502 868 1563; x_wconf 92' lang='lat' dir='ltr'><strong>quae</strong></span> <span class='ocrx_word' id='word_1_97' title='bbox 896 1484 1031 1563; x_wconf 89' lang='lat' dir='ltr'><strong>quidquid</strong></span> <span class='ocrx_word' id='word_1_98' title='bbox 1051 1485 1123 1545; x_wconf 94' lang='lat' dir='ltr'><strong>illuc</strong></span> 
     </span>
     <span class='ocr_line' id='line_1_13' title="bbox 128 1567 1143 1647; baseline -0.002 -16"><span class='ocrx_word' id='word_1_99' title='bbox 128 1571 221 1631; x_wconf 86' lang='lat' dir='ltr'><strong>malae</strong></span> <span class='ocrx_word' id='word_1_100' title='bbox 246 1578 456 1647; x_wconf 87' lang='lat' dir='ltr'><strong>corruptaeque</strong></span> <span class='ocrx_word' id='word_1_101' title='bbox 476 1571 612 1628; x_wconf 89' lang='lat' dir='ltr'><strong>materiae</strong></span> <span class='ocrx_word' id='word_1_102' title='bbox 636 1569 717 1644; x_wconf 91' lang='lat' dir='ltr'><strong>coiit,</strong></span> <span class='ocrx_word' id='word_1_103' title='bbox 740 1567 884 1627; x_wconf 79' lang='lat' dir='ltr'><strong>extrahat:</strong></span> <span class='ocrx_word' id='word_1_104' title='bbox 905 1567 993 1645; x_wconf 88' lang='lat' dir='ltr'><strong>idque</strong></span> <span class='ocrx_word' id='word_1_105' title='bbox 1007 1570 1143 1646; x_wconf 88' lang='lat' dir='ltr'><strong>iterum‚&#39;</strong></span> 
     </span>
     <span class='ocr_line' id='line_1_14' title="bbox 128 1651 1123 1733; baseline -0.002 -19"><span class='ocrx_word' id='word_1_106' title='bbox 128 1655 271 1733; x_wconf 87' lang='lat' dir='ltr'><strong>tertioque</strong></span> <span class='ocrx_word' id='word_1_107' title='bbox 291 1661 372 1712; x_wconf 89' lang='lat' dir='ltr'><strong>recte</strong></span> <span class='ocrx_word' id='word_1_108' title='bbox 393 1653 439 1728; x_wconf 85' lang='lat' dir='ltr'><strong>fit,</strong></span> <span class='ocrx_word' id='word_1_109' title='bbox 461 1651 556 1712; x_wconf 89' lang='lat' dir='ltr'><strong>donec</strong></span> <span class='ocrx_word' id='word_1_110' title='bbox 574 1669 657 1712; x_wconf 89' lang='lat' dir='ltr'><strong>omne</strong></span> <span class='ocrx_word' id='word_1_111' title='bbox 679 1652 812 1711; x_wconf 91' lang='lat' dir='ltr'><strong>indicium</strong></span> <span class='ocrx_word' id='word_1_112' title='bbox 828 1652 1055 1712; x_wconf 81' lang='lat' dir='ltr'><strong>inflammationis</strong></span> <span class='ocrx_word' id='word_1_113' title='bbox 1070 1671 1123 1712; x_wconf 82' lang='lat' dir='ltr'><strong>ex-</strong></span> 
     </span>
     <span class='ocr_line' id='line_1_15' title="bbox 129 1735 1121 1813; baseline -0.003 -15"><span class='ocrx_word' id='word_1_114' title='bbox 129 1737 222 1798; x_wconf 85' lang='lat' dir='ltr'><strong>cedat.</strong></span> <span class='ocrx_word' id='word_1_115' title='bbox 253 1735 355 1813; x_wconf 89' lang='lat' dir='ltr'><strong>Neque</strong></span> <span class='ocrx_word' id='word_1_116' title='bbox 372 1745 466 1796; x_wconf 89' lang='lat' dir='ltr'><strong>tamen</strong></span> <span class='ocrx_word' id='word_1_117' title='bbox 480 1736 525 1796; x_wconf 86' lang='lat' dir='ltr'><strong>las</strong></span> <span class='ocrx_word' id='word_1_118' title='bbox 545 1753 601 1795; x_wconf 92' lang='lat' dir='ltr'><strong>uon</strong></span> <span class='ocrx_word' id='word_1_119' title='bbox 622 1745 682 1810; x_wconf 92' lang='lat' dir='ltr'><strong>est,</strong></span> <span class='ocrx_word' id='word_1_120' title='bbox 703 1735 771 1794; x_wconf 92' lang='lat' dir='ltr'><strong>nibil</strong></span> <span class='ocrx_word' id='word_1_121' title='bbox 796 1735 1002 1794; x_wconf 88' lang='lat' dir='ltr'><strong>cucurbitulam</strong></span> <span class='ocrx_word' id='word_1_122' title='bbox 1019 1754 1121 1812; x_wconf 81' lang='lat' dir='ltr'><strong>agere.</strong></span> 
     </span>
     <span class='ocr_line' id='line_1_16' title="bbox 127 1817 1157 1896; baseline 0.001 -16"><span class='ocrx_word' id='word_1_123' title='bbox 127 1821 271 1881; x_wconf 85' lang='lat' dir='ltr'><strong>Interdum</strong></span> <span class='ocrx_word' id='word_1_124' title='bbox 288 1821 362 1879; x_wconf 89' lang='lat' dir='ltr'><strong>enim</strong></span> <span class='ocrx_word' id='word_1_125' title='bbox 373 1820 420 1894; x_wconf 84' lang='lat' dir='ltr'><strong>fit,</strong></span> <span class='ocrx_word' id='word_1_126' title='bbox 435 1820 488 1879; x_wconf 90' lang='lat' dir='ltr'><strong>sed</strong></span> <span class='ocrx_word' id='word_1_127' title='bbox 504 1837 587 1895; x_wconf 91' lang='lat' dir='ltr'><strong>raro,</strong></span> <span class='ocrx_word' id='word_1_128' title='bbox 603 1828 632 1878; x_wconf 94' lang='lat' dir='ltr'><strong>ut</strong></span> <span class='ocrx_word' id='word_1_129' title='bbox 648 1817 783 1896; x_wconf 92' lang='lat' dir='ltr'><strong>quidquid</strong></span> <span class='ocrx_word' id='word_1_130' title='bbox 796 1818 942 1892; x_wconf 91' lang='lat' dir='ltr'><strong>abscedit,</strong></span> <span class='ocrx_word' id='word_1_131' title='bbox 955 1819 1122 1881; x_wconf 87' lang='lat' dir='ltr'><strong>velamento</strong></span> <span class='ocrx_word' id='word_1_132' title='bbox 1135 1833 1157 1872; x_wconf 77' lang='grc' dir='ltr'><strong>ιι</strong></span> 
     </span>
     <span class='ocr_line' id='line_1_17' title="bbox 128 1900 1124 1982; baseline -0.001 -18"><span class='ocrx_word' id='word_1_133' title='bbox 128 1922 181 1964; x_wconf 93' lang='lat' dir='ltr'><strong>suo</strong></span> <span class='ocrx_word' id='word_1_134' title='bbox 197 1903 366 1963; x_wconf 89' lang='lat' dir='ltr'><strong>includatur.</strong></span> <span class='ocrx_word' id='word_1_135' title='bbox 398 1901 431 1962; x_wconf 96' lang='lat' dir='ltr'><strong>ld</strong></span> <span class='ocrx_word' id='word_1_136' title='bbox 446 1905 551 1982; x_wconf 86' lang='lat' dir='ltr'><strong>antiqui</strong></span> <span class='ocrx_word' id='word_1_137' title='bbox 569 1904 689 1962; x_wconf 90' lang='lat' dir='ltr'><strong>tunicam</strong></span> <span class='ocrx_word' id='word_1_138' title='bbox 703 1900 896 1962; x_wconf 88' lang='lat' dir='ltr'><strong>nominabant.</strong></span> <span class='ocrx_word' id='word_1_139' title='bbox 927 1901 1040 1978; x_wconf 80' lang='lat' dir='ltr'><strong>Meges,</strong></span> <span class='ocrx_word' id='word_1_140' title='bbox 1055 1906 1124 1981; x_wconf 91' lang='lat' dir='ltr'><strong>quia</strong></span> 
     </span>
     <span class='ocr_line' id='line_1_18' title="bbox 128 1986 1190 2062; baseline 0 -16"><span class='ocrx_word' id='word_1_141' title='bbox 128 1990 222 2047; x_wconf 89' lang='lat' dir='ltr'><strong>tunica</strong></span> <span class='ocrx_word' id='word_1_142' title='bbox 234 1988 326 2047; x_wconf 89' lang='lat' dir='ltr'><strong>omnis</strong></span> <span class='ocrx_word' id='word_1_143' title='bbox 337 2003 462 2046; x_wconf 88' lang='lat' dir='ltr'><strong>nervosa</strong></span> <span class='ocrx_word' id='word_1_144' title='bbox 475 1996 536 2062; x_wconf 87' lang='lat' dir='ltr'><strong>est,</strong></span> <span class='ocrx_word' id='word_1_145' title='bbox 550 1987 619 2045; x_wconf 85' lang='lat' dir='ltr'><strong>dixit</strong></span> <span class='ocrx_word' id='word_1_146' title='bbox 630 2003 688 2045; x_wconf 92' lang='lat' dir='ltr'><strong>uon</strong></span> <span class='ocrx_word' id='word_1_147' title='bbox 699 1986 779 2045; x_wconf 90' lang='lat' dir='ltr'><strong>nasci</strong></span> <span class='ocrx_word' id='word_1_148' title='bbox 789 1986 841 2044; x_wconf 87' lang='lat' dir='ltr'><strong>sub</strong></span> <span class='ocrx_word' id='word_1_149' title='bbox 858 2002 892 2044; x_wconf 90' lang='lat' dir='ltr'><strong>eo</strong></span> <span class='ocrx_word' id='word_1_150' title='bbox 906 1987 977 2044; x_wconf 87' lang='lat' dir='ltr'><strong>vitio</strong></span> <span class='ocrx_word' id='word_1_151' title='bbox 990 2004 1122 2062; x_wconf 90' lang='lat' dir='ltr'><strong>nervum,</strong></span> <span class='ocrx_word' id='word_1_152' title='bbox 1184 1988 1190 1995; x_wconf 82' lang='lat'><strong><em>&#39;</em></strong></span> 
     </span>
     <span class='ocr_line' id='line_1_19' title="bbox 129 2069 1122 2149; baseline -0.001 -19"><span class='ocrx_word' id='word_1_153' title='bbox 129 2089 186 2149; x_wconf 91' lang='lat' dir='ltr'><strong>quo</strong></span> <span class='ocrx_word' id='word_1_154' title='bbox 205 2089 274 2131; x_wconf 92' lang='lat' dir='ltr'><strong>caro</strong></span> <span class='ocrx_word' id='word_1_155' title='bbox 291 2080 526 2144; x_wconf 89' lang='lat' dir='ltr'><strong>consumeretur,</strong></span> <span class='ocrx_word' id='word_1_156' title='bbox 549 2070 617 2145; x_wconf 91' lang='lat' dir='ltr'><strong>sed,</strong></span> <span class='ocrx_word' id='word_1_157' title='bbox 640 2069 772 2144; x_wconf 88' lang='lat' dir='ltr'><strong>subjecto</strong></span> <span class='ocrx_word' id='word_1_158' title='bbox 787 2071 846 2144; x_wconf 77' lang='lat' dir='ltr'><strong>iam</strong></span> <span class='ocrx_word' id='word_1_159' title='bbox 863 2070 1020 2128; x_wconf 88' lang='lat' dir='ltr'><strong>vetustiore</strong></span> <span class='ocrx_word' id='word_1_160' title='bbox 1034 2086 1122 2147; x_wconf 92' lang='lat' dir='ltr'><strong>pure,</strong></span> 
     </span>
     <span class='ocr_line' id='line_1_20' title="bbox 130 2152 1123 2227; baseline -0.001 -13"><span class='ocrx_word' id='word_1_161' title='bbox 130 2155 232 2214; x_wconf 91' lang='lat' dir='ltr'><strong>callum</strong></span> <span class='ocrx_word' id='word_1_162' title='bbox 256 2154 433 2214; x_wconf 90' lang='lat' dir='ltr'><strong>circumdari.</strong></span> <span class='ocrx_word' id='word_1_163' title='bbox 470 2154 552 2227; x_wconf 80' lang='lat' dir='ltr'><strong>Quod</strong></span> <span class='ocrx_word' id='word_1_164' title='bbox 573 2153 608 2213; x_wconf 94' lang='lat' dir='ltr'><strong>ad</strong></span> <span class='ocrx_word' id='word_1_165' title='bbox 631 2153 784 2212; x_wconf 90' lang='lat' dir='ltr'><strong>curationis</strong></span> <span class='ocrx_word' id='word_1_166' title='bbox 800 2155 939 2212; x_wconf 90' lang='lat' dir='ltr'><strong>rationem</strong></span> <span class='ocrx_word' id='word_1_167' title='bbox 958 2152 1036 2212; x_wconf 90' lang='lat' dir='ltr'><strong>nullo</strong></span> <span class='ocrx_word' id='word_1_168' title='bbox 1053 2153 1123 2213; x_wconf 92' lang='lat' dir='ltr'><strong>loco</strong></span> 
     </span>
     <span class='ocr_line' id='line_1_21' title="bbox 128 2235 1158 2316; baseline -0.002 -20"><span class='ocrx_word' id='word_1_169' title='bbox 128 2239 266 2315; x_wconf 90' lang='lat' dir='ltr'><strong>pertinet;</strong></span> <span class='ocrx_word' id='word_1_170' title='bbox 290 2239 355 2316; x_wconf 91' lang='lat' dir='ltr'><strong>quia</strong></span> <span class='ocrx_word' id='word_1_171' title='bbox 378 2235 530 2314; x_wconf 91' lang='lat' dir='ltr'><strong>quidquid,</strong></span> <span class='ocrx_word' id='word_1_172' title='bbox 552 2238 576 2294; x_wconf 94' lang='lat' dir='ltr'><strong>si</strong></span> <span class='ocrx_word' id='word_1_173' title='bbox 596 2238 689 2296; x_wconf 91' lang='lat' dir='ltr'><strong>tunica</strong></span> <span class='ocrx_word' id='word_1_174' title='bbox 712 2245 772 2312; x_wconf 89' lang='lat' dir='ltr'><strong>est,</strong></span> <span class='ocrx_word' id='word_1_175' title='bbox 793 2237 884 2311; x_wconf 89' lang='lat' dir='ltr'><strong>idem,</strong></span> <span class='ocrx_word' id='word_1_176' title='bbox 905 2239 929 2295; x_wconf 87' lang='lat' dir='ltr'><strong>si</strong></span> <span class='ocrx_word' id='word_1_177' title='bbox 953 2235 1045 2296; x_wconf 89' lang='lat' dir='ltr'><strong>callus</strong></span> <span class='ocrx_word' id='word_1_178' title='bbox 1067 2245 1158 2310; x_wconf 76' lang='grc' dir='ltr'><strong>εει,ιο</strong></span> 
     </span>
     <span class='ocr_line' id='line_1_22' title="bbox 128 2318 1123 2397; baseline 0 -18"><span class='ocrx_word' id='word_1_179' title='bbox 128 2321 190 2379; x_wconf 85' lang='lat' dir='ltr'><strong>fieri</strong></span> <span class='ocrx_word' id='word_1_180' title='bbox 215 2318 311 2378; x_wconf 89' lang='lat' dir='ltr'><strong>debet.</strong></span> <span class='ocrx_word' id='word_1_181' title='bbox 354 2319 455 2397; x_wconf 89' lang='lat' dir='ltr'><strong>Neque</strong></span> <span class='ocrx_word' id='word_1_182' title='bbox 482 2319 538 2377; x_wconf 92' lang='lat' dir='ltr'><strong>ulla</strong></span> <span class='ocrx_word' id='word_1_183' title='bbox 562 2337 610 2377; x_wconf 89' lang='lat' dir='ltr'><strong>res</strong></span> <span class='ocrx_word' id='word_1_184' title='bbox 633 2319 782 2396; x_wconf 90' lang='lat' dir='ltr'><strong>probibet,</strong></span> <span class='ocrx_word' id='word_1_185' title='bbox 811 2321 920 2379; x_wconf 89' lang='lat' dir='ltr'><strong>etiamsi</strong></span> <span class='ocrx_word' id='word_1_186' title='bbox 951 2320 1043 2379; x_wconf 91' lang='lat' dir='ltr'><strong>callus</strong></span> <span class='ocrx_word' id='word_1_187' title='bbox 1065 2328 1123 2396; x_wconf 90' lang='lat' dir='ltr'><strong>est,</strong></span> 
     </span>
     <span class='ocr_line' id='line_1_23' title="bbox 128 2402 1123 2481; baseline 0 -19"><span class='ocrx_word' id='word_1_188' title='bbox 128 2412 238 2474; x_wconf 86' lang='lat' dir='ltr'><strong>tamen,</strong></span> <span class='ocrx_word' id='word_1_189' title='bbox 263 2403 328 2480; x_wconf 90' lang='lat' dir='ltr'><strong>quia</strong></span> <span class='ocrx_word' id='word_1_190' title='bbox 350 2403 454 2477; x_wconf 87' lang='lat' dir='ltr'><strong>cingit,</strong></span> <span class='ocrx_word' id='word_1_191' title='bbox 476 2402 598 2460; x_wconf 90' lang='lat' dir='ltr'><strong>tunicam</strong></span> <span class='ocrx_word' id='word_1_192' title='bbox 619 2404 766 2462; x_wconf 88' lang='lat' dir='ltr'><strong>nominari.</strong></span> <span class='ocrx_word' id='word_1_193' title='bbox 807 2403 876 2462; x_wconf 88' lang='lat' dir='ltr'><strong>Tum</strong></span> <span class='ocrx_word' id='word_1_194' title='bbox 902 2421 974 2480; x_wconf 90' lang='lat' dir='ltr'><strong>pure</strong></span> <span class='ocrx_word' id='word_1_195' title='bbox 1004 2421 1123 2481; x_wconf 92' lang='lat' dir='ltr'><strong>quoque</strong></span> 
     </span>
     <span class='ocr_line' id='line_1_24' title="bbox 127 2485 1123 2564; baseline 0 -20"><span class='ocrx_word' id='word_1_196' title='bbox 127 2486 265 2544; x_wconf 89' lang='lat' dir='ltr'><strong>maturior</strong></span> <span class='ocrx_word' id='word_1_197' title='bbox 285 2485 359 2543; x_wconf 90' lang='lat' dir='ltr'><strong>baec</strong></span> <span class='ocrx_word' id='word_1_198' title='bbox 380 2485 520 2544; x_wconf 89' lang='lat' dir='ltr'><strong>interdum</strong></span> <span class='ocrx_word' id='word_1_199' title='bbox 541 2503 607 2544; x_wconf 89' lang='lat' dir='ltr'><strong>esse</strong></span> <span class='ocrx_word' id='word_1_200' title='bbox 626 2488 789 2545; x_wconf 89' lang='lat' dir='ltr'><strong>cousuevit:</strong></span> <span class='ocrx_word' id='word_1_201' title='bbox 813 2487 955 2564; x_wconf 88' lang='lat' dir='ltr'><strong>ideoque,</strong></span> <span class='ocrx_word' id='word_1_202' title='bbox 975 2486 1052 2563; x_wconf 89' lang='lat' dir='ltr'><strong>quod</strong></span> <span class='ocrx_word' id='word_1_203' title='bbox 1068 2486 1123 2545; x_wconf 95' lang='lat' dir='ltr'><strong>sub</strong></span> 
     </span>
     <span class='ocr_line' id='line_1_25' title="bbox 128 2567 1123 2647; baseline 0 -20"><span class='ocrx_word' id='word_1_204' title='bbox 128 2586 162 2627; x_wconf 90' lang='lat' dir='ltr'><strong>ea</strong></span> <span class='ocrx_word' id='word_1_205' title='bbox 186 2575 246 2640; x_wconf 90' lang='lat' dir='ltr'><strong>est,</strong></span> <span class='ocrx_word' id='word_1_206' title='bbox 269 2567 379 2626; x_wconf 80' lang='lat' dir='ltr'><strong>extrahi</strong></span> <span class='ocrx_word' id='word_1_207' title='bbox 398 2586 451 2647; x_wconf 92' lang='lat' dir='ltr'><strong>per</strong></span> <span class='ocrx_word' id='word_1_208' title='bbox 474 2569 678 2629; x_wconf 89' lang='lat' dir='ltr'><strong>cucurbitulam</strong></span> <span class='ocrx_word' id='word_1_209' title='bbox 700 2586 757 2628; x_wconf 92' lang='lat' dir='ltr'><strong>non</strong></span> <span class='ocrx_word' id='word_1_210' title='bbox 780 2578 886 2646; x_wconf 92' lang='lat' dir='ltr'><strong>potest.</strong></span> <span class='ocrx_word' id='word_1_211' title='bbox 916 2569 975 2628; x_wconf 90' lang='lat' dir='ltr'><strong>Sed</strong></span> <span class='ocrx_word' id='word_1_212' title='bbox 990 2569 1078 2628; x_wconf 80' lang='lat' dir='ltr'><strong>facile</strong></span> <span class='ocrx_word' id='word_1_213' title='bbox 1094 2569 1123 2628; x_wconf 91' lang='lat' dir='ltr'><strong>id</strong></span> 
     </span>
     <span class='ocr_line' id='line_1_26' title="bbox 121 2649 1157 2729; baseline 0.005 -20"><span class='ocrx_word' id='word_1_214' title='bbox 121 2649 313 2726; x_wconf 82' lang='lat' dir='ltr'><strong>intelligitur,</strong></span> <span class='ocrx_word' id='word_1_215' title='bbox 331 2650 377 2709; x_wconf 94' lang='lat' dir='ltr'><strong>ubi</strong></span> <span class='ocrx_word' id='word_1_216' title='bbox 399 2651 466 2710; x_wconf 89' lang='lat' dir='ltr'><strong>nibil</strong></span> <span class='ocrx_word' id='word_1_217' title='bbox 483 2653 595 2713; x_wconf 89' lang='lat' dir='ltr'><strong>admota</strong></span> <span class='ocrx_word' id='word_1_218' title='bbox 611 2653 660 2713; x_wconf 91' lang='lat' dir='ltr'><strong>illa</strong></span> <span class='ocrx_word' id='word_1_219' title='bbox 676 2654 801 2711; x_wconf 90' lang='lat' dir='ltr'><strong>mutavit.</strong></span> <span class='ocrx_word' id='word_1_220' title='bbox 836 2651 934 2729; x_wconf 82' lang='lat' dir='ltr'><strong>Ergo,</strong></span> <span class='ocrx_word' id='word_1_221' title='bbox 956 2654 1018 2711; x_wconf 94' lang='lat' dir='ltr'><strong>sive</strong></span> <span class='ocrx_word' id='word_1_222' title='bbox 1033 2653 1061 2711; x_wconf 92' lang='lat' dir='ltr'><strong>id</strong></span> <span class='ocrx_word' id='word_1_223' title='bbox 1078 2653 1120 2715; x_wconf 88' lang='lat' dir='ltr'><strong>in·</strong></span> <span class='ocrx_word' id='word_1_224' title='bbox 1131 2664 1157 2702; x_wconf 75' lang='lat'><strong>2⁵</strong></span> 
     </span>
     <span class='ocr_line' id='line_1_27' title="bbox 128 2734 1134 2815; baseline 0.002 -22"><span class='ocrx_word' id='word_1_225' title='bbox 128 2734 212 2808; x_wconf 86' lang='lat' dir='ltr'><strong>cidit,</strong></span> <span class='ocrx_word' id='word_1_226' title='bbox 231 2735 292 2792; x_wconf 86' lang='lat' dir='ltr'><strong>sive</strong></span> <span class='ocrx_word' id='word_1_227' title='bbox 305 2735 364 2808; x_wconf 76' lang='lat' dir='ltr'><strong>iam</strong></span> <span class='ocrx_word' id='word_1_228' title='bbox 381 2735 500 2795; x_wconf 90' lang='lat' dir='ltr'><strong>durities</strong></span> <span class='ocrx_word' id='word_1_229' title='bbox 521 2745 581 2813; x_wconf 90' lang='lat' dir='ltr'><strong>est,</strong></span> <span class='ocrx_word' id='word_1_230' title='bbox 605 2738 633 2794; x_wconf 94' lang='lat' dir='ltr'><strong>in</strong></span> <span class='ocrx_word' id='word_1_231' title='bbox 648 2737 704 2795; x_wconf 90' lang='lat' dir='ltr'><strong>hac</strong></span> <span class='ocrx_word' id='word_1_232' title='bbox 720 2736 816 2795; x_wconf 84' lang='lat' dir='ltr'><strong>auxilii</strong></span> <span class='ocrx_word' id='word_1_233' title='bbox 840 2735 908 2794; x_wconf 88' lang='lat' dir='ltr'><strong>nihil</strong></span> <span class='ocrx_word' id='word_1_234' title='bbox 925 2745 984 2802; x_wconf 87' lang='lat' dir='ltr'><strong>est;</strong></span> <span class='ocrx_word' id='word_1_235' title='bbox 1017 2744 1060 2815; x_wconf 90' lang='lat' dir='ltr'><strong>et,</strong></span> <span class='ocrx_word' id='word_1_236' title='bbox 1093 2745 1134 2800; x_wconf 71' lang='lat' dir='ltr'><strong>ut,</strong></span> 
     </span>
     <span class='ocr_line' id='line_1_28' title="bbox 127 2817 1123 2897; baseline 0 -20"><span class='ocrx_word' id='word_1_237' title='bbox 127 2817 197 2878; x_wconf 87' lang='lat' dir='ltr'><strong>alias</strong></span> <span class='ocrx_word' id='word_1_238' title='bbox 220 2819 325 2897; x_wconf 87' lang='lat' dir='ltr'><strong>scripsi</strong></span> <span class='ocrx_word' id='word_1_239' title='bbox 351 2817 487 2895; x_wconf 85' lang='lat'><strong>(11,23;</strong></span> <span class='ocrx_word' id='word_1_240' title='bbox 510 2821 555 2896; x_wconf 94' lang='lat' dir='ltr'><strong>V,</strong></span> <span class='ocrx_word' id='word_1_241' title='bbox 577 2819 612 2894; x_wconf 81' lang='lat'><strong>3,</strong></span> <span class='ocrx_word' id='word_1_242' title='bbox 640 2821 695 2895; x_wconf 89' lang='lat'><strong>11,</strong></span> <span class='ocrx_word' id='word_1_243' title='bbox 719 2818 868 2896; x_wconf 64' lang='lat'><strong>12-16),</strong></span> <span class='ocrx_word' id='word_1_244' title='bbox 891 2819 941 2878; x_wconf 87' lang='lat' dir='ltr'><strong>vel</strong></span> <span class='ocrx_word' id='word_1_245' title='bbox 963 2817 1123 2877; x_wconf 87' lang='lat' dir='ltr'><strong>avertenda</strong></span> 
     </span>
     <span class='ocr_line' id='line_1_29' title="bbox 127 2901 1124 2980; baseline -0.002 -19"><span class='ocrx_word' id='word_1_246' title='bbox 127 2918 303 2961; x_wconf 91' lang='lat' dir='ltr'><strong>concurrens</strong></span> <span class='ocrx_word' id='word_1_247' title='bbox 330 2918 366 2960; x_wconf 90' lang='lat' dir='ltr'><strong>eo</strong></span> <span class='ocrx_word' id='word_1_248' title='bbox 388 2904 523 2977; x_wconf 89' lang='lat' dir='ltr'><strong>materia,</strong></span> <span class='ocrx_word' id='word_1_249' title='bbox 545 2903 592 2962; x_wconf 89' lang='lat' dir='ltr'><strong>vel</strong></span> <span class='ocrx_word' id='word_1_250' title='bbox 612 2903 785 2980; x_wconf 84' lang='lat' dir='ltr'><strong>digerenda,</strong></span> <span class='ocrx_word' id='word_1_251' title='bbox 806 2902 853 2960; x_wconf 89' lang='lat' dir='ltr'><strong>vel</strong></span> <span class='ocrx_word' id='word_1_252' title='bbox 875 2902 911 2960; x_wconf 97' lang='lat' dir='ltr'><strong>ad</strong></span> <span class='ocrx_word' id='word_1_253' title='bbox 932 2901 1124 2961; x_wconf 87' lang='lat' dir='ltr'><strong>maturitatem</strong></span> 
     </span>
     <span class='ocr_line' id='line_1_30' title="bbox 127 2983 1122 3064; baseline 0 -20"><span class='ocrx_word' id='word_1_254' title='bbox 127 2983 310 3064; x_wconf 89' lang='lat' dir='ltr'><strong>perducenda</strong></span> <span class='ocrx_word' id='word_1_255' title='bbox 332 2994 386 3044; x_wconf 91' lang='lat' dir='ltr'><strong>est.</strong></span> <span class='ocrx_word' id='word_1_256' title='bbox 423 2987 452 3044; x_wconf 87' lang='lat' dir='ltr'><strong>Si</strong></span> <span class='ocrx_word' id='word_1_257' title='bbox 474 2988 571 3064; x_wconf 89' lang='lat' dir='ltr'><strong>priora</strong></span> <span class='ocrx_word' id='word_1_258' title='bbox 588 2989 787 3064; x_wconf 88' lang='lat' dir='ltr'><strong>contigerunt,</strong></span> <span class='ocrx_word' id='word_1_259' title='bbox 811 2985 879 3043; x_wconf 88' lang='lat' dir='ltr'><strong>nihil</strong></span> <span class='ocrx_word' id='word_1_260' title='bbox 903 2994 1057 3063; x_wconf 89' lang='lat' dir='ltr'><strong>praeterea</strong></span> <span class='ocrx_word' id='word_1_261' title='bbox 1072 3003 1122 3044; x_wconf 92' lang='lat' dir='ltr'><strong>ne·</strong></span> 
     </span>
     <span class='ocr_line' id='line_1_31' title="bbox 126 3064 1156 3148; baseline -0.002 -19"><span class='ocrx_word' id='word_1_262' title='bbox 126 3069 284 3129; x_wconf 88' lang='lat' dir='ltr'><strong>cessarium</strong></span> <span class='ocrx_word' id='word_1_263' title='bbox 300 3077 355 3127; x_wconf 91' lang='lat' dir='ltr'><strong>est.</strong></span> <span class='ocrx_word' id='word_1_264' title='bbox 387 3070 417 3127; x_wconf 92' lang='lat' dir='ltr'><strong>Si</strong></span> <span class='ocrx_word' id='word_1_265' title='bbox 434 3087 487 3146; x_wconf 92' lang='lat' dir='ltr'><strong>pus</strong></span> <span class='ocrx_word' id='word_1_266' title='bbox 504 3072 652 3148; x_wconf 85' lang='lat' dir='ltr'><strong>maturuit,</strong></span> <span class='ocrx_word' id='word_1_267' title='bbox 669 3073 697 3129; x_wconf 92' lang='lat' dir='ltr'><strong>in</strong></span> <span class='ocrx_word' id='word_1_268' title='bbox 714 3070 768 3128; x_wconf 89' lang='lat' dir='ltr'><strong>alis</strong></span> <span class='ocrx_word' id='word_1_269' title='bbox 784 3069 898 3146; x_wconf 92' lang='lat' dir='ltr'><strong>quidem</strong></span> <span class='ocrx_word' id='word_1_270' title='bbox 913 3078 941 3128; x_wconf 93' lang='lat' dir='ltr'><strong>et</strong></span> <span class='ocrx_word' id='word_1_271' title='bbox 956 3064 1120 3145; x_wconf 82' lang='lat' dir='ltr'><strong>inguinibus</strong></span> <span class='ocrx_word' id='word_1_272' title='bbox 1131 3079 1156 3119; x_wconf 80' lang='lat'><strong>³0</strong></span> 
     </span>
     <span class='ocr_line' id='line_1_32' title="bbox 124 3151 1122 3232; baseline 0.001 -22"><span class='ocrx_word' id='word_1_273' title='bbox 124 3168 192 3210; x_wconf 92' lang='lat' dir='ltr'><strong>raro</strong></span> <span class='ocrx_word' id='word_1_274' title='bbox 208 3152 362 3210; x_wconf 86' lang='lat' dir='ltr'><strong>secandum</strong></span> <span class='ocrx_word' id='word_1_275' title='bbox 377 3161 434 3220; x_wconf 88' lang='lat' dir='ltr'><strong>est;</strong></span> <span class='ocrx_word' id='word_1_276' title='bbox 454 3155 520 3212; x_wconf 89' lang='lat' dir='ltr'><strong>item</strong></span> <span class='ocrx_word' id='word_1_277' title='bbox 533 3154 701 3232; x_wconf 90' lang='lat' dir='ltr'><strong>ubicumque</strong></span> <span class='ocrx_word' id='word_1_278' title='bbox 717 3153 872 3212; x_wconf 89' lang='lat' dir='ltr'><strong>mediocris</strong></span> <span class='ocrx_word' id='word_1_279' title='bbox 887 3151 1044 3210; x_wconf 89' lang='lat' dir='ltr'><strong>abscessus</strong></span> <span class='ocrx_word' id='word_1_280' title='bbox 1060 3161 1122 3216; x_wconf 89' lang='lat' dir='ltr'><strong>est;</strong></span> 
     </span>
     <span class='ocr_line' id='line_1_33' title="bbox 123 3234 1116 3312; baseline 0 -21"><span class='ocrx_word' id='word_1_281' title='bbox 123 3234 191 3294; x_wconf 90' lang='lat' dir='ltr'><strong>item</strong></span> <span class='ocrx_word' id='word_1_282' title='bbox 206 3237 319 3312; x_wconf 90' lang='lat' dir='ltr'><strong>quoties</strong></span> <span class='ocrx_word' id='word_1_283' title='bbox 334 3237 363 3293; x_wconf 94' lang='lat' dir='ltr'><strong>in</strong></span> <span class='ocrx_word' id='word_1_284' title='bbox 378 3254 484 3295; x_wconf 86' lang='lat' dir='ltr'><strong>summa</strong></span> <span class='ocrx_word' id='word_1_285' title='bbox 501 3246 581 3312; x_wconf 87' lang='lat' dir='ltr'><strong>cute,</strong></span> <span class='ocrx_word' id='word_1_286' title='bbox 598 3237 645 3296; x_wconf 89' lang='lat' dir='ltr'><strong>vel</strong></span> <span class='ocrx_word' id='word_1_287' title='bbox 661 3239 745 3297; x_wconf 90' lang='lat' dir='ltr'><strong>etiam</strong></span> <span class='ocrx_word' id='word_1_288' title='bbox 763 3254 850 3295; x_wconf 86' lang='lat' dir='ltr'><strong>carne</strong></span> <span class='ocrx_word' id='word_1_289' title='bbox 866 3236 964 3294; x_wconf 90' lang='lat' dir='ltr'><strong>vitium</strong></span> <span class='ocrx_word' id='word_1_290' title='bbox 980 3244 1038 3294; x_wconf 88' lang='lat' dir='ltr'><strong>est:</strong></span> <span class='ocrx_word' id='word_1_291' title='bbox 1060 3235 1116 3292; x_wconf 92' lang='lat' dir='ltr'><strong>nisi</strong></span> 
     </span>
     <span class='ocr_line' id='line_1_34' title="bbox 123 3316 1115 3396; baseline 0.001 -21"><span class='ocrx_word' id='word_1_292' title='bbox 123 3316 263 3378; x_wconf 83' lang='lat' dir='ltr'><strong>festinare</strong></span> <span class='ocrx_word' id='word_1_293' title='bbox 278 3317 408 3377; x_wconf 92' lang='lat' dir='ltr'><strong>cubantis</strong></span> <span class='ocrx_word' id='word_1_294' title='bbox 423 3318 603 3379; x_wconf 88' lang='lat' dir='ltr'><strong>imbecillitas</strong></span> <span class='ocrx_word' id='word_1_295' title='bbox 616 3321 709 3396; x_wconf 91' lang='lat' dir='ltr'><strong>cogit:</strong></span> <span class='ocrx_word' id='word_1_296' title='bbox 725 3322 852 3395; x_wconf 92' lang='lat' dir='ltr'><strong>satisque</strong></span> <span class='ocrx_word' id='word_1_297' title='bbox 867 3328 911 3378; x_wconf 87' lang='lat' dir='ltr'><strong>est</strong></span> <span class='ocrx_word' id='word_1_298' title='bbox 927 3317 1115 3395; x_wconf 88' lang='lat' dir='ltr'><strong>cataplasma-</strong></span> 
     </span>
     <span class='ocr_line' id='line_1_35' title="bbox 124 3400 1117 3480; baseline 0.001 -23"><span class='ocrx_word' id='word_1_299' title='bbox 124 3401 160 3460; x_wconf 91' lang='lat' dir='ltr'><strong>tis</strong></span> <span class='ocrx_word' id='word_1_300' title='bbox 176 3400 312 3477; x_wconf 87' lang='lat' dir='ltr'><strong>efficere,</strong></span> <span class='ocrx_word' id='word_1_301' title='bbox 327 3410 358 3460; x_wconf 91' lang='lat' dir='ltr'><strong>ut</strong></span> <span class='ocrx_word' id='word_1_302' title='bbox 373 3419 427 3479; x_wconf 92' lang='lat' dir='ltr'><strong>per</strong></span> <span class='ocrx_word' id='word_1_303' title='bbox 443 3420 475 3461; x_wconf 89' lang='lat' dir='ltr'><strong>se</strong></span> <span class='ocrx_word' id='word_1_304' title='bbox 488 3420 541 3479; x_wconf 94' lang='lat' dir='ltr'><strong>pus</strong></span> <span class='ocrx_word' id='word_1_305' title='bbox 556 3406 709 3480; x_wconf 89' lang='lat' dir='ltr'><strong>aperiatur.</strong></span> <span class='ocrx_word' id='word_1_306' title='bbox 740 3402 812 3461; x_wconf 89' lang='lat' dir='ltr'><strong>Nam</strong></span> <span class='ocrx_word' id='word_1_307' title='bbox 826 3403 888 3460; x_wconf 86' lang='lat' dir='ltr'><strong>iere</strong></span> <span class='ocrx_word' id='word_1_308' title='bbox 901 3404 963 3461; x_wconf 90' lang='lat' dir='ltr'><strong>sine</strong></span> <span class='ocrx_word' id='word_1_309' title='bbox 980 3401 1117 3461; x_wconf 87' lang='lat' dir='ltr'><strong>cicatrice</strong></span> 
     </span>
     <span class='ocr_line' id='line_1_36' title="bbox 122 3479 1155 3564; baseline 0.003 -21"><span class='ocrx_word' id='word_1_310' title='bbox 122 3479 222 3558; x_wconf 80' lang='lat' dir='ltr'><strong>potest</strong></span> <span class='ocrx_word' id='word_1_311' title='bbox 237 3502 304 3543; x_wconf 88' lang='lat' dir='ltr'><strong>esse</strong></span> <span class='ocrx_word' id='word_1_312' title='bbox 319 3486 344 3544; x_wconf 95' lang='lat' dir='ltr'><strong>is</strong></span> <span class='ocrx_word' id='word_1_313' title='bbox 363 3484 461 3562; x_wconf 92' lang='lat' dir='ltr'><strong>locus,</strong></span> <span class='ocrx_word' id='word_1_314' title='bbox 480 3487 527 3562; x_wconf 91' lang='lat' dir='ltr'><strong>qui</strong></span> <span class='ocrx_word' id='word_1_315' title='bbox 544 3495 679 3564; x_wconf 84' lang='lat' dir='ltr'><strong>expertus</strong></span> <span class='ocrx_word' id='word_1_316' title='bbox 694 3485 800 3544; x_wconf 81' lang='lat' dir='ltr'><strong>ferrum</strong></span> <span class='ocrx_word' id='word_1_317' title='bbox 818 3503 874 3544; x_wconf 93' lang='lat' dir='ltr'><strong>uon</strong></span> <span class='ocrx_word' id='word_1_318' title='bbox 892 3494 946 3545; x_wconf 90' lang='lat' dir='ltr'><strong>est.</strong></span> <span class='ocrx_word' id='word_1_319' title='bbox 978 3486 1008 3544; x_wconf 89' lang='lat' dir='ltr'><strong>Si</strong></span> <span class='ocrx_word' id='word_1_320' title='bbox 1023 3493 1118 3544; x_wconf 88' lang='lat' dir='ltr'><strong>autem</strong></span> <span class='ocrx_word' id='word_1_321' title='bbox 1130 3506 1155 3546; x_wconf 76' lang='lat' dir='ltr'><strong>ac</strong></span> 
     </span>
    </p>
   </div>
   <div class='ocr_carea' id='block_1_6' title="bbox 0 0 1212 3924">
    <p class='ocr_par' dir='ltr' id='par_1_6' title="bbox 0 0 1212 3924">
     <span class='ocr_line' id='line_1_37' title="bbox 0 0 1212 3924; baseline 0 1"><span class='ocrx_word' id='word_1_322' title='bbox 0 0 1212 3924; x_wconf 95' lang='lat' dir='ltr'><strong> </strong></span> 
     </span>
    </p>
   </div>
  </div>
 </body>
</html>
