2414 3924
113 234 152 298 16
408 247 808 296 n.c.ennsrmnnrcruun

111 422 192 479 nera,
207 411 237 463 et
250 410 372 479 aetates,
391 412 420 461 et
435 410 565 479 tempora
578 404 664 462 anni..
676 402 748 462 Nam
763 420 858 481 neque
871 421 909 462 ex
922 404 1028 464 salubri
1042 405 1111 465 loco

112 492 141 548 in
154 504 289 566 grauem,
311 503 407 565 neque
422 504 460 545 ex
474 487 557 563 gravi
574 488 602 547 in
619 486 763 547 salubrem
786 487 921 546 transitus
943 489 1012 547 satis
1035 497 1111 548 tutus

113 580 167 632 est.
200 570 247 631 Ex
262 568 369 630 salubri
385 571 414 629 in
429 586 566 646 gravem,
583 571 673 649 prima
688 569 797 639 bieme;
820 589 857 629 ex
879 573 962 648 gravi
982 573 1011 630 in
1034 590 1110 650 eum,

114 657 161 737 qui
185 654 307 715 salubris
325 663 387 729 est,
413 655 503 731 prima
526 662 636 714 aestate
656 656 778 713 transire
799 654 900 713 melius
923 663 976 714 est.
1006 653 1111 736 Neque

112 757 185 801 vero
201 757 239 799 ex
253 736 339 798 multa
355 736 430 796 lame
447 738 531 797 nimia
546 739 680 805 satietas;
704 755 799 816 neque
824 755 861 797 ex
879 740 963 798 uimia
979 738 1136 802 satietates

111 826 204 885 iames
220 822 324 883 idonea
340 831 385 880 est
408 821 463 900 (el.
480 816 560 897 Aple.
576 821 621 896 11,
639 819 686 897 4).
730 821 987 900 Periclitaturque,
1012 832 1041 881 et
1064 824 1112 901 qui

113 906 214 984 semel,
227 916 256 967 et
270 907 319 985 qui
333 904 378 963 bis
389 904 434 964 die
454 904 546 962 cibum
565 906 792 980 incontinenter,
814 915 914 966 contra
928 906 1110 966 consuetudi·

112 1011 187 1069 nem,
198 991 315 1052 assumit
329 988 436 1068 (Hipp.
456 985 531 1047 Vici.
545 995 606 1048 rut.
621 994 701 1048 aeut.
717 987 797 1065 §9).
818 988 890 1048 ltem
904 1007 998 1067 neque
1015 1008 1053 1049 ex
1068 991 1110 1048 ni·

111 1078 168 1137 mio
184 1074 286 1135 labore
301 1073 425 1132 subitum
445 1073 543 1148 otium,
560 1089 655 1150 neque
671 1089 708 1130 err
722 1073 807 1132 nimio
821 1074 879 1132 otio
893 1073 1003 1132 subitus
1015 1075 1110 1149 labor,

112 1162 174 1220 sine
189 1159 271 1237 gravi
287 1174 364 1216 noxa
380 1165 433 1215 est.
476 1154 568 1233 Ergo,
584 1173 668 1234 quum
684 1157 747 1232 quis
761 1165 871 1216 mutare
888 1155 995 1234 aliquid
1019 1157 1145 1231 volet‚ro

112 1244 246 1323 paulatim
269 1239 386 1299 debebit
406 1257 577 1299 assuescere
596 1236 692 1318 (Aple.
705 1239 747 1318 ll,
770 1239 839 1317 50).
885 1239 1003 1315 Omnem
1025 1243 1114 1300 etiam

112 1325 241 1387 laborem
254 1324 366 1384 lucilius
380 1323 427 1382 vel
440 1341 513 1402 puer
523 1323 570 1382 vel
583 1328 684 1396 senex,
702 1320 785 1401 quam
802 1324 930 1383 insuetus
944 1322 1031 1384 homo
1046 1342 1108 1383 sus-

111 1411 183 1470 tinet
207 1404 361 1486 (Apoll,
382 1406 461 1484 49),
494 1405 590 1486 Atque
611 1407 676 1466 ideo
697 1424 812 1485 quoque
834 1409 916 1467 nimis
940 1408 1034 1469 otiosa
1051 1409 1110 1467 vita

112 1493 188 1554 utilis
211 1508 267 1549 uon
293 1500 350 1559 est;
372 1491 436 1568 quia
459 1498 556 1568 potest
576 1488 704 1549 incidere
730 1490 837 1551 laboris
860 1493 1032 1551 necessitas.
1078 1492 1109 1551 Si

27 1631 30 1636 .
109 1575 227 1657 quando
241 1583 335 1634 tamen
351 1576 479 1633 insuetus
496 1574 599 1652 aliquis
619 1572 779 1652 laboravit,
803 1585 851 1636 aut
874 1577 897 1634 si
920 1575 1008 1635 multo
1031 1574 1108 1656 plus,
1121 1602 1145 1643 η

111 1679 195 1741 quam
212 1659 297 1735 solet,
315 1659 399 1718 etiam
417 1659 454 1735 is,
477 1658 524 1735 qui
545 1659 687 1734 assuevit,
709 1659 774 1719 buic
792 1660 895 1735 jejuno
913 1658 1109 1719 dormiendum

112 1755 172 1805 est:
188 1743 392 1820 multomagis,
412 1741 436 1799 si
451 1743 536 1801 etiam
553 1758 587 1800 os
600 1760 725 1802 amarum
743 1752 796 1819 est,
812 1743 860 1803 vel
877 1743 955 1803 oculi
972 1742 1108 1820 caligant,

111 1839 160 1889 aut
174 1837 275 1888 uenter
291 1825 483 1905 perturbatur.
528 1824 597 1884 Tum
616 1826 690 1885 enim
704 1845 761 1888 nun
776 1827 972 1887 dormiendum
987 1835 1108 1886 tantum·

109 1912 196 1972 modo
207 1913 309 1987 jejuno
323 1919 381 1986 est,
405 1907 456 1968 sed
472 1911 556 1969 etiam
571 1910 599 1967 in
614 1920 761 1988 posterum
776 1911 851 1971 diem
868 1910 1107 1989 permanendum

110 1998 165 2056 nisi
183 1999 240 2056 cito
257 1995 284 2054 id
298 1996 379 2073 quies
391 1993 511 2053 sustulit.
536 1992 618 2068 Quod
634 1995 657 2053 si
669 1994 773 2055 lactum
791 2005 851 2070 est,
874 2012 997 2071 surgere
1020 2011 1144 2073 opor-20

110 2089 168 2157 tet,
191 2089 220 2139 et
243 2079 321 2138 lente
342 2077 486 2156 paululum
507 2077 663 2138 ambulare.
705 2079 744 2139 Αι
769 2081 791 2138 si
823 2079 915 2138 somni
940 2079 1109 2139 necessitas

111 2181 168 2224 nun
185 2163 246 2240 luit,
263 2165 328 2241 quia
342 2160 456 2221 modice
471 2163 563 2238 magis
576 2162 680 2238 aliquis
702 2161 861 2237 laboravit,
883 2171 977 2222 tamen
994 2161 1108 2240 ingredi

111 2247 218 2326 aliquid
234 2247 336 2306 eodem
351 2245 436 2305 modo
451 2244 548 2304 debet.
593 2243 758 2307 Communia
776 2246 878 2306 deinde
898 2244 1029 2305 omnibus
1045 2255 1109 2304 sunt

110 2338 178 2410 post
195 2330 392 2406 fatigationem
403 2328 495 2389 cibum
511 2331 676 2406 sumpturis,
690 2330 736 2388 ubi
751 2331 864 2409 paulum
879 2328 1107 2404 ambulaverunt,

108 2417 135 2473 si
152 2412 283 2472 balneum
300 2430 355 2472 non
371 2421 429 2488 est,
448 2412 643 2489 calidoloco,
664 2415 711 2473 vel
734 2417 762 2472 in
784 2415 865 2488 sole,
882 2413 929 2472 vel
952 2410 987 2470 ad
1009 2415 1142 2489 ignemau

108 2498 190 2575 ungi,
207 2506 292 2575 atque
310 2496 427 2564 sudare;
449 2498 473 2555 si
497 2505 557 2572 est,
579 2505 645 2555 ante
667 2499 759 2557 omnia
783 2501 810 2556 in
831 2496 973 2575 tepidario
991 2495 1107 2572 sedere,

112 2580 229 2656 deinde,
253 2579 301 2639 ubi
323 2579 436 2658 paulum
459 2583 697 2658 conquieverunt,
714 2584 820 2641 intrare
836 2590 865 2639 et
879 2577 1058 2639 descendere
1079 2581 1108 2637 in

112 2665 229 2732 solium;
248 2673 304 2723 tum
319 2663 406 2722 multo
424 2663 490 2723 oleo
507 2663 585 2740 ungi,
602 2663 762 2743 leniterque
780 2665 949 2743 perfricari,
962 2664 1063 2721 iterum
1080 2665 1108 2722 in

112 2748 213 2808 solium
226 2746 420 2807 descendere:
439 2755 505 2826 post
521 2747 594 2807 baec
609 2765 643 2807 os
659 2767 731 2827 aqua
745 2748 850 2823 calida,
875 2745 980 2807 deinde
1003 2746 1108 2822 lrigida

111 2832 224 2892 iuvere.
250 2830 386 2890 balneum
404 2831 448 2890 bis
466 2831 582 2890 lervens
600 2831 732 2893 idoneum
752 2849 810 2892 non
828 2841 882 2890 est.
919 2830 1000 2907 Ergo
1026 2832 1049 2888 si
1067 2831 1143 2889 niae

111 2916 196 2976 mium
211 2915 295 2975 alicui
311 2916 432 2992 fatigato
451 2932 543 2993 paene
564 2915 655 2976 febris
677 2926 738 2992 est,
758 2917 823 2976 huic
842 2913 954 2975 abunde
978 2924 1023 2973 est
1039 2913 1107 2975 locu

111 3000 210 3078 tepido
230 2999 378 3059 demittere
397 3017 429 3058 se
447 2999 608 3077 inguinibus
627 3009 710 3061 tenus
726 3004 753 3060 in
773 3018 874 3078 aquam
898 2997 1036 3073 calidam,
1062 2999 1107 3057 cui

112 3084 225 3164 paulum
242 3085 300 3143 olei
315 3085 352 3142 sit
367 3083 525 3158 adjectum:
545 3083 648 3144 deinde
660 3094 749 3144 totum
761 3084 874 3163 quidem
888 3098 1006 3159 corpus,
1019 3084 1106 3142 maxi·

110 3187 156 3228 me
172 3177 265 3229 tamen
281 3185 332 3227 eas
353 3177 466 3246 partes,
493 3185 565 3244 quae
591 3169 617 3226 in
641 3186 714 3246 aqua
739 3167 861 3241 fuerunt,
881 3164 986 3225 leniter
1004 3165 1106 3243 perfri-

112 3271 179 3311 care
197 3273 234 3312 ex
250 3253 327 3327 oleo,
344 3252 388 3310 cui
402 3252 494 3309 vinum
510 3259 538 3309 et
553 3251 666 3328 paulum
683 3251 796 3311 contriti
812 3251 879 3311 salis
896 3250 933 3307 sit
952 3248 1104 3323 adjectum.
1115 3257 1142 3301 ιε

111 3336 179 3395 Ροει
195 3337 268 3396 baec
288 3334 418 3394 omnibus
437 3335 562 3411 fatigatis
584 3343 678 3412 aptum
700 3343 745 3394 est
764 3335 856 3394 cibum
874 3349 997 3408 sumere,
1012 3350 1106 3413 eoque

110 3417 223 3477 humido
240 3420 295 3485 uti:
315 3434 404 3494 aqua,
425 3419 473 3477 vel
494 3426 574 3488 certe
596 3417 682 3477 diluta
704 3420 823 3497 potione
843 3433 910 3488 esse
935 3425 1104 3485 contentum

108 3501 288 3578 maximeque
300 3517 345 3574 ea,
358 3517 431 3577 quae
442 3509 558 3560 moveat
570 3501 686 3561 urinam.
710 3500 783 3562 lllud
795 3517 910 3580 quoque
922 3515 1011 3558 nosse
1019 3518 1105 3580 opor-
