2416 3936
387 247 457 294 ure.
473 248 519 294 vu.
540 247 615 295 cnr.
630 249 797 297 aru—xm.
1028 238 1088 300 251
1177 269 1180 274 .

99 419 156 480 que
171 401 403 474 medicamentis,
421 401 524 480 quibus
540 411 638 461 cetera
655 402 755 461 ulcera
772 404 831 462 oris
848 411 990 461 curantur.
1025 403 1091 463 alia

99 503 215 563 quoque
233 483 330 542 ulcera
343 485 371 542 in
383 485 509 561 gingivis
522 486 691 564 plerumque
704 486 845 555 oriuntur;
862 484 966 564 quibus
979 485 1091 561 eadem,

99 588 172 647 quae
196 569 223 626 in
247 567 359 645 reliquo
382 585 448 645 ore,
478 579 662 631 succurrunt:
692 569 814 629 maxime
835 579 929 628 tamen
956 569 1091 629 mandere

98 653 248 730 ligustrum
266 660 399 728 oportet,
415 670 589 731 succumque
606 671 670 712 eum
690 670 743 713 ore
759 655 917 713 continere.
945 652 992 713 Fit
1007 656 1091 713 etiam

73 736 253 811 ainterdum,
277 744 305 794 ut
327 754 364 794 ex
385 737 522 812 gingivae
538 737 653 813 ulcere,
675 739 737 796 3133
754 736 917 816 aequalis
939 738 1004 815 luit,
1029 739 1091 797 siv'e

97 838 154 878 non
175 820 242 895 luit,
264 818 366 878 diutius
385 838 438 898 pus
456 821 579 880 feratur:
602 819 679 900 quod
695 830 742 880 aut
759 830 897 899 corrupto
915 820 1020 897 dente,
1045 828 1093 880 aut

50 936 64 947 -·
96 905 208 979 fracto,
232 903 279 962 vel
303 902 386 962 aliter
408 905 505 963 vitiato
528 923 612 965 osse:
641 907 821 982 maximeque
844 905 872 964 id
894 923 948 984 per
969 905 1091 964 fistulam
1190 953 1194 960 .

103 988 202 1046 venire
236 988 394 1047 consuevit.
426 986 483 1048 Ubi
498 989 613 1064 incidit,
631 989 715 1048 locus
730 988 918 1067 aperiendus;
942 989 1090 1049 (1333331-

97 1073 230 1139 mendus;
258 1073 448 1145 1331333313,
479 1072 503 1130 si
526 1090 582 1150 qua
603 1072 761 1147 abscessit,
788 1073 956 1151 recipienda
978 1083 1036 1142 est;
1065 1073 1090 1130 31

63 1154 164 1232 mquid
184 1155 281 1213 vitiosi
306 1163 365 1224 est,
387 1154 552 1215 radendum.
596 1156 666 1216 Post
688 1172 778 1234 quae,
802 1155 869 1234 quid
890 1157 952 1216 fieri
974 1155 1090 1231 debeat,

97 1257 184 1317 supra
207 1240 234 1296 in
259 1238 377 1298 aliorum
399 1238 527 1298 ulcerum
550 1241 697 1300 curatione
713 1240 952 1317 comprehensum
969 1250 1022 1301 est.
1060 1240 1090 1299 Si

97 1341 168 1383 vero
186 1341 201 1381 a
218 1321 349 1381 dentibus
365 1323 503 1398 gingivae
519 1323 673 1400 recedunt,
691 1323 809 1383 eaedem
824 1323 960 1384 antherae
973 1343 1089 1385 succur-

97 1415 169 1465 runt.
205 1406 282 1466 Utile
301 1416 344 1465 est
359 1407 443 1465 etiam
462 1407 524 1485 pira
539 1416 587 1466 aut
600 1407 677 1467 mala
692 1425 749 1467 non
766 1417 928 1486 permatura
942 1409 1089 1483 mandere,

98 1499 126 1549 et
143 1508 195 1549 ore
211 1508 274 1549 eum
291 1490 438 1549 humorem
454 1492 614 1550 continere.
635 1490 772 1567 Idemque
788 1499 938 1569 praestare
952 1510 1008 1552 non
1021 1509 1090 1551 acra

63 1583 208 1634 ttacetum
225 1577 254 1632 in
273 1591 324 1632 ore
342 1583 484 1633 retentum
498 1583 604 1652 potest.

432 1757 617 1820 CAPUT
655 1757 763 1817 XIV.

480 1875 517 1923 De
532 1890 596 1924 uvae
614 1876 710 1925 morbo.

160 1987 243 2067 Uvae
266 1986 422 2045 vehemens
440 1988 621 2048 inflammatio
643 1998 754 2048 terrere
772 2007 888 2067 quoque
905 1987 1000 2047 debet.
1034 1986 1088 2046 lta·

99 2090 154 2149 que
178 2074 206 2129 in
226 2069 280 2128 hac
302 2079 331 2127 31
353 2069 523 2129 abstinentia
545 2074 711 2132 necessaria
737 2082 793 2139 est:
822 2082 850 2131 et
871 2072 987 2149 sanguis
1007 2079 1089 2130 recte

61 2156 229 2221 semitutum
254 2162 299 2229 et,
318 2155 342 2212 si
359 2153 387 2212 id
404 2153 498 2231 aliqua
514 2173 561 2213 res
578 2156 727 2234 prohibet,
744 2157 827 2216 31333
842 2156 949 2215 utiliter
963 2155 1087 2214 ducitur:

96 2247 241 2315 caputque
266 2255 353 2314 super
368 2237 441 2296 haec
457 2237 623 2315 velandum,
647 2249 675 2298 et
689 2240 838 2298 sublimius
852 2239 1013 2299 babendum
1028 2246 1087 2296 est:

96 2333 152 2381 tum
175 2339 248 2398 aqua
275 2320 531 2398 gargarizandum,
559 2323 663 2401 inqua
688 2325 770 2383 simul
793 2323 881 2382 rubus
903 2333 931 2382 et
953 2321 1088 2382 lenticula

96 2407 220 2465 decocta
242 2406 287 2463 sit.
324 2403 463 2464 Illinenda
487 2424 601 2484 quoque
622 2407 685 2484 ipsa
708 2425 763 2466 uva
783 2408 830 2467 vel
852 2406 1019 2485 omphacio,
1040 2404 1088 2463 vel

95 2489 190 2566 galla,
207 2489 254 2547 vel
270 2489 393 2548 alumine
412 2490 517 2548 scissili
532 2491 588 2566 313,
605 2499 635 2549 31
651 2490 768 2550 cuilibet
785 2509 882 2550 eorum
898 2490 954 2549 mel
972 2490 1087 2567 adjicia-

62 2582 151 2633 astur.
189 2573 242 2631 Est
258 2575 343 2632 etiam
359 2573 595 2632 medicamentum
609 2573 675 2632 huic
688 2583 801 2652 aptum,
818 2574 896 2654 quod
911 2574 1088 2634 Andronium

97 2657 269 2735 appellatur.
307 2655 427 2715 Constat
448 2675 485 2715 ex
507 2657 567 2716 bis:
594 2657 716 2717 alumine
734 2660 855 2735 scissili,
877 2677 996 2736 squama
1011 2658 1087 2718 aeris

97 2740 191 2815 rubri,
213 2749 371 2799 atramento
394 2742 520 2817 sutorio,
542 2742 637 2817 galla,
662 2741 794 2816 myrrha,
820 2745 908 2816 misy:
939 2761 1013 2820 quae
1035 2758 1089 2819 per

97 2843 130 2882 se
152 2826 273 2882 contrita
295 2825 454 2901 mixtaque,
481 2843 579 2884 rursus
601 2826 737 2904 paulatim
758 2825 871 2899 adjecto
888 2827 955 2882 vino
972 2832 1087 2882 austero

97 2916 241 2982 teruntur,
264 2906 358 2967 donec
373 2907 417 2966 bis
433 2909 527 2968 mellis
543 2909 704 2969 crassitudo
722 2910 767 2967 sit.
801 2909 857 2968 Ubi
873 2907 974 2965 borum
989 2906 1086 2982 aliquo

63 3008 88 3048 ao
98 2992 168 3050 illita
184 3009 238 3050 uva
255 3000 313 3067 est,
338 2991 402 3050 lere
417 2993 503 3052 multa
522 2993 622 3070 pituita
636 2992 777 3051 decurrit:
799 3008 941 3067 quumque
956 3007 991 3047 ea
1008 2989 1087 3065 quie·

99 3077 154 3150 vit,
176 3093 213 3134 ex
236 3077 303 3135 vino
325 3075 419 3136 calido
441 3076 678 3153 gargarizandum
697 3084 750 3135 est.
765 3072 848 3144 ouon
862 3074 886 3131 si
898 3072 992 3129 minor
1005 3088 1039 3131 ea
1047 3072 1086 3130 in·

97 3160 249 3218 llammatiu
274 3169 337 3235 est,
361 3160 439 3219 laser
457 3170 570 3235 terere,
593 3162 677 3237 eique
696 3157 824 3232 adjicere
839 3156 971 3232 frigidam
986 3172 1087 3233 aquam

86 3243 166 3302 'satis
188 3251 247 3317 est,
272 3261 394 3321 eamque
411 3263 513 3322 aquam
527 3244 675 3306 cochleari
690 3250 841 3319 exceptam
857 3241 913 3320 ipsi
932 3257 1005 3299 uvae
1022 3238 1086 3298 sub·

94 3328 198 3400 jioere.
234 3327 279 3385 Ae
300 3327 487 3388 mediocriter
510 3346 573 3386 eam
588 3335 740 3386 tumentem
759 3343 832 3403 aqua
851 3342 966 3403 quoque
983 3323 1087 3401 lrigida

63 3431 88 3470 aa
99 3408 201 3467 eodem
224 3411 310 3471 modo
327 3412 457 3487 subjecta
473 3411 612 3489 reprimit.
647 3409 692 3470 Ex
709 3407 809 3469 eadem
825 3419 918 3469 autem
933 3426 1005 3486 aqua
1022 3424 1088 3485 gar·

98 3492 282 3566 garizandum
300 3511 416 3572 quoque
433 3503 486 3552 est.
