2414 3924
503 140 742 241 4140-

112 323 255 403 paralysis
274 323 357 383 duae.
395 321 537 401 aliquanti
555 322 673 402 perdito
693 339 783 382 sensu
803 330 899 382 tactus
918 339 987 382 cum
1006 330 1129 401 torpore

58 488 59 493 ἵ
111 411 269 491 paralysim
291 413 459 490 patiuntur,
486 409 543 471 boc
567 419 613 471 est
636 420 669 471 ut
692 428 790 488 neque
820 410 914 488 frigus
937 428 1034 489 neque
1059 412 1128 480 cali·

58 496 61 501 ’
112 501 183 562 dum
202 501 265 560 criti
288 501 456 578 appositum
476 502 604 560 sentiant
626 500 781 578 patientes.
819 498 961 577 aliquanti
984 517 1019 558 ex
1041 514 1128 579 parte

112 590 315 668 suprascripto
340 606 430 649 sensu
453 597 592 648 manente
615 589 778 666 patiuntur.
816 588 952 666 seqnitur
973 596 1071 648 autem
1095 591 1126 648 iu

84 679 247 757 spassione
276 679 468 759 constitutos,
501 695 569 737 cum
603 675 776 736 difficultate
804 692 911 737 sensns
944 683 974 736 et
1006 678 1128 738 insolito

111 783 181 845 usn,
209 765 338 826 difficilis
366 773 465 826 motus
493 781 544 826 aut
573 783 609 825 cx
637 774 699 825 toto
723 771 900 842 amputatus.
945 772 975 825 et
998 765 1130 827 efficitur

111 854 267 932 aliquando
286 855 379 914 totius
398 856 533 932 corporis
552 853 708 933 aliquando
728 854 835 933 partis,
855 860 906 913 aut
925 853 1128 915 membrorum

111 942 273 1003 multorum
297 950 348 1003 aut
371 941 537 1021 aliquorum
561 950 612 1002 ant
636 940 762 1001 membri
784 943 883 1002 unius.
927 949 958 1002 et
981 945 1129 1022 contingit

111 1032 285 1110 frequenter
313 1041 364 1092 ant
392 1049 429 1090 ex
457 1031 567 1110 frigore
591 1032 680 1091 nimis
703 1036 790 1090 acuto
819 1037 870 1090 aut
893 1030 1052 1092 vinolentia
1077 1042 1130 1092 aut

71 1134 97 1174 10
111 1118 308 1198 indigestione
333 1120 484 1198 frequenti
507 1128 558 1180 aut
580 1118 738 1178 immodico
762 1135 819 1179 usn
842 1120 973 1179 venerio.

199 1210 232 1267 in
258 1208 463 1268 curationibus
491 1226 561 1269 raro
589 1216 708 1287 oportet
740 1209 804 1285 ipsa
831 1208 927 1287 prima
955 1206 1003 1268 die
1036 1207 1127 1269 flebo-

111 1289 231 1356 tomiam
263 1298 294 1355 in
326 1295 447 1356 brachio
481 1296 621 1356 adbibere
654 1295 733 1374 qnod
769 1295 860 1356 fuerit
893 1297 1018 1374 patienti
1047 1299 1126 1375 parti

111 1386 307 1464 contrarium,
335 1384 414 1462 quod
443 1387 604 1465 antispasin
634 1391 748 1444 vocant.
794 1386 820 1444 si
848 1402 918 1444 vero
946 1382 1001 1445 snb
1031 1384 1125 1462 pleni·

111 1471 213 1532 tudine
251 1472 310 1532 cibi
347 1480 398 1533 aut
436 1475 496 1533 vini
528 1475 640 1534 fuerint
673 1481 874 1553 aegrotantes,
910 1473 1052 1533 vomitum
1089 1474 1126 1533 ad

71 1576 96 1616 rs
110 1578 253 1638 praeseus
279 1559 453 1641 provocabis
482 1580 518 1622 ex
547 1561 683 1641 ydrelaeo
708 1560 816 1644 calido,
851 1561 880 1622 id
909 1569 955 1622 est
983 1578 1019 1621 ex
1051 1580 1127 1640 aqua

111 1647 204 1708 calida
232 1656 262 1709 et
289 1648 354 1709 oleo
382 1650 510 1711 admixto
539 1650 656 1712 modico
684 1649 758 1731 sale,
787 1657 817 1711 et
845 1653 888 1710 sic
916 1649 1047 1711 secunda
1077 1651 1126 1710 die

109 1735 314 1798 flebotomabis
342 1745 372 1799 et
399 1739 519 1799 mundis
547 1758 580 1799 ac
608 1737 746 1799 mollibus
773 1739 848 1800 lanis
877 1757 914 1798 ex
942 1738 1007 1798 oleo
1032 1738 1126 1799 calido

109 1825 242 1887 membra
273 1829 415 1907 patieutis
446 1827 577 1889 involves
609 1836 639 1889 et
672 1828 803 1888 fasciolis
831 1827 945 1889 levibus
979 1826 1126 1888 fasciabis.

109 1925 177 1994 post
204 1915 277 1976 haec
305 1934 396 1997 acopo
424 1917 621 1978 thermantico
649 1915 818 1977 ischiadicis
847 1917 987 1994 superius
1013 1918 1126 1994 scripto

70 2019 97 2059 ao
110 2005 204 2063 uteris
233 2013 263 2064 et
290 2006 478 2066 scariiatione
503 2024 539 2066 ex
566 2004 681 2066 levibus
704 2003 892 2082 laudaturis,
923 2022 997 2082 quas
1020 2003 1127 2065 Graeci

109 2091 246 2170 amychas
265 2102 378 2154 vocant.
420 2102 450 2154 et
472 2095 499 2154 si
517 2094 593 2155 forte
617 2096 648 2154 iu
671 2093 771 2171 lingua
790 2094 962 2172 contigerit,
986 2092 1124 2153 similiter

110 2178 272 2260 scariiabis‚
291 2189 322 2241 ct
338 2189 407 2259 post
424 2182 645 2243 scariiatiouem
663 2180 788 2243 mulsam
807 2180 931 2242 calidam
949 2181 1126 2259 frequenter

110 2266 284 2328 coluendam
308 2268 390 2328 dabis
410 2279 439 2330 et
463 2288 479 2328 a
503 2270 687 2331 salsamentis
706 2270 752 2330 vel
779 2270 949 2349 liquamine,
974 2268 1054 2347 quod
1078 2278 1125 2329 est

182 2498 195 2545 1
216 2494 246 2547 et
268 2494 333 2562 post
357 2493 417 2562 (sic)
440 2492 585 2562 paralisim
607 2495 661 2549 dne
680 2511 702 2549 c.
811 2495 924 2563 torpore
932 2513 968 2574 :—
964 2509 1080 2561 corpore
1103 2509 1126 2561 c,

110 2566 170 2637 032
181 2599 210 2650 p.
278 2587 294 2634 2
309 2598 400 2651 neque
415 2582 538 2637 calidum
552 2599 643 2652 neque
657 2583 791 2652 frigidum
801 2598 831 2650 p.
902 2587 917 2635 6
931 2579 970 2633 SS
988 2596 1015 2634 c:
1030 2597 1126 2661 supra-

109 2651 184 2707 dicto
198 2670 229 2722 p.
302 2655 397 2708 autem
416 2670 503 2723 osup
522 2652 563 2723 (in
582 2670 631 2708 om.
651 2657 683 2723 e).
758 2651 963 2707 bconstitutos
980 2650 1126 2720 paralrsim

109 2723 306 2849 oprporilslpum
316 2723 484 2850 displqlpfqlsaltiq
494 2741 593 2850 sensuq
602 2741 624 2807 0,
640 2724 809 2848 eopiqtitutos
826 2722 979 2848 digpfqnlipps
992 2738 1088 2777 sensus
1093 2738 1125 2848 pv.

109 2812 339 2851 ernsorousu
424 2812 449 2850 er
533 2811 815 2863 ,emsoosusq
911 2809 999 2848 ce.

109 2865 261 2934 aliquando
284 2868 334 2921 aut
355 2866 443 2921 totius
467 2883 489 2920 c.
504 2812 564 2921 {ut
585 2867 673 2935 partis
697 2868 747 2920 aut
769 2810 893 2935 010300.-
987 2866 1073 2919 taut
1091 2881 1125 2918 ex

108 2953 159 2992 om.
183 2955 197 2992 0
221 2937 281 3006 (abi
302 2937 332 2990 si
353 2936 493 3007 extinguit
515 2937 547 2991 fr.
571 2937 708 3006 frigores).
826 2941 858 2989 11
882 2935 945 3005 ipsa
968 2952 995 2990 e:
1020 2952 1070 2990 ouo.
1094 2951 1125 3003 p.

108 3007 233 3077 pridiora
252 3008 311 3075 (sic)
330 3007 376 3062 die
395 3025 423 3075 0,
443 3007 534 3078 primo
554 3007 599 3062 die
613 3025 643 3077 p.
719 3013 752 3061 14
770 3007 831 3063 vini
849 3009 900 3061 ant
918 3006 974 3062 cibi
987 3023 1018 3075 p.
1092 3012 1126 3062 15

108 3079 215 3135 idroleo
234 3095 256 3147 c,
274 3077 390 3146 ydroleo
404 3096 434 3148 p.
524 3085 555 3134 11
575 3077 750 3134 mollioribus
764 3095 795 3148 p.
901 3083 933 3134 18
952 3078 1078 3133 involves
1097 3080 1127 3132 et

108 3149 239 3204 fasciabis
262 3148 373 3204 lenibus
397 3148 541 3205 fasciolab'
566 3151 625 3220 (sie)
649 3168 677 3219 0,
703 3149 847 3205 involvens
868 3148 993 3204 fasciolis
1015 3148 1126 3203 levibus

107 3219 238 3276 fasciabis
253 3238 283 3290 p.
389 3226 421 3274 19
441 3237 561 3288 acopum
582 3222 713 3291 (-p1'1p)
732 3219 931 3275 termantieum
949 3222 1011 3286 (—b
1026 3221 1059 3289 p)
1075 3259 1081 3273 .
1098 3261 1126 3276 ..

108 3291 242 3359 scriptum
262 3309 302 3360 cp.
410 3290 533 3346 sciaticis
547 3308 584 3361 p,
608 3308 676 3346 -eo
696 3308 717 3345 0.
826 3296 861 3344 20
881 3290 1083 3346 scarificatione
1102 3307 1125 3356 0,

109 3361 302 3417 scarifactione
311 3379 371 3431 p·
416 3369 449 3416 21
465 3361 570 3416 amicas
585 3379 626 3431 ep.
694 3367 729 3414 22
744 3360 914 3416 scarifieabis
927 3378 968 3430 sp.
1041 3360 1124 3416 scari-

107 3431 266 3486 ficationem
285 3450 325 3501 cp.
399 3433 490 3487 mulsa
509 3431 600 3486 calida
618 3433 637 3487 f.
656 3431 766 3487 lavabis
780 3448 811 3501 10·
884 3438 918 3487 23
939 3448 956 3486 a
974 3449 1002 3487 c:
1027 3449 1077 3487 om.
1092 3447 1123 3502 p.
