<?xml version="1.0" encoding="UTF-8"?>
<!DOCTYPE html PUBLIC "-//W3C//DTD XHTML 1.0 Transitional//EN"
    "http://www.w3.org/TR/xhtml1/DTD/xhtml1-transitional.dtd">
<html xmlns="http://www.w3.org/1999/xhtml" xml:lang="en" lang="en">
 <head>
  <title>
</title>
<meta http-equiv="Content-Type" content="text/html;charset=utf-8" />
  <meta name='ocr-system' content='tesseract 3.04.00' />
  <meta name='ocr-capabilities' content='ocr_page ocr_carea ocr_par ocr_line ocrx_word'/>
</head>
<body>
  <div class='ocr_page' id='page_1' title='image "./cassiifelicisde00rosegoog_0375.png"; bbox 0 0 2414 3924; ppageno 0'>
   <div class='ocr_carea' id='block_1_1' title="bbox 427 234 830 285">
    <p class='ocr_par' dir='ltr' id='par_1_1' title="bbox 427 234 830 285">
     <span class='ocr_line' id='line_1_1' title="bbox 427 234 830 285; baseline 0.002 -3"><span class='ocrx_word' id='word_1_1' title='bbox 427 236 460 284; x_wconf 83' lang='grc' dir='ltr'><strong>Δ.</strong></span> <span class='ocrx_word' id='word_1_2' title='bbox 477 235 507 283; x_wconf 79' lang='lat'><strong>0.</strong></span> <span class='ocrx_word' id='word_1_3' title='bbox 524 234 623 285; x_wconf 75' lang='lat' dir='ltr'>GELSI</span> <span class='ocrx_word' id='word_1_4' title='bbox 637 236 830 285; x_wconf 72' lang='lat' dir='ltr'><strong>nummatas</strong></span> 
     </span>
    </p>
   </div>
   <div class='ocr_carea' id='block_1_2' title="bbox 155 458 1113 641">
    <p class='ocr_par' dir='ltr' id='par_1_2' title="bbox 155 458 1113 641">
     <span class='ocr_line' id='line_1_2' title="bbox 486 458 745 523; baseline 0.004 -3"><span class='ocrx_word' id='word_1_5' title='bbox 486 458 511 520; x_wconf 82' lang='lat'><em>0</em></span> <span class='ocrx_word' id='word_1_6' title='bbox 523 460 552 520; x_wconf 79' lang='lat' dir='ltr'>A</span> <span class='ocrx_word' id='word_1_7' title='bbox 562 460 588 520; x_wconf 91' lang='lat' dir='ltr'>P</span> <span class='ocrx_word' id='word_1_8' title='bbox 600 459 631 523; x_wconf 91' lang='lat' dir='ltr'>U</span> <span class='ocrx_word' id='word_1_9' title='bbox 644 461 673 519; x_wconf 84' lang='grc' dir='ltr'><strong>Τ</strong></span> <span class='ocrx_word' id='word_1_10' title='bbox 703 461 745 521; x_wconf 88' lang='grc' dir='ltr'><strong>Χ.</strong></span> 
     </span>
     <span class='ocr_line' id='line_1_3' title="bbox 155 571 1113 641; baseline 0.003 -17"><span class='ocrx_word' id='word_1_11' title='bbox 155 574 192 624; x_wconf 89' lang='lat' dir='ltr'><strong>De</strong></span> <span class='ocrx_word' id='word_1_12' title='bbox 208 571 339 638; x_wconf 75' lang='lat' dir='ltr'>sanguinis</span> <span class='ocrx_word' id='word_1_13' title='bbox 355 572 476 623; x_wconf 76' lang='lat' dir='ltr'>missione</span> <span class='ocrx_word' id='word_1_14' title='bbox 493 587 539 637; x_wconf 84' lang='lat' dir='ltr'><strong>per</strong></span> <span class='ocrx_word' id='word_1_15' title='bbox 554 589 644 624; x_wconf 87' lang='lat' dir='ltr'><strong>venam</strong></span> <span class='ocrx_word' id='word_1_16' title='bbox 655 572 742 639; x_wconf 83' lang='lat' dir='ltr'><strong>-(ol.</strong></span> <span class='ocrx_word' id='word_1_17' title='bbox 756 572 852 624; x_wconf 79' lang='lat' dir='ltr'><strong>Oribas.</strong></span> <span class='ocrx_word' id='word_1_18' title='bbox 872 573 901 624; x_wconf 85' lang='grc' dir='ltr'><strong>Τ.</strong></span> <span class='ocrx_word' id='word_1_19' title='bbox 919 575 950 638; x_wconf 90' lang='grc' dir='ltr'><strong>ΙΙ,</strong></span> <span class='ocrx_word' id='word_1_20' title='bbox 966 591 992 641; x_wconf 80' lang='grc' dir='ltr'><strong>ρ.</strong></span> <span class='ocrx_word' id='word_1_21' title='bbox 1006 573 1057 625; x_wconf 76' lang='grc'><strong>750</strong></span> <span class='ocrx_word' id='word_1_22' title='bbox 1068 574 1113 637; x_wconf 70' lang='lat' dir='ltr'><strong>a).</strong></span> 
     </span>
    </p>
   </div>
   <div class='ocr_carea' id='block_1_3' title="bbox 125 725 1165 3571">
    <p class='ocr_par' dir='ltr' id='par_1_3' title="bbox 125 725 1165 3405">
     <span class='ocr_line' id='line_1_4' title="bbox 192 725 1130 802; baseline -0.001 -17"><span class='ocrx_word' id='word_1_23' title='bbox 192 725 377 802; x_wconf 79' lang='lat' dir='ltr'>Sanguinem,</span> <span class='ocrx_word' id='word_1_24' title='bbox 392 725 483 783; x_wconf 86' lang='lat' dir='ltr'><strong>incisa</strong></span> <span class='ocrx_word' id='word_1_25' title='bbox 496 743 580 801; x_wconf 85' lang='lat' dir='ltr'><strong>vena,</strong></span> <span class='ocrx_word' id='word_1_26' title='bbox 597 727 678 802; x_wconf 86' lang='lat' dir='ltr'><strong>mitti,</strong></span> <span class='ocrx_word' id='word_1_27' title='bbox 692 743 799 786; x_wconf 85' lang='lat' dir='ltr'><strong>novum</strong></span> <span class='ocrx_word' id='word_1_28' title='bbox 810 744 866 786; x_wconf 91' lang='lat' dir='ltr'><strong>non</strong></span> <span class='ocrx_word' id='word_1_29' title='bbox 881 735 940 786; x_wconf 91' lang='lat' dir='ltr'><strong>est:</strong></span> <span class='ocrx_word' id='word_1_30' title='bbox 960 725 1130 787; x_wconf 86' lang='lat' dir='ltr'><strong>seduullum</strong></span> 
     </span>
     <span class='ocr_line' id='line_1_5' title="bbox 130 806 1128 892; baseline -0.001 -22"><span class='ocrx_word' id='word_1_31' title='bbox 130 827 225 892; x_wconf 88' lang='lat' dir='ltr'><strong>paene</strong></span> <span class='ocrx_word' id='word_1_32' title='bbox 245 806 374 867; x_wconf 88' lang='lat' dir='ltr'><strong>morbum</strong></span> <span class='ocrx_word' id='word_1_33' title='bbox 394 825 463 866; x_wconf 86' lang='lat' dir='ltr'><strong>esse</strong></span> <span class='ocrx_word' id='word_1_34' title='bbox 483 809 586 887; x_wconf 91' lang='lat' dir='ltr'><strong>inquo</strong></span> <span class='ocrx_word' id='word_1_35' title='bbox 608 827 665 868; x_wconf 91' lang='lat' dir='ltr'><strong>non</strong></span> <span class='ocrx_word' id='word_1_36' title='bbox 683 811 823 886; x_wconf 87' lang='lat' dir='ltr'><strong>mittatur,</strong></span> <span class='ocrx_word' id='word_1_37' title='bbox 841 827 946 870; x_wconf 82' lang='lat' dir='ltr'><strong>novum</strong></span> <span class='ocrx_word' id='word_1_38' title='bbox 961 820 1016 870; x_wconf 89' lang='lat' dir='ltr'><strong>est.</strong></span> <span class='ocrx_word' id='word_1_39' title='bbox 1046 809 1128 888; x_wconf 88' lang='lat' dir='ltr'><strong>Item,</strong></span> 
     </span>
     <span class='ocr_line' id='line_1_6' title="bbox 130 890 1153 970; baseline -0.001 -14"><span class='ocrx_word' id='word_1_40' title='bbox 130 896 201 956; x_wconf 89' lang='lat' dir='ltr'><strong>mitti</strong></span> <span class='ocrx_word' id='word_1_41' title='bbox 210 890 383 967; x_wconf 86' lang='lat' dir='ltr'><strong>junioribus,</strong></span> <span class='ocrx_word' id='word_1_42' title='bbox 401 900 430 950; x_wconf 85' lang='lat' dir='ltr'><strong>et</strong></span> <span class='ocrx_word' id='word_1_43' title='bbox 444 891 557 951; x_wconf 85' lang='lat' dir='ltr'><strong>lerninis</strong></span> <span class='ocrx_word' id='word_1_44' title='bbox 572 901 681 952; x_wconf 91' lang='lat' dir='ltr'><strong>uterum</strong></span> <span class='ocrx_word' id='word_1_45' title='bbox 698 910 756 953; x_wconf 93' lang='lat' dir='ltr'><strong>non</strong></span> <span class='ocrx_word' id='word_1_46' title='bbox 771 894 954 970; x_wconf 79' lang='lat' dir='ltr'>gerentibus,</span> <span class='ocrx_word' id='word_1_47' title='bbox 969 903 1052 954; x_wconf 87' lang='lat' dir='ltr'><strong>vetus</strong></span> <span class='ocrx_word' id='word_1_48' title='bbox 1068 903 1153 955; x_wconf 77' lang='lat' dir='ltr'><strong>estzs</strong></span> 
     </span>
     <span class='ocr_line' id='line_1_7' title="bbox 129 974 1130 1056; baseline -0.004 -16"><span class='ocrx_word' id='word_1_49' title='bbox 129 981 160 1040; x_wconf 91' lang='lat' dir='ltr'><strong>in</strong></span> <span class='ocrx_word' id='word_1_50' title='bbox 177 977 275 1056; x_wconf 89' lang='lat' dir='ltr'><strong>pueris</strong></span> <span class='ocrx_word' id='word_1_51' title='bbox 289 992 362 1035; x_wconf 87' lang='lat' dir='ltr'><strong>vero</strong></span> <span class='ocrx_word' id='word_1_52' title='bbox 377 974 452 1034; x_wconf 86' lang='lat' dir='ltr'><strong>idern</strong></span> <span class='ocrx_word' id='word_1_53' title='bbox 467 979 604 1054; x_wconf 85' lang='lat' dir='ltr'><strong>experiri,</strong></span> <span class='ocrx_word' id='word_1_54' title='bbox 621 978 692 1037; x_wconf 90' lang='lat' dir='ltr'><strong>etin</strong></span> <span class='ocrx_word' id='word_1_55' title='bbox 711 976 890 1056; x_wconf 89' lang='lat' dir='ltr'><strong>senioribus,</strong></span> <span class='ocrx_word' id='word_1_56' title='bbox 907 987 936 1038; x_wconf 92' lang='lat' dir='ltr'><strong>et</strong></span> <span class='ocrx_word' id='word_1_57' title='bbox 958 980 987 1037; x_wconf 94' lang='lat' dir='ltr'><strong>in</strong></span> <span class='ocrx_word' id='word_1_58' title='bbox 1000 977 1130 1055; x_wconf 80' lang='lat' dir='ltr'><strong>gravidis</strong></span> 
     </span>
     <span class='ocr_line' id='line_1_8' title="bbox 131 1057 1131 1141; baseline 0 -19"><span class='ocrx_word' id='word_1_59' title='bbox 131 1078 247 1141; x_wconf 89' lang='lat' dir='ltr'><strong>quoque</strong></span> <span class='ocrx_word' id='word_1_60' title='bbox 265 1057 449 1135; x_wconf 86' lang='lat' dir='ltr'><strong>mulieribus,</strong></span> <span class='ocrx_word' id='word_1_61' title='bbox 471 1068 552 1119; x_wconf 86' lang='lat' dir='ltr'><strong>vetus</strong></span> <span class='ocrx_word' id='word_1_62' title='bbox 569 1068 703 1120; x_wconf 87' lang='lat' dir='ltr'><strong>nonest:</strong></span> <span class='ocrx_word' id='word_1_63' title='bbox 726 1059 865 1140; x_wconf 83' lang='lat' dir='ltr'><strong>siquidem</strong></span> <span class='ocrx_word' id='word_1_64' title='bbox 881 1062 989 1140; x_wconf 78' lang='lat' dir='ltr'><strong>antiqui</strong></span> <span class='ocrx_word' id='word_1_65' title='bbox 1012 1063 1131 1139; x_wconf 84' lang='lat' dir='ltr'><strong>primam</strong></span> 
     </span>
     <span class='ocr_line' id='line_1_9' title="bbox 130 1144 1131 1223; baseline -0.001 -17"><span class='ocrx_word' id='word_1_66' title='bbox 130 1146 312 1223; x_wconf 82' lang='lat' dir='ltr'><strong>ultimamque</strong></span> <span class='ocrx_word' id='word_1_67' title='bbox 335 1151 457 1203; x_wconf 87' lang='lat' dir='ltr'><strong>aetatem</strong></span> <span class='ocrx_word' id='word_1_68' title='bbox 479 1145 621 1203; x_wconf 89' lang='lat' dir='ltr'><strong>sustinere</strong></span> <span class='ocrx_word' id='word_1_69' title='bbox 645 1162 702 1204; x_wconf 92' lang='lat' dir='ltr'><strong>non</strong></span> <span class='ocrx_word' id='word_1_70' title='bbox 724 1161 814 1223; x_wconf 88' lang='lat' dir='ltr'><strong>posse</strong></span> <span class='ocrx_word' id='word_1_71' title='bbox 837 1145 894 1204; x_wconf 89' lang='lat' dir='ltr'><strong>hoo</strong></span> <span class='ocrx_word' id='word_1_72' title='bbox 918 1144 1016 1204; x_wconf 83' lang='lat' dir='ltr'><strong>auxilii</strong></span> <span class='ocrx_word' id='word_1_73' title='bbox 1037 1163 1131 1223; x_wconf 77' lang='lat' dir='ltr'><strong>genus</strong></span> 
     </span>
     <span class='ocr_line' id='line_1_10' title="bbox 126 1227 1130 1308; baseline 0 -19"><span class='ocrx_word' id='word_1_74' title='bbox 126 1227 310 1306; x_wconf 86' lang='lat' dir='ltr'><strong>judicabant:</strong></span> <span class='ocrx_word' id='word_1_75' title='bbox 336 1237 599 1306; x_wconf 78' lang='lat' dir='ltr'><strong>persuaserantque</strong></span> <span class='ocrx_word' id='word_1_76' title='bbox 623 1228 694 1304; x_wconf 92' lang='lat' dir='ltr'><strong>sibi,</strong></span> <span class='ocrx_word' id='word_1_77' title='bbox 709 1228 858 1289; x_wconf 88' lang='lat' dir='ltr'><strong>mulierem</strong></span> <span class='ocrx_word' id='word_1_78' title='bbox 873 1227 1038 1305; x_wconf 81' lang='lat' dir='ltr'><strong>gravidam,</strong></span> <span class='ocrx_word' id='word_1_79' title='bbox 1056 1247 1130 1308; x_wconf 88' lang='lat' dir='ltr'><strong>quae</strong></span> 
     </span>
     <span class='ocr_line' id='line_1_11' title="bbox 130 1310 1165 1391; baseline 0.003 -18"><span class='ocrx_word' id='word_1_80' title='bbox 130 1315 167 1374; x_wconf 89' lang='lat' dir='ltr'><strong>itu</strong></span> <span class='ocrx_word' id='word_1_81' title='bbox 181 1321 276 1372; x_wconf 89' lang='lat' dir='ltr'><strong>curata</strong></span> <span class='ocrx_word' id='word_1_82' title='bbox 290 1319 379 1386; x_wconf 87' lang='lat' dir='ltr'><strong>esset,</strong></span> <span class='ocrx_word' id='word_1_83' title='bbox 396 1310 526 1370; x_wconf 87' lang='lat' dir='ltr'><strong>abortum</strong></span> <span class='ocrx_word' id='word_1_84' title='bbox 540 1330 607 1371; x_wconf 89' lang='lat' dir='ltr'><strong>esse</strong></span> <span class='ocrx_word' id='word_1_85' title='bbox 619 1312 758 1373; x_wconf 87' lang='lat' dir='ltr'><strong>iacturam</strong></span> <span class='ocrx_word' id='word_1_86' title='bbox 777 1310 872 1391; x_wconf 80' lang='lat' dir='ltr'><strong>(Apu.</strong></span> <span class='ocrx_word' id='word_1_87' title='bbox 884 1314 922 1389; x_wconf 90' lang='lat' dir='ltr'><strong>V,</strong></span> <span class='ocrx_word' id='word_1_88' title='bbox 938 1312 1007 1390; x_wconf 84' lang='lat'>31).</span> <span class='ocrx_word' id='word_1_89' title='bbox 1023 1312 1130 1373; x_wconf 85' lang='lat' dir='ltr'><strong>Postea</strong></span> <span class='ocrx_word' id='word_1_90' title='bbox 1141 1336 1165 1376; x_wconf 75' lang='lat' dir='ltr'><strong>ro</strong></span> 
     </span>
     <span class='ocr_line' id='line_1_12' title="bbox 129 1394 1129 1476; baseline 0 -18"><span class='ocrx_word' id='word_1_91' title='bbox 129 1412 202 1458; x_wconf 88' lang='lat' dir='ltr'><strong>vero</strong></span> <span class='ocrx_word' id='word_1_92' title='bbox 217 1413 284 1455; x_wconf 85' lang='lat' dir='ltr'><strong>usus</strong></span> <span class='ocrx_word' id='word_1_93' title='bbox 299 1394 433 1471; x_wconf 85' lang='lat' dir='ltr'><strong>ostendit,</strong></span> <span class='ocrx_word' id='word_1_94' title='bbox 449 1395 516 1454; x_wconf 86' lang='lat' dir='ltr'><strong>nibil</strong></span> <span class='ocrx_word' id='word_1_95' title='bbox 533 1397 561 1454; x_wconf 91' lang='lat' dir='ltr'><strong>in</strong></span> <span class='ocrx_word' id='word_1_96' title='bbox 575 1396 619 1456; x_wconf 89' lang='lat' dir='ltr'><strong>bis</strong></span> <span class='ocrx_word' id='word_1_97' title='bbox 636 1414 703 1456; x_wconf 89' lang='lat' dir='ltr'><strong>esse</strong></span> <span class='ocrx_word' id='word_1_98' title='bbox 725 1406 910 1476; x_wconf 69' lang='lat' dir='ltr'><strong>perpetuum</strong></span> <span class='ocrx_word' id='word_1_99' title='bbox 932 1395 1061 1475; x_wconf 90' lang='lat' dir='ltr'><strong>aliasque</strong></span> <span class='ocrx_word' id='word_1_100' title='bbox 1078 1415 1129 1476; x_wconf 94' lang='lat' dir='ltr'><strong>po-</strong></span> 
     </span>
     <span class='ocr_line' id='line_1_13' title="bbox 129 1478 1129 1560; baseline -0.002 -18"><span class='ocrx_word' id='word_1_101' title='bbox 129 1483 186 1542; x_wconf 87' lang='lat' dir='ltr'><strong>tius</strong></span> <span class='ocrx_word' id='word_1_102' title='bbox 207 1479 429 1540; x_wconf 87' lang='lat' dir='ltr'><strong>observationes</strong></span> <span class='ocrx_word' id='word_1_103' title='bbox 451 1478 627 1541; x_wconf 87' lang='lat' dir='ltr'><strong>adhibendas</strong></span> <span class='ocrx_word' id='word_1_104' title='bbox 649 1499 731 1556; x_wconf 89' lang='lat' dir='ltr'><strong>esse,</strong></span> <span class='ocrx_word' id='word_1_105' title='bbox 753 1479 789 1540; x_wconf 91' lang='lat' dir='ltr'><strong>ad</strong></span> <span class='ocrx_word' id='word_1_106' title='bbox 812 1499 884 1559; x_wconf 86' lang='lat' dir='ltr'><strong>quas</strong></span> <span class='ocrx_word' id='word_1_107' title='bbox 900 1479 985 1560; x_wconf 77' lang='lat' dir='ltr'><strong>dirigi</strong></span> <span class='ocrx_word' id='word_1_108' title='bbox 1003 1485 1129 1542; x_wconf 89' lang='lat' dir='ltr'><strong>curantis</strong></span> 
     </span>
     <span class='ocr_line' id='line_1_14' title="bbox 130 1562 1127 1647; baseline -0.002 -21"><span class='ocrx_word' id='word_1_109' title='bbox 130 1564 280 1626; x_wconf 86' lang='lat' dir='ltr'><strong>consilium</strong></span> <span class='ocrx_word' id='word_1_110' title='bbox 299 1562 418 1623; x_wconf 89' lang='lat' dir='ltr'><strong>debeat:</strong></span> <span class='ocrx_word' id='word_1_111' title='bbox 449 1565 570 1623; x_wconf 89' lang='lat' dir='ltr'><strong>interest</strong></span> <span class='ocrx_word' id='word_1_112' title='bbox 591 1566 665 1626; x_wconf 90' lang='lat' dir='ltr'><strong>enim</strong></span> <span class='ocrx_word' id='word_1_113' title='bbox 686 1582 743 1626; x_wconf 94' lang='lat' dir='ltr'><strong>non</strong></span> <span class='ocrx_word' id='word_1_114' title='bbox 767 1583 840 1647; x_wconf 89' lang='lat' dir='ltr'><strong>quae</strong></span> <span class='ocrx_word' id='word_1_115' title='bbox 863 1574 942 1626; x_wconf 89' lang='lat' dir='ltr'><strong>aetas</strong></span> <span class='ocrx_word' id='word_1_116' title='bbox 958 1567 1010 1641; x_wconf 88' lang='lat' dir='ltr'><strong>sit,</strong></span> <span class='ocrx_word' id='word_1_117' title='bbox 1033 1584 1127 1644; x_wconf 88' lang='lat' dir='ltr'><strong>neque</strong></span> 
     </span>
     <span class='ocr_line' id='line_1_15' title="bbox 129 1647 1127 1731; baseline -0.004 -20"><span class='ocrx_word' id='word_1_118' title='bbox 129 1649 197 1731; x_wconf 92' lang='lat' dir='ltr'><strong>quid</strong></span> <span class='ocrx_word' id='word_1_119' title='bbox 217 1649 246 1706; x_wconf 94' lang='lat' dir='ltr'><strong>in</strong></span> <span class='ocrx_word' id='word_1_120' title='bbox 267 1664 392 1725; x_wconf 88' lang='lat' dir='ltr'><strong>corpore</strong></span> <span class='ocrx_word' id='word_1_121' title='bbox 408 1649 482 1706; x_wconf 91' lang='lat' dir='ltr'><strong>intus</strong></span> <span class='ocrx_word' id='word_1_122' title='bbox 497 1659 633 1726; x_wconf 80' lang='lat' dir='ltr'><strong>geratur,</strong></span> <span class='ocrx_word' id='word_1_123' title='bbox 656 1649 708 1709; x_wconf 89' lang='lat' dir='ltr'><strong>sed</strong></span> <span class='ocrx_word' id='word_1_124' title='bbox 728 1667 802 1729; x_wconf 87' lang='lat' dir='ltr'><strong>quae</strong></span> <span class='ocrx_word' id='word_1_125' title='bbox 817 1651 895 1709; x_wconf 82' lang='lat' dir='ltr'><strong>vires</strong></span> <span class='ocrx_word' id='word_1_126' title='bbox 909 1651 975 1709; x_wconf 86' lang='lat' dir='ltr'><strong>siut.</strong></span> <span class='ocrx_word' id='word_1_127' title='bbox 1004 1647 1086 1725; x_wconf 77' lang='lat' dir='ltr'><strong>Ergo</strong></span> <span class='ocrx_word' id='word_1_128' title='bbox 1103 1650 1127 1708; x_wconf 88' lang='lat' dir='ltr'><strong>si</strong></span> 
     </span>
     <span class='ocr_line' id='line_1_16' title="bbox 125 1730 1161 1811; baseline 0.002 -17"><span class='ocrx_word' id='word_1_129' title='bbox 125 1734 242 1810; x_wconf 80' lang='lat' dir='ltr'><strong>Juvenis</strong></span> <span class='ocrx_word' id='word_1_130' title='bbox 264 1730 425 1792; x_wconf 87' lang='lat' dir='ltr'><strong>imbecillus</strong></span> <span class='ocrx_word' id='word_1_131' title='bbox 446 1741 506 1806; x_wconf 85' lang='lat' dir='ltr'><strong>est,</strong></span> <span class='ocrx_word' id='word_1_132' title='bbox 528 1744 576 1792; x_wconf 90' lang='lat' dir='ltr'><strong>ant</strong></span> <span class='ocrx_word' id='word_1_133' title='bbox 590 1735 614 1793; x_wconf 91' lang='lat' dir='ltr'><strong>si</strong></span> <span class='ocrx_word' id='word_1_134' title='bbox 631 1734 750 1809; x_wconf 90' lang='lat' dir='ltr'><strong>mulier,</strong></span> <span class='ocrx_word' id='word_1_135' title='bbox 774 1751 847 1811; x_wconf 86' lang='lat' dir='ltr'><strong>quae</strong></span> <span class='ocrx_word' id='word_1_136' title='bbox 864 1732 982 1810; x_wconf 77' lang='lat' dir='ltr'><strong>gravida</strong></span> <span class='ocrx_word' id='word_1_137' title='bbox 999 1750 1055 1793; x_wconf 92' lang='lat' dir='ltr'><strong>non</strong></span> <span class='ocrx_word' id='word_1_138' title='bbox 1071 1742 1126 1809; x_wconf 86' lang='lat' dir='ltr'><strong>est,</strong></span> <span class='ocrx_word' id='word_1_139' title='bbox 1137 1756 1161 1796; x_wconf 79' lang='lat' dir='ltr'><strong>rs</strong></span> 
     </span>
     <span class='ocr_line' id='line_1_17' title="bbox 130 1817 1126 1897; baseline -0.003 -19"><span class='ocrx_word' id='word_1_140' title='bbox 130 1837 228 1897; x_wconf 88' lang='lat' dir='ltr'><strong>parum</strong></span> <span class='ocrx_word' id='word_1_141' title='bbox 248 1817 342 1891; x_wconf 86' lang='lat' dir='ltr'><strong>valet,</strong></span> <span class='ocrx_word' id='word_1_142' title='bbox 366 1817 440 1876; x_wconf 89' lang='lat' dir='ltr'><strong>male</strong></span> <span class='ocrx_word' id='word_1_143' title='bbox 462 1819 583 1893; x_wconf 80' lang='lat' dir='ltr'><strong>sanguis</strong></span> <span class='ocrx_word' id='word_1_144' title='bbox 605 1819 737 1877; x_wconf 88' lang='lat' dir='ltr'><strong>mittitur:</strong></span> <span class='ocrx_word' id='word_1_145' title='bbox 765 1819 902 1876; x_wconf 88' lang='lat' dir='ltr'><strong>emoritur</strong></span> <span class='ocrx_word' id='word_1_146' title='bbox 924 1819 999 1877; x_wconf 89' lang='lat' dir='ltr'><strong>enim</strong></span> <span class='ocrx_word' id='word_1_147' title='bbox 1019 1818 1078 1893; x_wconf 86' lang='lat' dir='ltr'><strong>vis,</strong></span> <span class='ocrx_word' id='word_1_148' title='bbox 1102 1818 1126 1875; x_wconf 87' lang='lat' dir='ltr'><strong>si</strong></span> 
     </span>
     <span class='ocr_line' id='line_1_18' title="bbox 129 1899 1127 1983; baseline -0.003 -21"><span class='ocrx_word' id='word_1_149' title='bbox 129 1922 185 1983; x_wconf 89' lang='lat' dir='ltr'><strong>qua</strong></span> <span class='ocrx_word' id='word_1_150' title='bbox 200 1910 359 1981; x_wconf 88' lang='lat' dir='ltr'><strong>supererat,</strong></span> <span class='ocrx_word' id='word_1_151' title='bbox 376 1901 433 1961; x_wconf 92' lang='lat' dir='ltr'><strong>hoc</strong></span> <span class='ocrx_word' id='word_1_152' title='bbox 445 1901 531 1960; x_wconf 92' lang='lat' dir='ltr'><strong>modo</strong></span> <span class='ocrx_word' id='word_1_153' title='bbox 546 1909 655 1980; x_wconf 85' lang='lat' dir='ltr'><strong>erepta.</strong></span> <span class='ocrx_word' id='word_1_154' title='bbox 684 1900 723 1961; x_wconf 84' lang='lat' dir='ltr'><strong>At</strong></span> <span class='ocrx_word' id='word_1_155' title='bbox 739 1902 834 1959; x_wconf 88' lang='lat' dir='ltr'><strong>firmus</strong></span> <span class='ocrx_word' id='word_1_156' title='bbox 848 1919 931 1978; x_wconf 92' lang='lat' dir='ltr'><strong>puer,</strong></span> <span class='ocrx_word' id='word_1_157' title='bbox 948 1909 977 1960; x_wconf 89' lang='lat' dir='ltr'><strong>et</strong></span> <span class='ocrx_word' id='word_1_158' title='bbox 990 1899 1127 1960; x_wconf 89' lang='lat' dir='ltr'><strong>robustus</strong></span> 
     </span>
     <span class='ocr_line' id='line_1_19' title="bbox 129 1984 1127 2063; baseline -0.004 -16"><span class='ocrx_word' id='word_1_159' title='bbox 129 2006 230 2063; x_wconf 80' lang='lat' dir='ltr'><strong>senex,</strong></span> <span class='ocrx_word' id='word_1_160' title='bbox 247 1996 276 2045; x_wconf 91' lang='lat' dir='ltr'><strong>et</strong></span> <span class='ocrx_word' id='word_1_161' title='bbox 289 1986 408 2062; x_wconf 84' lang='lat' dir='ltr'><strong>gravida</strong></span> <span class='ocrx_word' id='word_1_162' title='bbox 424 1986 525 2044; x_wconf 90' lang='lat' dir='ltr'><strong>mulier</strong></span> <span class='ocrx_word' id='word_1_163' title='bbox 540 1986 651 2060; x_wconf 87' lang='lat' dir='ltr'><strong>valens,</strong></span> <span class='ocrx_word' id='word_1_164' title='bbox 667 1993 726 2044; x_wconf 91' lang='lat' dir='ltr'><strong>tuto</strong></span> <span class='ocrx_word' id='word_1_165' title='bbox 742 1993 865 2044; x_wconf 90' lang='lat' dir='ltr'><strong>curatur.</strong></span> <span class='ocrx_word' id='word_1_166' title='bbox 894 1984 1018 2044; x_wconf 77' lang='lat' dir='ltr'><strong>Maxime</strong></span> <span class='ocrx_word' id='word_1_167' title='bbox 1033 1993 1127 2043; x_wconf 86' lang='lat' dir='ltr'><strong>tamen</strong></span> 
     </span>
     <span class='ocr_line' id='line_1_20' title="bbox 129 2068 1127 2147; baseline -0.006 -16"><span class='ocrx_word' id='word_1_168' title='bbox 129 2074 157 2131; x_wconf 89' lang='lat' dir='ltr'><strong>in</strong></span> <span class='ocrx_word' id='word_1_169' title='bbox 171 2071 216 2130; x_wconf 91' lang='lat' dir='ltr'><strong>his</strong></span> <span class='ocrx_word' id='word_1_170' title='bbox 231 2070 358 2128; x_wconf 86' lang='lat' dir='ltr'><strong>medicus</strong></span> <span class='ocrx_word' id='word_1_171' title='bbox 372 2071 521 2147; x_wconf 87' lang='lat' dir='ltr'><strong>imperitus</strong></span> <span class='ocrx_word' id='word_1_172' title='bbox 536 2069 598 2129; x_wconf 85' lang='lat' dir='ltr'><strong>falli</strong></span> <span class='ocrx_word' id='word_1_173' title='bbox 614 2078 725 2147; x_wconf 88' lang='lat' dir='ltr'><strong>potest:</strong></span> <span class='ocrx_word' id='word_1_174' title='bbox 745 2068 809 2146; x_wconf 91' lang='lat' dir='ltr'><strong>quia</strong></span> <span class='ocrx_word' id='word_1_175' title='bbox 825 2068 888 2127; x_wconf 86' lang='lat' dir='ltr'><strong>fere</strong></span> <span class='ocrx_word' id='word_1_176' title='bbox 904 2069 996 2128; x_wconf 88' lang='lat' dir='ltr'><strong>minus</strong></span> <span class='ocrx_word' id='word_1_177' title='bbox 1011 2068 1127 2128; x_wconf 91' lang='lat' dir='ltr'><strong>roboris</strong></span> 
     </span>
     <span class='ocr_line' id='line_1_21' title="bbox 128 2153 1160 2231; baseline -0.004 -16"><span class='ocrx_word' id='word_1_178' title='bbox 128 2156 185 2215; x_wconf 91' lang='lat' dir='ltr'><strong>illis</strong></span> <span class='ocrx_word' id='word_1_179' title='bbox 202 2153 342 2213; x_wconf 90' lang='lat' dir='ltr'><strong>aetatibus</strong></span> <span class='ocrx_word' id='word_1_180' title='bbox 358 2153 472 2220; x_wconf 89' lang='lat' dir='ltr'><strong>subest;</strong></span> <span class='ocrx_word' id='word_1_181' title='bbox 493 2154 663 2231; x_wconf 89' lang='lat' dir='ltr'><strong>mulierique</strong></span> <span class='ocrx_word' id='word_1_182' title='bbox 679 2154 847 2231; x_wconf 86' lang='lat' dir='ltr'><strong>praegnanti</strong></span> <span class='ocrx_word' id='word_1_183' title='bbox 864 2162 931 2230; x_wconf 89' lang='lat' dir='ltr'><strong>post</strong></span> <span class='ocrx_word' id='word_1_184' title='bbox 948 2153 1123 2211; x_wconf 89' lang='lat' dir='ltr'><strong>curationem</strong></span> <span class='ocrx_word' id='word_1_185' title='bbox 1135 2172 1160 2212; x_wconf 82' lang='lat' dir='ltr'><strong>ao</strong></span> 
     </span>
     <span class='ocr_line' id='line_1_22' title="bbox 129 2234 1126 2318; baseline -0.005 -20"><span class='ocrx_word' id='word_1_186' title='bbox 129 2257 244 2318; x_wconf 90' lang='lat' dir='ltr'><strong>quoquc</strong></span> <span class='ocrx_word' id='word_1_187' title='bbox 260 2234 366 2294; x_wconf 89' lang='lat' dir='ltr'><strong>viribus</strong></span> <span class='ocrx_word' id='word_1_188' title='bbox 382 2254 456 2315; x_wconf 91' lang='lat' dir='ltr'><strong>opus</strong></span> <span class='ocrx_word' id='word_1_189' title='bbox 470 2246 524 2312; x_wconf 90' lang='lat' dir='ltr'><strong>est,</strong></span> <span class='ocrx_word' id='word_1_190' title='bbox 542 2254 599 2296; x_wconf 92' lang='lat' dir='ltr'><strong>non</strong></span> <span class='ocrx_word' id='word_1_191' title='bbox 615 2245 721 2296; x_wconf 89' lang='lat' dir='ltr'><strong>tanturn</strong></span> <span class='ocrx_word' id='word_1_192' title='bbox 738 2234 773 2294; x_wconf 91' lang='lat' dir='ltr'><strong>ad</strong></span> <span class='ocrx_word' id='word_1_193' title='bbox 790 2254 832 2310; x_wconf 89' lang='lat' dir='ltr'><strong>se,</strong></span> <span class='ocrx_word' id='word_1_194' title='bbox 850 2234 901 2295; x_wconf 89' lang='lat' dir='ltr'><strong>sed</strong></span> <span class='ocrx_word' id='word_1_195' title='bbox 917 2237 1049 2296; x_wconf 86' lang='lat' dir='ltr'><strong>etiamad</strong></span> <span class='ocrx_word' id='word_1_196' title='bbox 1063 2254 1126 2314; x_wconf 90' lang='lat' dir='ltr'><strong>par-</strong></span> 
     </span>
     <span class='ocr_line' id='line_1_23' title="bbox 129 2317 1127 2400; baseline -0.004 -19"><span class='ocrx_word' id='word_1_197' title='bbox 129 2332 184 2381; x_wconf 89' lang='lat' dir='ltr'><strong>tum</strong></span> <span class='ocrx_word' id='word_1_198' title='bbox 202 2317 404 2379; x_wconf 88' lang='lat' dir='ltr'><strong>sustinendum.</strong></span> <span class='ocrx_word' id='word_1_199' title='bbox 431 2318 497 2380; x_wconf 89' lang='lat' dir='ltr'><strong>Non</strong></span> <span class='ocrx_word' id='word_1_200' title='bbox 519 2320 654 2400; x_wconf 89' lang='lat' dir='ltr'><strong>quidquid</strong></span> <span class='ocrx_word' id='word_1_201' title='bbox 676 2329 770 2379; x_wconf 90' lang='lat' dir='ltr'><strong>autem</strong></span> <span class='ocrx_word' id='word_1_202' title='bbox 792 2321 976 2378; x_wconf 88' lang='lat' dir='ltr'><strong>intentionem</strong></span> <span class='ocrx_word' id='word_1_203' title='bbox 999 2320 1083 2379; x_wconf 91' lang='lat' dir='ltr'><strong>animi</strong></span> <span class='ocrx_word' id='word_1_204' title='bbox 1099 2328 1127 2378; x_wconf 88' lang='lat' dir='ltr'><strong>et</strong></span> 
     </span>
     <span class='ocr_line' id='line_1_24' title="bbox 130 2403 1126 2484; baseline -0.002 -20"><span class='ocrx_word' id='word_1_205' title='bbox 130 2404 306 2484; x_wconf 90' lang='lat' dir='ltr'><strong>prudentiam</strong></span> <span class='ocrx_word' id='word_1_206' title='bbox 323 2405 431 2480; x_wconf 80' lang='lat' dir='ltr'><strong>exigit,</strong></span> <span class='ocrx_word' id='word_1_207' title='bbox 449 2406 578 2483; x_wconf 90' lang='lat' dir='ltr'><strong>protinus</strong></span> <span class='ocrx_word' id='word_1_208' title='bbox 594 2403 765 2480; x_wconf 87' lang='lat' dir='ltr'><strong>ejiciendum</strong></span> <span class='ocrx_word' id='word_1_209' title='bbox 782 2412 841 2471; x_wconf 90' lang='lat' dir='ltr'><strong>est;</strong></span> <span class='ocrx_word' id='word_1_210' title='bbox 864 2421 948 2482; x_wconf 90' lang='lat' dir='ltr'><strong>quum</strong></span> <span class='ocrx_word' id='word_1_211' title='bbox 969 2405 1126 2480; x_wconf 86' lang='lat' dir='ltr'><strong>praecipua</strong></span> 
     </span>
     <span class='ocr_line' id='line_1_25' title="bbox 129 2488 1126 2565; baseline -0.003 -17"><span class='ocrx_word' id='word_1_212' title='bbox 129 2491 157 2548; x_wconf 92' lang='lat' dir='ltr'><strong>in</strong></span> <span class='ocrx_word' id='word_1_213' title='bbox 172 2488 228 2547; x_wconf 91' lang='lat' dir='ltr'><strong>hoc</strong></span> <span class='ocrx_word' id='word_1_214' title='bbox 246 2506 293 2546; x_wconf 90' lang='lat' dir='ltr'><strong>ars</strong></span> <span class='ocrx_word' id='word_1_215' title='bbox 309 2488 357 2563; x_wconf 90' lang='lat' dir='ltr'><strong>sit,</strong></span> <span class='ocrx_word' id='word_1_216' title='bbox 376 2505 450 2565; x_wconf 90' lang='lat' dir='ltr'><strong>quae</strong></span> <span class='ocrx_word' id='word_1_217' title='bbox 466 2505 521 2547; x_wconf 93' lang='lat' dir='ltr'><strong>non</strong></span> <span class='ocrx_word' id='word_1_218' title='bbox 537 2506 627 2548; x_wconf 91' lang='lat' dir='ltr'><strong>annos</strong></span> <span class='ocrx_word' id='word_1_219' title='bbox 638 2495 778 2562; x_wconf 86' lang='lat' dir='ltr'><strong>numeret,</strong></span> <span class='ocrx_word' id='word_1_220' title='bbox 795 2504 889 2564; x_wconf 91' lang='lat' dir='ltr'><strong>neque</strong></span> <span class='ocrx_word' id='word_1_221' title='bbox 903 2488 1126 2565; x_wconf 82' lang='lat' dir='ltr'><strong>conceptionem</strong></span> 
     </span>
     <span class='ocr_line' id='line_1_26' title="bbox 129 2569 1161 2647; baseline 0 -15"><span class='ocrx_word' id='word_1_222' title='bbox 129 2571 221 2632; x_wconf 87' lang='lat' dir='ltr'><strong>solam</strong></span> <span class='ocrx_word' id='word_1_223' title='bbox 242 2570 352 2646; x_wconf 86' lang='lat' dir='ltr'><strong>videat,</strong></span> <span class='ocrx_word' id='word_1_224' title='bbox 374 2572 425 2631; x_wconf 91' lang='lat' dir='ltr'><strong>sed</strong></span> <span class='ocrx_word' id='word_1_225' title='bbox 448 2574 525 2631; x_wconf 87' lang='lat' dir='ltr'><strong>vires</strong></span> <span class='ocrx_word' id='word_1_226' title='bbox 549 2574 695 2647; x_wconf 90' lang='lat' dir='ltr'><strong>aestimet,</strong></span> <span class='ocrx_word' id='word_1_227' title='bbox 718 2580 747 2630; x_wconf 87' lang='lat' dir='ltr'><strong>et</strong></span> <span class='ocrx_word' id='word_1_228' title='bbox 770 2588 807 2629; x_wconf 85' lang='lat' dir='ltr'><strong>ex</strong></span> <span class='ocrx_word' id='word_1_229' title='bbox 822 2587 858 2628; x_wconf 87' lang='lat' dir='ltr'><strong>eo</strong></span> <span class='ocrx_word' id='word_1_230' title='bbox 876 2569 1009 2646; x_wconf 83' lang='lat' dir='ltr'><strong>colligat,</strong></span> <span class='ocrx_word' id='word_1_231' title='bbox 1032 2572 1126 2647; x_wconf 88' lang='lat' dir='ltr'><strong>possit</strong></span> <span class='ocrx_word' id='word_1_232' title='bbox 1135 2593 1161 2632; x_wconf 78' lang='lat' dir='ltr'><strong>os</strong></span> 
     </span>
     <span class='ocr_line' id='line_1_27' title="bbox 127 2653 1124 2735; baseline -0.004 -20"><span class='ocrx_word' id='word_1_233' title='bbox 127 2672 221 2715; x_wconf 87' lang='lat' dir='ltr'><strong>necne</strong></span> <span class='ocrx_word' id='word_1_234' title='bbox 245 2673 417 2732; x_wconf 82' lang='lat' dir='ltr'><strong>superesse,</strong></span> <span class='ocrx_word' id='word_1_235' title='bbox 441 2657 517 2735; x_wconf 94' lang='lat' dir='ltr'><strong>quod</strong></span> <span class='ocrx_word' id='word_1_236' title='bbox 538 2657 586 2716; x_wconf 86' lang='lat' dir='ltr'><strong>vel</strong></span> <span class='ocrx_word' id='word_1_237' title='bbox 609 2673 742 2734; x_wconf 89' lang='lat' dir='ltr'><strong>puerum,</strong></span> <span class='ocrx_word' id='word_1_238' title='bbox 758 2653 807 2713; x_wconf 86' lang='lat' dir='ltr'><strong>vel</strong></span> <span class='ocrx_word' id='word_1_239' title='bbox 823 2671 938 2730; x_wconf 89' lang='lat' dir='ltr'><strong>senem,</strong></span> <span class='ocrx_word' id='word_1_240' title='bbox 961 2653 1008 2712; x_wconf 86' lang='lat' dir='ltr'><strong>vel</strong></span> <span class='ocrx_word' id='word_1_241' title='bbox 1026 2654 1055 2712; x_wconf 94' lang='lat' dir='ltr'><strong>in</strong></span> <span class='ocrx_word' id='word_1_242' title='bbox 1069 2672 1124 2712; x_wconf 91' lang='lat' dir='ltr'><strong>una</strong></span> 
     </span>
     <span class='ocr_line' id='line_1_28' title="bbox 127 2737 1126 2820; baseline -0.003 -22"><span class='ocrx_word' id='word_1_243' title='bbox 127 2739 247 2798; x_wconf 85' lang='lat' dir='ltr'><strong>muliere</strong></span> <span class='ocrx_word' id='word_1_244' title='bbox 271 2738 326 2797; x_wconf 95' lang='lat' dir='ltr'><strong>duo</strong></span> <span class='ocrx_word' id='word_1_245' title='bbox 349 2756 474 2820; x_wconf 90' lang='lat' dir='ltr'><strong>corpora</strong></span> <span class='ocrx_word' id='word_1_246' title='bbox 495 2741 577 2800; x_wconf 88' lang='lat' dir='ltr'><strong>simul</strong></span> <span class='ocrx_word' id='word_1_247' title='bbox 600 2741 746 2799; x_wconf 86' lang='lat' dir='ltr'><strong>sustineat.</strong></span> <span class='ocrx_word' id='word_1_248' title='bbox 789 2737 915 2798; x_wconf 89' lang='lat' dir='ltr'><strong>Interest</strong></span> <span class='ocrx_word' id='word_1_249' title='bbox 943 2738 1027 2798; x_wconf 86' lang='lat' dir='ltr'><strong>etiarn</strong></span> <span class='ocrx_word' id='word_1_250' title='bbox 1051 2738 1126 2796; x_wconf 90' lang='lat' dir='ltr'><strong>inter</strong></span> 
     </span>
     <span class='ocr_line' id='line_1_29' title="bbox 128 2822 1124 2900; baseline -0.005 -17"><span class='ocrx_word' id='word_1_251' title='bbox 128 2823 229 2883; x_wconf 83' lang='lat' dir='ltr'><strong>valens</strong></span> <span class='ocrx_word' id='word_1_252' title='bbox 244 2839 362 2900; x_wconf 89' lang='lat' dir='ltr'><strong>corpus,</strong></span> <span class='ocrx_word' id='word_1_253' title='bbox 383 2835 411 2883; x_wconf 88' lang='lat' dir='ltr'><strong>et</strong></span> <span class='ocrx_word' id='word_1_254' title='bbox 426 2825 559 2893; x_wconf 89' lang='lat' dir='ltr'><strong>obesum;</strong></span> <span class='ocrx_word' id='word_1_255' title='bbox 577 2826 651 2883; x_wconf 90' lang='lat' dir='ltr'><strong>inter</strong></span> <span class='ocrx_word' id='word_1_256' title='bbox 663 2831 760 2898; x_wconf 90' lang='lat' dir='ltr'><strong>tenue,</strong></span> <span class='ocrx_word' id='word_1_257' title='bbox 777 2831 806 2881; x_wconf 90' lang='lat' dir='ltr'><strong>et</strong></span> <span class='ocrx_word' id='word_1_258' title='bbox 818 2823 973 2883; x_wconf 82' lang='lat' dir='ltr'><strong>infirmum:</strong></span> <span class='ocrx_word' id='word_1_259' title='bbox 989 2822 1124 2882; x_wconf 88' lang='lat' dir='ltr'><strong>tenuiori·</strong></span> 
     </span>
     <span class='ocr_line' id='line_1_30' title="bbox 128 2905 1123 2988; baseline -0.003 -22"><span class='ocrx_word' id='word_1_260' title='bbox 128 2907 181 2967; x_wconf 90' lang='lat' dir='ltr'><strong>bus</strong></span> <span class='ocrx_word' id='word_1_261' title='bbox 196 2909 287 2984; x_wconf 79' lang='lat' dir='ltr'><strong>magis</strong></span> <span class='ocrx_word' id='word_1_262' title='bbox 304 2912 430 2984; x_wconf 80' lang='lat' dir='ltr'><strong>sanguis,</strong></span> <span class='ocrx_word' id='word_1_263' title='bbox 450 2907 629 2988; x_wconf 90' lang='lat' dir='ltr'><strong>plenioribus</strong></span> <span class='ocrx_word' id='word_1_264' title='bbox 646 2908 737 2982; x_wconf 83' lang='lat' dir='ltr'><strong>magis</strong></span> <span class='ocrx_word' id='word_1_265' title='bbox 751 2923 820 2965; x_wconf 89' lang='lat' dir='ltr'><strong>carc</strong></span> <span class='ocrx_word' id='word_1_266' title='bbox 834 2905 966 2967; x_wconf 88' lang='lat' dir='ltr'><strong>abundat.</strong></span> <span class='ocrx_word' id='word_1_267' title='bbox 997 2905 1123 2965; x_wconf 82' lang='lat' dir='ltr'><strong>Facilius</strong></span> 
     </span>
     <span class='ocr_line' id='line_1_31' title="bbox 127 2990 1159 3069; baseline -0.004 -19"><span class='ocrx_word' id='word_1_268' title='bbox 127 2994 223 3069; x_wconf 90' lang='lat' dir='ltr'><strong>itaque</strong></span> <span class='ocrx_word' id='word_1_269' title='bbox 247 2990 287 3050; x_wconf 91' lang='lat' dir='ltr'><strong>illi</strong></span> <span class='ocrx_word' id='word_1_270' title='bbox 311 2990 517 3053; x_wconf 87' lang='lat' dir='ltr'><strong>detractionem</strong></span> <span class='ocrx_word' id='word_1_271' title='bbox 540 2991 679 3068; x_wconf 88' lang='lat' dir='ltr'><strong>ejusmodi</strong></span> <span class='ocrx_word' id='word_1_272' title='bbox 695 2991 851 3059; x_wconf 87' lang='lat' dir='ltr'><strong>sustinent;</strong></span> <span class='ocrx_word' id='word_1_273' title='bbox 876 2990 1059 3068; x_wconf 88' lang='lat' dir='ltr'><strong>celeriusque</strong></span> <span class='ocrx_word' id='word_1_274' title='bbox 1075 3006 1159 3063; x_wconf 77' lang='lat' dir='ltr'><strong>ea,30</strong></span> 
     </span>
     <span class='ocr_line' id='line_1_32' title="bbox 128 3072 1122 3154; baseline -0.006 -19"><span class='ocrx_word' id='word_1_275' title='bbox 128 3077 152 3135; x_wconf 88' lang='lat' dir='ltr'><strong>si</strong></span> <span class='ocrx_word' id='word_1_276' title='bbox 168 3075 280 3134; x_wconf 90' lang='lat' dir='ltr'><strong>nimium</strong></span> <span class='ocrx_word' id='word_1_277' title='bbox 296 3084 339 3134; x_wconf 89' lang='lat' dir='ltr'><strong>est</strong></span> <span class='ocrx_word' id='word_1_278' title='bbox 355 3078 480 3154; x_wconf 85' lang='lat' dir='ltr'><strong>pinguis,</strong></span> <span class='ocrx_word' id='word_1_279' title='bbox 497 3076 600 3154; x_wconf 90' lang='lat' dir='ltr'><strong>aliquis</strong></span> <span class='ocrx_word' id='word_1_280' title='bbox 616 3074 761 3150; x_wconf 73' lang='lat' dir='ltr'><strong>affligitur,</strong></span> <span class='ocrx_word' id='word_1_281' title='bbox 790 3073 919 3153; x_wconf 90' lang='lat' dir='ltr'><strong>Ideoque</strong></span> <span class='ocrx_word' id='word_1_282' title='bbox 932 3077 977 3134; x_wconf 86' lang='lat' dir='ltr'><strong>vis</strong></span> <span class='ocrx_word' id='word_1_283' title='bbox 991 3072 1122 3151; x_wconf 92' lang='lat' dir='ltr'><strong>corporis</strong></span> 
     </span>
     <span class='ocr_line' id='line_1_33' title="bbox 127 3156 1122 3240; baseline -0.003 -22"><span class='ocrx_word' id='word_1_284' title='bbox 127 3159 228 3219; x_wconf 89' lang='lat' dir='ltr'><strong>melius</strong></span> <span class='ocrx_word' id='word_1_285' title='bbox 244 3178 281 3218; x_wconf 86' lang='lat' dir='ltr'><strong>ex</strong></span> <span class='ocrx_word' id='word_1_286' title='bbox 295 3161 387 3236; x_wconf 87' lang='lat' dir='ltr'><strong>venis,</strong></span> <span class='ocrx_word' id='word_1_287' title='bbox 403 3179 485 3240; x_wconf 89' lang='lat' dir='ltr'><strong>quarn</strong></span> <span class='ocrx_word' id='word_1_288' title='bbox 502 3179 539 3220; x_wconf 85' lang='lat' dir='ltr'><strong>ex</strong></span> <span class='ocrx_word' id='word_1_289' title='bbox 554 3163 617 3239; x_wconf 88' lang='lat' dir='ltr'><strong>ipsa</strong></span> <span class='ocrx_word' id='word_1_290' title='bbox 634 3158 733 3237; x_wconf 89' lang='lat' dir='ltr'><strong>specie</strong></span> <span class='ocrx_word' id='word_1_291' title='bbox 751 3161 925 3218; x_wconf 89' lang='lat' dir='ltr'><strong>aestimatur.</strong></span> <span class='ocrx_word' id='word_1_292' title='bbox 959 3156 1061 3235; x_wconf 89' lang='lat' dir='ltr'><strong>Neque</strong></span> <span class='ocrx_word' id='word_1_293' title='bbox 1077 3171 1122 3215; x_wconf 90' lang='lat' dir='ltr'><strong>so·</strong></span> 
     </span>
     <span class='ocr_line' id='line_1_34' title="bbox 127 3240 1122 3319; baseline -0.005 -16"><span class='ocrx_word' id='word_1_294' title='bbox 127 3243 184 3303; x_wconf 89' lang='lat' dir='ltr'><strong>lum</strong></span> <span class='ocrx_word' id='word_1_295' title='bbox 202 3242 274 3303; x_wconf 87' lang='lat' dir='ltr'><strong>haec</strong></span> <span class='ocrx_word' id='word_1_296' title='bbox 290 3244 498 3304; x_wconf 89' lang='lat' dir='ltr'><strong>consideranda</strong></span> <span class='ocrx_word' id='word_1_297' title='bbox 514 3253 588 3319; x_wconf 90' lang='lat' dir='ltr'><strong>sunt,</strong></span> <span class='ocrx_word' id='word_1_298' title='bbox 604 3242 654 3302; x_wconf 88' lang='lat' dir='ltr'><strong>sed</strong></span> <span class='ocrx_word' id='word_1_299' title='bbox 671 3243 755 3300; x_wconf 88' lang='lat' dir='ltr'><strong>etiam</strong></span> <span class='ocrx_word' id='word_1_300' title='bbox 766 3242 859 3302; x_wconf 86' lang='lat' dir='ltr'><strong>morbi</strong></span> <span class='ocrx_word' id='word_1_301' title='bbox 871 3261 964 3319; x_wconf 81' lang='lat' dir='ltr'><strong>genus</strong></span> <span class='ocrx_word' id='word_1_302' title='bbox 976 3240 1053 3319; x_wconf 88' lang='lat' dir='ltr'><strong>quod</strong></span> <span class='ocrx_word' id='word_1_303' title='bbox 1069 3240 1122 3299; x_wconf 89' lang='lat' dir='ltr'><strong>sit:</strong></span> 
     </span>
     <span class='ocr_line' id='line_1_35' title="bbox 128 3325 1122 3405; baseline -0.001 -22"><span class='ocrx_word' id='word_1_304' title='bbox 128 3335 218 3384; x_wconf 91' lang='lat' dir='ltr'><strong>utrum</strong></span> <span class='ocrx_word' id='word_1_305' title='bbox 236 3345 387 3405; x_wconf 87' lang='lat' dir='ltr'><strong>superans,</strong></span> <span class='ocrx_word' id='word_1_306' title='bbox 404 3348 437 3387; x_wconf 89' lang='lat' dir='ltr'><strong>an</strong></span> <span class='ocrx_word' id='word_1_307' title='bbox 452 3328 589 3388; x_wconf 87' lang='lat' dir='ltr'><strong>deficiens</strong></span> <span class='ocrx_word' id='word_1_308' title='bbox 603 3326 721 3386; x_wconf 86' lang='lat' dir='ltr'><strong>materia</strong></span> <span class='ocrx_word' id='word_1_309' title='bbox 733 3325 864 3394; x_wconf 86' lang='lat' dir='ltr'><strong>laeserit;</strong></span> <span class='ocrx_word' id='word_1_310' title='bbox 884 3335 1048 3404; x_wconf 92' lang='lat' dir='ltr'><strong>corruptum</strong></span> <span class='ocrx_word' id='word_1_311' title='bbox 1059 3341 1122 3384; x_wconf 90' lang='lat' dir='ltr'><strong>cor-</strong></span> 
     </span>
    </p>

    <p class='ocr_par' dir='ltr' id='par_1_4' title="bbox 197 3408 1158 3488">
     <span class='ocr_line' id='line_1_36' title="bbox 197 3408 1158 3488; baseline -0.002 -19"><span class='ocrx_word' id='word_1_312' title='bbox 197 3411 248 3486; x_wconf 88' lang='lat' dir='ltr'><strong>sit,</strong></span> <span class='ocrx_word' id='word_1_313' title='bbox 270 3429 305 3470; x_wconf 91' lang='lat' dir='ltr'><strong>an</strong></span> <span class='ocrx_word' id='word_1_314' title='bbox 320 3413 474 3488; x_wconf 64' lang='lat' dir='ltr'><strong>integrum</strong></span> <span class='ocrx_word' id='word_1_315' title='bbox 506 3429 569 3470; x_wconf 89' lang='lat' dir='ltr'><strong>narn</strong></span> <span class='ocrx_word' id='word_1_316' title='bbox 587 3413 609 3469; x_wconf 89' lang='lat' dir='ltr'><strong>si</strong></span> <span class='ocrx_word' id='word_1_317' title='bbox 631 3411 749 3468; x_wconf 89' lang='lat' dir='ltr'><strong>materia</strong></span> <span class='ocrx_word' id='word_1_318' title='bbox 766 3408 814 3468; x_wconf 86' lang='lat' dir='ltr'><strong>vel</strong></span> <span class='ocrx_word' id='word_1_319' title='bbox 832 3409 930 3486; x_wconf 89' lang='lat' dir='ltr'><strong>deest,</strong></span> <span class='ocrx_word' id='word_1_320' title='bbox 946 3409 994 3468; x_wconf 82' lang='lat' dir='ltr'><strong>vel</strong></span> <span class='ocrx_word' id='word_1_321' title='bbox 1010 3411 1158 3485; x_wconf 78' lang='lat' dir='ltr'><strong>integrato</strong></span> 
     </span>
    </p>

    <p class='ocr_par' dir='ltr' id='par_1_5' title="bbox 216 3490 1122 3571">
     <span class='ocr_line' id='line_1_37' title="bbox 216 3490 1122 3571; baseline -0.001 -20"><span class='ocrx_word' id='word_1_322' title='bbox 216 3493 291 3553; x_wconf 88' lang='lat' dir='ltr'><strong>istud</strong></span> <span class='ocrx_word' id='word_1_323' title='bbox 313 3494 435 3554; x_wconf 89' lang='lat' dir='ltr'><strong>alienum</strong></span> <span class='ocrx_word' id='word_1_324' title='bbox 458 3503 517 3554; x_wconf 85' lang='lat' dir='ltr'><strong>est:</strong></span> <span class='ocrx_word' id='word_1_325' title='bbox 543 3503 571 3552; x_wconf 88' lang='lat' dir='ltr'><strong>at</strong></span> <span class='ocrx_word' id='word_1_326' title='bbox 587 3494 611 3552; x_wconf 90' lang='lat' dir='ltr'><strong>si</strong></span> <span class='ocrx_word' id='word_1_327' title='bbox 628 3490 676 3552; x_wconf 85' lang='lat' dir='ltr'><strong>vel</strong></span> <span class='ocrx_word' id='word_1_328' title='bbox 694 3492 778 3571; x_wconf 85' lang='lat' dir='ltr'><strong>copia</strong></span> <span class='ocrx_word' id='word_1_329' title='bbox 798 3496 840 3552; x_wconf 87' lang='lat' dir='ltr'><strong>sui</strong></span> <span class='ocrx_word' id='word_1_330' title='bbox 857 3493 932 3553; x_wconf 90' lang='lat' dir='ltr'><strong>male</strong></span> <span class='ocrx_word' id='word_1_331' title='bbox 952 3491 1056 3567; x_wconf 90' lang='lat' dir='ltr'><strong>babet,</strong></span> <span class='ocrx_word' id='word_1_332' title='bbox 1075 3492 1122 3551; x_wconf 88' lang='lat' dir='ltr'><strong>vel</strong></span> 
     </span>
    </p>
   </div>
   <div class='ocr_carea' id='block_1_4' title="bbox 0 0 1212 3924">
    <p class='ocr_par' dir='ltr' id='par_1_6' title="bbox 0 0 1212 3924">
     <span class='ocr_line' id='line_1_38' title="bbox 0 0 1212 3924; baseline 0 1"><span class='ocrx_word' id='word_1_333' title='bbox 0 0 1212 3924; x_wconf 95' lang='lat' dir='ltr'><strong> </strong></span> 
     </span>
    </p>
   </div>
  </div>
 </body>
</html>
