2414 3924
415 227 485 274 nra.
503 226 556 274 111.
572 225 647 274 cur.
663 227 762 276 xvru.
1051 215 1093 277 99

90 386 117 444 is
139 381 222 443 dolus
245 382 413 440 insanientis
438 390 492 440 est.
524 381 600 442 Fere
619 399 690 441 vero
713 383 820 460 antiqui
840 383 914 442 tales
938 400 1044 459 aegros
1066 385 1094 442 in

92 465 220 527 tenebris
248 464 408 532 habebant;
443 482 479 524 eo
508 466 587 546 quod
614 466 671 525 illis
694 467 866 525 contrarium
892 475 971 526 esset
998 475 1115 526 exter--

91 553 165 627 reri,
186 559 216 609 et
232 549 267 608 ad
288 550 413 626 quietem
429 551 514 608 animi
529 549 666 609 tenebras
684 551 763 629 ipsas
780 551 915 610 conierre
930 550 1038 627 aliquid
1047 551 1092 626 ju·

91 634 235 696 dicabant.
267 633 307 692 At
327 631 538 711 Asclepiades,
565 643 707 712 tamquam
731 633 858 694 tenebris
886 635 959 714 ipsis
981 642 1091 694 terren·

68 719 183 795 stibus,
212 718 241 775 in
267 717 371 776 lumine
392 715 542 777 habendos
565 735 618 776 eos
641 718 721 777 dixit.
753 718 891 778 Neutrum
912 727 1006 778 antem
1027 737 1091 796 per-

92 813 206 884 petuum
231 809 289 861 est:
325 801 410 860 alium
437 804 511 860 enim
537 803 599 877 lux,
631 803 716 862 alium
748 802 886 864 tenebrae
912 803 1004 879 magis
1034 811 1091 862 tur·

90 889 171 955 bant;
199 887 455 963 reperiunturque,
482 888 510 944 in
538 886 639 965 quibus
670 887 775 946 nullum
807 887 959 946 discrimen
988 887 1091 966 depre-

90 970 177 1030 hendi
199 969 246 1028 vel
266 968 342 1044 hoc,
373 969 601 1029 selummodo
625 973 727 1049 possit.
763 971 905 1050 Optimum
926 972 1023 1049 itaque
1046 978 1093 1029 est

92 1063 241 1132 utrumque
258 1053 401 1130 experiri;
424 1061 453 1112 et
476 1053 585 1114 habere
600 1072 679 1129 eum,
702 1057 749 1132 qui
771 1055 906 1115 tenebras
928 1054 1045 1130 horret,
1063 1057 1090 1113 in

59 1159 82 1200 ro
92 1140 174 1207 luce;
194 1155 268 1212 eum,
287 1138 334 1214 qni
347 1137 457 1210 lucem,
468 1139 496 1196 in
511 1138 651 1197 tenebris.
680 1138 719 1198 At
733 1139 780 1197 ubi
795 1139 901 1198 nullum
916 1139 973 1198 tale
991 1139 1090 1199 discri-

91 1241 155 1282 men
171 1230 232 1298 est,
254 1238 358 1296 aeger,
381 1222 405 1279 si
420 1222 498 1280 vires
517 1221 620 1298 habet,
641 1222 708 1281 loco
730 1223 840 1291 lucido;
863 1226 888 1282 si
912 1223 1090 1298 nonhabet,

92 1308 219 1367 obscuro
237 1304 426 1364 continendus
441 1314 494 1363 est.
525 1306 665 1366 Remedia
679 1324 751 1365 vero
767 1306 922 1382 adhibere,
939 1307 986 1366 ubi
1002 1308 1090 1366 maxi·

91 1408 136 1449 me
151 1390 231 1449 inror
250 1396 354 1466 urget,
371 1405 580 1466 supervacuum
597 1399 656 1449 est:
678 1391 759 1449 simul
779 1392 852 1449 enim
867 1390 956 1451 lebris
976 1407 1091 1469 quoque

91 1474 237 1533 increscit.
265 1471 368 1550 ltaque
391 1481 448 1531 tun
468 1473 537 1533 nihil
564 1475 619 1533 nisi
642 1474 829 1534 continendus
848 1492 939 1552 aeger
960 1484 1019 1534 est:
1043 1473 1109 1533 ubi¹

58 1574 81 1613 nt
92 1575 163 1617 vero
180 1576 228 1616 res
246 1559 367 1634 patitur,
387 1556 557 1616 festinanter
572 1558 796 1617 subveniendum
813 1567 866 1617 est.
897 1555 1090 1637 Asclepiades

91 1642 212 1722 perinde
234 1659 301 1699 esse
324 1639 413 1716 dixit,
435 1640 478 1699 his
505 1645 671 1718 sanguinem
695 1644 780 1718 mitti,
806 1642 880 1701 acsi
899 1641 1089 1701 trucidentur:

90 1728 230 1786 rationem
246 1724 320 1784 hanc
337 1733 485 1802 sequutus,
502 1726 578 1802 quod
594 1743 689 1803 neque
705 1727 812 1786 insania
829 1734 924 1802 esset,
939 1726 992 1784 nisi
1006 1724 1090 1783 iebre

91 1813 216 1876 intenta;
232 1826 327 1886 neque
345 1811 479 1886 sanguis,
501 1811 555 1867 nisi
571 1810 599 1867 in
615 1810 785 1868 remissione
801 1811 879 1885 ejus,
902 1818 983 1868 recte
997 1810 1089 1868 mitte·
1114 1804 1119 1814 '

92 1902 180 1953 retur.
214 1892 272 1952 Sed
292 1894 356 1970 ipse
385 1895 413 1951 in
441 1892 485 1951 his
516 1910 642 1952 somnum
662 1893 748 1953 multa
776 1893 909 1953 frictione
932 1892 1088 1970 quaesivit3

55 1999 83 2039 co
94 1995 179 2055 quum
194 1985 223 2035 et
237 1978 356 2036 intentio
372 1975 462 2035 febris
481 1995 609 2036 somnum
628 1976 778 2056 impediat,
794 1986 823 2036 et
841 1977 936 2036 frictio
954 1994 1010 2035 non
1035 1975 1090 2050 nisi

91 2064 119 2120 in
135 2061 306 2120 remissione
323 2061 386 2134 ejus
402 2061 480 2118 utilis
496 2063 542 2120 sit.
574 2061 674 2139 ltaque
688 2060 745 2119 boc
760 2079 874 2139 quoque
889 2060 1022 2120 auxilium
1040 2059 1088 2118 de-

91 2146 150 2204 buit
176 2147 347 2222 praeterire.
382 2144 456 2218 Quid
478 2143 649 2221 igiturest?
678 2145 766 2204 Multa
788 2147 815 2203 in
839 2145 990 2223 praecipiti
1014 2144 1089 2220 peri·

92 2230 158 2288 culo
175 2238 256 2287 recte
273 2229 350 2304 liunt,
367 2229 438 2287 alias
450 2228 615 2288 omittenda.
640 2229 677 2288 Et
691 2231 854 2288 continuata
869 2245 983 2306 quoque
998 2226 1089 2285 febris

90 2313 178 2371 habet
192 2321 336 2390 tempora,
351 2311 464 2390 quibus,
481 2314 534 2372 etsi
551 2331 607 2372 non
623 2315 754 2389 remittit,
774 2329 831 2371 non
852 2322 945 2371 tamen
967 2311 1088 2370 crescit:

54 2421 80 2461 aa
93 2406 195 2474 estque
218 2395 290 2469 hoc,
313 2405 420 2455 utnon
442 2399 593 2476 optimum,
615 2399 658 2456 sic
676 2407 769 2457 tamen
783 2397 939 2456 secundum
953 2395 1090 2455 remediis
1187 2432 1190 2437 -

91 2489 212 2557 tempus.
243 2479 328 2554 Quod
344 2482 367 2538 si
383 2481 461 2539 vires
478 2483 559 2557 aegri
574 2482 732 2560 patiuntur,
754 2483 871 2557 sanguis
887 2499 1003 2559 quoque
1019 2480 1090 2539 mitti

90 2563 187 2622 debet.
218 2563 310 2623 llinus
325 2563 478 2622 deliberari
495 2574 606 2643 potest,
629 2584 664 2625 an
681 2566 762 2624 alvus
784 2565 911 2625 ducenda
932 2567 977 2623 sit.
1008 2564 1088 2638 Tum,

90 2649 263 2724 interposito
282 2647 340 2723 die,
360 2649 495 2706 convenit
512 2658 597 2728 caput
615 2649 650 2708 ad
670 2658 763 2708 cutem
781 2649 902 2709 tondere
921 2650 974 2729 (cf.
994 2646 1087 2724 1,4):

93 2730 198 2788 deinde
210 2748 284 2808 aqua
299 2730 413 2805 lovere,
425 2734 452 2788 in
468 2749 522 2809 qua
535 2732 682 2792 verbenae
697 2733 810 2810 aliquae
825 2734 967 2794 decoctae
981 2734 1037 2790 sint
1052 2747 1089 2788 ex

55 2839 80 2879 30
92 2815 328 2891 reprimentibus;
345 2824 393 2874 aut
408 2817 487 2893 prius
501 2817 613 2889 lovere,
630 2816 733 2875 deinde
746 2816 876 2892 tondere,
890 2826 917 2875 et
932 2820 1033 2874 iterum
1045 2814 1088 2872 io·

91 2915 176 2964 vere;
190 2915 224 2956 ac
237 2900 392 2960 novissime
403 2917 470 2958 rosa
484 2908 568 2978 caput
579 2917 723 2977 naresque
735 2900 872 2978 implerc;
886 2901 992 2959 offerre
1004 2900 1088 2956 etiam

90 2981 207 3039 naribus
223 2991 314 3041 rutam
330 3000 367 3040 er
382 2992 468 3041 aceto
482 2984 644 3050 contritam;
664 3001 783 3042 movere
799 2991 1019 3042 sternutamenta
1030 2998 1087 3038 me-

90 3064 257 3125 dicamentis
282 3068 310 3124 in
335 3066 363 3125 id
387 3066 566 3125 efficacibus.
600 3066 681 3140 Quae
703 3076 798 3126 tamen
822 3065 953 3125 iacienda
975 3063 1088 3123 suntin

90 3151 143 3225 iis,
165 3149 269 3228 quibus
284 3151 362 3209 vires
383 3168 438 3209 non
462 3148 572 3207 desunt.
607 3151 636 3207 Si
655 3168 725 3208 vero
743 3148 924 3208 imbecillitas
941 3157 1002 3221 est,
1019 3163 1087 3205 rosa

53 3252 80 3292 aa
91 3242 198 3293 tantum
218 3243 321 3311 caput,
338 3234 453 3309 adjecto
470 3233 615 3310 serpyllo,
633 3233 754 3291 similive
768 3233 883 3310 aliquo,
897 3231 1087 3291 madefacien-

90 3316 154 3376 dum
167 3327 221 3377 est.
254 3319 347 3378 Utiles
368 3321 452 3377 etiam
474 3320 502 3376 in
524 3315 748 3395 quibuscumque
763 3316 871 3375 viribus
892 3314 1000 3375 herbae
1016 3313 1088 3372 duae

91 3411 170 3477 sunt,
186 3403 316 3462 solanum
332 3411 360 3460 et
375 3402 501 3474 muralis,
519 3403 542 3461 si
557 3401 639 3459 simul
656 3418 693 3458 ex
708 3409 827 3476 utraque
844 3417 933 3459 succo
946 3408 1088 3477 expresso

93 3495 179 3563 caput
194 3487 338 3565 impletur.
371 3486 463 3560 Quum
478 3485 568 3544 labris
584 3485 708 3561 remisit,
730 3483 863 3544 irictione
876 3484 1009 3626 qtqndnm
1028 3484 1088 3548 esta
