2414 3924
132 212 195 272 204
407 224 440 270 a.
455 224 485 270 c.
502 222 600 272 cunm
617 221 811 270 uunucxunn

131 376 295 437 lubritatem
309 375 434 453 habent,
449 377 526 456 quod
541 379 632 435 minus
646 377 793 436 terribiles
812 394 922 452 angues
937 378 1033 438 edunt.
1065 380 1126 440 Ad·

130 479 235 521 versus
256 477 329 537 quos
352 462 423 520 satis
447 462 562 538 prolicit
584 461 674 519 herba
694 462 858 534 vettonica,
874 460 922 519 vel
939 461 1127 540 cantabrica,

130 544 180 604 vel
199 545 385 620 centaurion,
408 544 457 603 vel
478 546 663 620 argemonia,
678 544 726 602 vel
741 545 871 619 trixago,
887 542 935 602 vel
955 556 1128 623 personata,

131 628 180 687 vel
195 628 304 686 marina
327 629 493 705 pastinaca,
516 628 649 703 singulae
671 627 793 686 binaeve
813 627 913 700 tritae,
931 637 960 686 et
981 647 1044 687 cum
1061 631 1129 689 vino

131 712 211 790 potui
231 710 333 785 datae,
356 719 385 768 et
408 728 497 788 super
513 710 616 768 vulnus
636 711 799 788 impositae.
828 709 903 768 Illud
926 711 1054 787 ignorari
1070 731 1158 773 nons

131 803 264 874 oportet,
283 796 376 854 omnis
392 794 537 871 serpentis
558 794 643 853 ictum
658 802 687 852 et
696 794 791 868 jejuni
809 802 838 851 et
848 794 951 867 jejuno
968 798 1062 872 magis
1076 815 1129 857 no·

132 896 217 939 cere:
242 877 371 954 ideoque
388 878 627 955 perniciosissimi
649 886 714 935 sunt
736 895 820 954 quum
838 878 989 945 incubant;
1013 880 1128 938 utilissi-

130 980 264 1039 mumque
282 969 344 1034 est,
361 961 410 1019 ubi
425 979 462 1019 ex
480 960 620 1036 anguibus
635 969 727 1019 metus
743 968 804 1035 est,
820 978 878 1019 non
893 971 958 1020 ante
975 962 1128 1039 progredi,

131 1065 216 1125 quam
232 1047 297 1123 quis
314 1044 422 1122 aliquid
438 1046 580 1103 assumsit.

197 1130 244 1192 11.
266 1127 331 1186 Non
346 1137 404 1187 tam
426 1127 514 1186 facile
530 1129 564 1185 iis
581 1128 716 1205 opitulari
735 1135 797 1201 est,
814 1128 862 1204 qui
877 1145 1019 1188 venenum
1034 1130 1084 1188 vel
1099 1132 1128 1188 in
1139 1142 1168 1182 1t

132 1214 217 1287 cibo,
232 1211 279 1269 vel
300 1211 328 1269 iu
344 1214 466 1289 potione
475 1220 657 1270 sumserunt:
680 1212 815 1288 primum,
839 1213 978 1287 quianon
997 1215 1129 1289 protinus

131 1297 272 1370 sentiunt,
294 1302 325 1352 ut
340 1295 376 1354 ab
395 1313 491 1371 angue
507 1295 575 1361 icti;
600 1296 638 1353 ita
653 1313 689 1352 ue
706 1311 878 1352 succurrere
902 1294 1016 1372 quidem
1033 1299 1129 1356 statim

131 1379 186 1438 sibi
204 1386 342 1457 possunt:
364 1377 469 1438 deinde
484 1380 551 1454 quia
564 1396 639 1436 noxa
657 1395 746 1436 nona
762 1386 844 1451 cute,
862 1376 913 1436 sed
932 1377 969 1436 ab
984 1381 1128 1439 interiori-

130 1463 185 1526 bus
201 1461 330 1539 partibus
345 1463 455 1539 incipit.
484 1460 750 1520 Commodissimum
763 1470 808 1519 est
822 1469 932 1535 tamen,
948 1461 995 1520 ubi
1008 1464 1128 1539 primum

131 1548 222 1607 sensit
246 1545 367 1623 aliquis,
387 1546 519 1623 protinus
541 1544 609 1604 oleo
632 1544 721 1603 multo
743 1553 833 1621 epoto
853 1562 987 1604 vomere:
1007 1545 1167 1622 deinde,ts

130 1631 178 1691 ubi
198 1629 372 1708 praecordia
385 1628 536 1703 exhausit,
551 1628 653 1687 bibere
668 1627 838 1694 antidotum:
855 1629 878 1685 si
893 1627 921 1686 id
931 1645 989 1687 oon
1001 1639 1062 1704 est,
1079 1630 1127 1688 vel

130 1731 238 1775 merum
258 1731 364 1771 vinum.

193 1798 241 1858 12.
267 1798 338 1855 Sunt
354 1806 449 1855 tamen
465 1795 604 1873 quaedam
616 1794 742 1853 remedia
755 1795 872 1872 propria
888 1794 1027 1854 adversus
1040 1813 1128 1873 quae·

129 1883 193 1942 dam
209 1899 337 1956 venena,
354 1880 537 1957 maximeque
556 1879 677 1937 leviora.
703 1877 774 1937 Nam
791 1880 815 1936 si
828 1878 1008 1937 cantharidas
1024 1879 1127 1957 aliquis
1196 1893 1198 1896 ⁴

131 1966 234 2041 ebibit,
262 1982 390 2042 panaces
413 1981 476 2022 cum
499 1964 576 2022 lacte
597 1970 729 2036 contusa,
751 1960 798 2019 vel
820 1960 971 2037 galbanum
996 1963 1062 2020 uino
1079 1962 1165 2025 ad-no

126 2052 209 2125 jecto
225 2048 303 2123 dari,
320 2048 369 2106 vel
384 2048 431 2106 lac
447 2064 501 2124 per
518 2065 550 2104 se
567 2045 664 2105 debet.
695 2045 725 2103 Si
746 2044 885 2119 cicutam,
909 2046 1003 2103 vinum
1019 2063 1127 2104 merum

130 2132 252 2193 calidum
271 2149 333 2191 cum
356 2140 419 2189 ruta
446 2129 683 2206 quamplurimum
698 2128 884 2204 ingerendum
900 2137 958 2195 est;
981 2129 1086 2188 deinde
1103 2130 1127 2187 is

129 2235 248 2276 vomere
266 2214 433 2291 cogendus:
452 2221 614 2289 posteaque
629 2213 707 2270 laser
719 2211 978 2272 exvinodandum:
995 2214 1089 2288 isque,
1103 2214 1128 2270 si

130 2300 212 2358 febre
227 2307 329 2370 vacat,
346 2299 372 2355 in
389 2294 512 2354 calidum
527 2294 660 2353 balneum
673 2294 839 2361 mittendus;
857 2297 881 2353 si
893 2312 949 2353 non
960 2304 1060 2371 vacat,
1077 2315 1126 2354 un-

129 2381 242 2459 gendus
258 2401 295 2440 ex
312 2377 553 2439 calefacientibus
571 2387 630 2437 est:
648 2388 714 2455 post
729 2397 802 2454 quae
819 2381 901 2455 quies
917 2381 944 2436 ei
960 2380 1162 2440 necessariam

130 2473 184 2523 est.
224 2464 254 2521 Si
276 2464 502 2537 hyoscyamum,
525 2461 643 2520 fervens
665 2461 785 2519 mulsum
809 2462 961 2521 bibendum
989 2470 1051 2537 est,
1081 2471 1128 2521 aut

130 2544 279 2624 quodlibet
299 2545 362 2621 lac,
388 2546 510 2603 maxime
532 2554 626 2604 tamen
648 2545 795 2604 asininum.
836 2547 866 2604 Si
894 2562 1057 2620 cerussam,
1077 2547 1127 2620 jus

129 2630 256 2704 malvae,
279 2630 327 2686 vel
345 2627 504 2704 juglandes
528 2647 565 2687 ex
587 2629 654 2687 vino
678 2630 835 2703 contritae,
850 2630 972 2689 maxime
997 2639 1127 2706 prosunt.

129 2715 160 2775 Si
183 2714 357 2789 sanguisuga
377 2720 464 2789 epota
485 2721 546 2788 est,
564 2722 675 2771 acetum
689 2731 751 2771 cum
764 2713 827 2771 sale
844 2713 996 2771 bibendum
1015 2721 1069 2770 est.
1097 2714 1127 2771 Si

129 2799 175 2857 lac
192 2797 266 2855 intus
283 2798 367 2871 coiit,
386 2803 432 2854 aut
448 2814 580 2873 passum,
596 2806 643 2855 aut
660 2797 828 2872 coagulum,
844 2805 892 2855 aut
907 2813 969 2855 cum
984 2805 1068 2855 aceto
1086 2797 1164 2857 la·ao

129 2900 186 2942 ser.
219 2881 249 2939 Si
267 2880 374 2956 fungos
391 2880 506 2939 inutiles
525 2882 588 2958 quis
607 2881 757 2955 assumsit,
776 2880 903 2938 radicula
921 2889 968 2938 aut
984 2898 1001 2937 c
1017 2897 1126 2957 posca,

129 2975 176 3025 aut
192 2984 255 3023 cum
273 2965 334 3022 sale
350 2973 378 3022 et
396 2973 481 3023 aceto
498 2963 608 3023 edenda
625 2973 678 3023 est.
706 2963 765 3041 lpsi
780 2964 894 3022 verohi
909 2972 937 3021 et
951 2965 1050 3041 specie
1066 2964 1127 3040 qui-

130 3051 194 3109 dem
211 3048 336 3107 discerni
358 3056 480 3124 possunt
496 3047 531 3105 ab
549 3046 682 3122 utilibus,
699 3056 728 3105 et
745 3057 883 3106 cocturae
901 3064 1012 3123 genere
1031 3047 1127 3106 idonei

130 3133 202 3192 lieri.
232 3131 302 3190 Nam
319 3132 381 3189 sive
398 3149 435 3189 ex
452 3132 520 3190 oleo
537 3130 751 3205 inferbuerunt,
769 3132 831 3189 sive
848 3132 902 3208 piri
915 3130 1047 3189 surculus
1065 3149 1126 3188 cum

128 3216 173 3274 his
188 3215 339 3290 inferbuit,
356 3217 431 3272 omni
448 3233 523 3274 noxa
540 3224 652 3273 vacant.
1136 3238 1162 3277 aa

194 3298 242 3360 13.
264 3297 383 3356 Adustis
402 3315 517 3375 quoque
532 3298 607 3357 locis
623 3299 803 3358 extrinsecus
819 3299 862 3357 vis
877 3298 1014 3357 infertur:
1031 3300 1127 3374 itaque

130 3384 211 3459 sequi
226 3382 356 3454 videtur,
374 3390 404 3439 ut
420 3382 456 3440 de
474 3383 518 3440 his
534 3381 636 3439 dicam.
662 3380 743 3439 llaec
758 3391 851 3440 autem
868 3383 976 3459 optime
993 3390 1128 3440 curantur

129 3461 208 3522 loliis
226 3473 273 3523 aut
295 3465 364 3539 lilii,
381 3473 427 3522 aut
442 3465 558 3540 linguae
577 3465 713 3538 caninae,
731 3474 778 3523 aut
793 3465 877 3525 betae
894 3467 922 3524 in
939 3474 1041 3524 vetere
1058 3466 1128 3524 vino
