2414 3924
464 229 703 294 -127-

67 373 210 435 balaustii
242 373 263 441 3
296 372 330 435 X.
377 374 525 453 colligitur
555 376 622 436 vino
655 378 783 455 myrtino
811 384 843 437 et
868 379 990 439 inicitur
1017 397 1087 440 cum

68 463 246 524 decoctione
274 461 343 523 rubi
370 469 422 522 aut
443 472 556 542 myrtae
580 471 631 524 aut
654 462 722 524 meli
749 467 864 544 granati
892 467 1012 527 corticis
1035 475 1087 528 aut

67 569 155 612 rosae
185 552 283 611 siccae
311 558 361 611 curt
384 569 534 612 ramorum
558 551 682 630 siliquae
709 569 840 630 graecae.
882 553 1032 632 decoques
1054 557 1085 616 in

66 643 136 700 uino
168 646 201 700 et
239 657 315 718 aqua
351 639 521 718 singillatim
552 649 603 700 aut
640 640 727 701 simul
763 642 795 701 in
828 659 901 722 uno,
938 648 969 702 et
1000 660 1084 722 prae·

66 729 219 808 vaporatis
237 726 373 807 partibus
392 727 505 789 alterna
524 730 687 789 mutatione
706 731 910 811 spongiarum,
930 732 1111 810 suppositor

68 815 210 878 clunibus
238 816 389 897 cervicali,
416 817 522 877 inicies
548 834 603 896 per
631 825 751 878 enetera
779 817 809 878 id
838 826 884 878 est
911 817 1012 879 tibiam
1039 820 1084 879 in·

66 907 224 966 iectoriam
256 904 358 966 multis
390 904 556 966 cavernulis
592 906 773 985 perforatam
810 924 885 986 quae
920 906 1085 986 appellatur

66 993 241 1073 polytretos.

158 1081 314 1162 collyrium
330 1077 572 1164 suppositorium,
586 1080 665 1161 quod
675 1082 781 1143 Graeci
795 1081 957 1163 ypotheton
970 1093 1084 1165 vocant,

67 1171 251 1230 conveniens
270 1171 296 1231 is
315 1171 439 1231 maxime
459 1172 510 1250 qui
534 1171 685 1249 frequenti
703 1171 868 1232 deiectione
888 1171 1082 1232 assellationis
1097 1187 1123 1227 10

67 1256 220 1337 surgendo
248 1258 417 1338 fatigantur.
460 1276 598 1320 somnum
625 1261 736 1319 etenim
763 1268 918 1342 provocat,
949 1269 1082 1321 ventrem

66 1344 199 1407 abstinet
222 1353 253 1406 et
275 1348 404 1425 quietam
428 1355 547 1408 noctem
570 1346 738 1408 laborantes
762 1349 891 1409 transire
914 1347 992 1408 facit.
1036 1365 1082 1408 ac·

66 1436 141 1513 cipit
160 1441 259 1495 autem
278 1437 358 1495 croci
377 1437 501 1516 styracis
521 1431 640 1496 murrae
659 1437 786 1497 castorei
805 1437 930 1517 acaciae,
950 1437 1083 1498 omnium

66 1520 90 1579 V
114 1521 137 1588 3
160 1522 304 1605 singulas,
327 1524 403 1585 turis
426 1524 550 1586 masculi
572 1522 593 1590 3
616 1523 664 1585 lll.
703 1542 775 1585 suco
800 1523 977 1604 plantaginis
1001 1523 1081 1584 colli·

66 1612 149 1689 gitur
173 1618 204 1671 et
226 1612 301 1672 flunt
324 1611 444 1692 collyria
467 1611 618 1692 sublonga.
792 1653 793 1656 =
1096 1626 1122 1667 1⁵

159 1698 192 1759 ad
226 1699 427 1760 exclusionem
455 1700 616 1780 longaonis.
666 1703 762 1762 erices
791 1719 897 1781 carpo,
930 1700 1082 1781 gallerum,

142 1991 206 2046 lin
222 1991 288 2048 vino
307 2010 381 2048 me.
489 1994 570 2048 ivel
587 1994 655 2048 meli
669 2010 698 2063 p.
803 1992 920 2048 cortices
939 2009 965 2061 e,
985 1998 1034 2046 -c
1049 2008 1079 2061 p.

66 2064 228 2132 3decoque
247 2065 323 2134 (41)
337 2081 368 2133 p.
441 2063 641 2134 tsingulctim
656 2082 697 2134 cp.
771 2063 951 2133 bsubposito
969 2078 991 2118 e.
1064 2069 1080 2117 6

66 2133 196 2189 cruribus
214 2151 235 2189 e.
321 2134 528 2205 ptibienethere
542 2152 578 2205 p,
596 2136 680 2206 pt'1b1
698 2154 713 2201 g
733 2137 783 2204 (et)
804 2135 888 2190 edera
906 2152 921 2189 c
939 2134 1022 2203 (curie
1040 2135 1080 2188 lc·

65 2211 165 2260 mutem
178 2221 233 2260 oce.
248 2204 349 2260 tibiam
365 2208 524 2274 transposui
537 2211 601 2275 post
618 2207 637 2261 i.
648 2233 681 2252 =
692 2207 722 2261 id
737 2210 786 2261 est.
808 2207 843 2274 ef.
858 2205 983 2260 euliscon
998 2221 1081 2272 quem

67 2293 119 2331 nos
139 2275 239 2331 tibiam
258 2276 350 2331 dicere
368 2275 523 2345 poterimus
544 2276 615 2331 (irtel.
631 2294 661 2347 p.
681 2280 754 2346 191).
862 2275 1038 2331 iniectorium
1057 2292 1080 2343 e,

67 2347 148 2401 -ria
166 2363 196 2415 p.
306 2352 321 2402 t
345 2347 493 2401 multis-
514 2349 551 2416 (9)
571 2346 716 2402 Collirium
739 2364 789 2402 om.
809 2365 830 2402 ο.
939 2346 1081 2416 perforata

67 2435 123 2486 que
140 2461 145 2473 .
162 2462 168 2474 .
185 2459 191 2471 .
207 2417 358 2487 politreton
372 2434 402 2486 p,
476 2423 491 2472 9
510 2418 639 2488 ipoteton
658 2435 686 2486 e,
705 2420 847 2488 ypoier‘rp
866 2417 913 2484 (ef.
933 2419 1012 2471 Aleae.
1031 2418 1079 2470 let.

64 2491 86 2555 f.
107 2487 190 2553 115¹),
213 2505 254 2557 gr.
273 2505 304 2557 p.
323 2493 380 2546 462
403 2489 631 2545 ed.Bae.1556.
670 2490 705 2557 cf.
719 2506 749 2558 p.
768 2493 823 2543 450
844 2483 911 2542 ἄλλο
935 2483 1080 2541 buibesca

66 2553 84 2627 ἢ
105 2554 252 2629 κολλύριον
271 2564 338 2627 ete).
431 2565 464 2613 10
482 2561 513 2614 et
530 2575 608 2614 conv.
623 2576 653 2629 p.
740 2577 763 2614 c.
782 2558 903 2613 maxime
922 2558 966 2612 his
986 2556 1034 2625 qui
1048 2573 1078 2626 p.

65 2630 104 2684 is:
124 2628 168 2684 his
187 2646 229 2698 ep.
321 2637 353 2685 11
372 2629 541 2700 resurgendo
559 2647 586 2700 p.
678 2636 711 2684 12
729 2629 834 2685 retinet
847 2646 877 2698 p.
961 2626 1079 2682 transire

65 2701 137 2755 facit
155 2718 191 2770 p:
206 2745 212 2757 .
229 2741 235 2753 .
250 2699 343 2772 nlicere
366 2701 411 2755 fat
437 2702 494 2771 (secl
516 2706 656 2756 mutatae
679 2703 711 2756 iu
733 2702 753 2770 ἢ
773 2717 787 2756 c
811 2700 869 2768 (ubi
891 2699 949 2753 scil.
971 2699 1080 2768 priuzce

65 2773 188 2838 litterae,
205 2772 225 2825 οἱ
241 2788 262 2827 e.
276 2787 369 2826 uersus
377 2772 565 2841 praecedentis
578 2773 704 2838 ultimae,
722 2772 775 2841 legi
787 2786 863 2825 uscue
875 2785 933 2824 nou
942 2771 1078 2838 poscunt).

65 2841 179 2911 Accipit
197 2842 291 2897 eutem
310 2858 336 2896 c:
355 2844 426 2911 Rp.
501 2849 533 2897 13
548 2843 656 2897 stiracis
675 2859 698 2909 c,
717 2840 835 2896 storacis
846 2857 877 2909 p.
949 2840 1033 2894 mirre
1048 2855 1079 2908 p,

65 2913 136 2966 mire
156 2928 177 2967 c,
291 2913 415 2967 omnium
439 2917 487 2968 ete.
505 2914 571 2968 tcee
592 2914 656 2967 dedi
678 2929 711 2967 ex
734 2929 755 2966 ο.
795 2928 861 2965 uum
878 2912 946 2965 mire
964 2911 1080 2991 confusa

67 2987 192 3051 (propter
209 2983 280 3037 turis
299 2983 417 3038 musculi
440 2989 533 3038 uotam
551 2985 696 3052 duplicem)
710 2983 824 3052 praebet
842 2998 865 3050 p
885 2982 1078 3049 (perfacete)

65 3055 143 3108 haee:
161 3053 355 3122 ypoquistidos
372 3054 439 3115 suci.
475 3053 535 3123 pini
554 3054 647 3108 cortic.
676 3052 765 3107 thuris
784 3056 853 3107 mus.
868 3056 912 3104 ci.
926 3057 944 3113 3
958 3050 979 3106 I.
998 3050 1080 3118 peric

66 3124 191 3193 pondera
215 3124 308 3193 eollig.
333 3142 397 3178 cum
420 3141 487 3179 suco
509 3125 608 3193 plante
629 3123 681 3179 ‘nis
701 3125 729 3177 et
749 3121 922 3178 feccolliric
940 3121 1079 3189 sublonga

66 3194 225 3248 confectum
238 3194 356 3261 ,lenibus
375 3211 526 3264 apponens.
563 3212 613 3263 pre
626 3196 674 3249 oto
692 3194 755 3264 ipso
772 3194 911 3263 longaone
930 3206 985 3244 uno
1004 3190 1078 3270 bono

67 3265 232 3333 subaustero
256 3268 307 3320 eut
327 3265 439 3320 lentisci
462 3266 508 3321 vel
531 3265 615 3327 mirre
643 3265 814 3320 decoctione.
859 3260 967 3316 addunt
992 3263 1078 3315 etrum

66 3334 163 3405 gellus.
201 3352 336 3392 cerneum.
369 3337 491 3391 acutiam
510 3335 672 3405 supradicto
694 3336 825 3405 pondere,
900 3337 932 3385 16
952 3331 1022 3386 idem
1040 3335 1080 3384 est

67 3403 97 3459 τὸ
121 3402 259 3477 ἡμέτερον
281 3402 353 3478 πρὸς
375 3402 442 3469 τούς
464 3408 673 3476 προπίπτοντας
695 3401 802 3475 ἀρχούς
824 3420 869 3474 cp.
893 3401 957 3459 (tat.
977 3399 1072 3456 XII?

68 3481 120 3530 313
143 3474 265 3548 (ἐρείνης
287 3478 397 3546 καρποῦ
417 3480 475 3547 etc.)
494 3483 519 3533 et
537 3478 661 3545 Aet.14,
681 3481 743 3545 712.
759 3481 824 3533 842.
