2414 3924
329 675 373 748 A.
401 672 647 749 CORNELII
674 668 823 746 OELSI

123 845 369 926 ARTIUM
402 844 590 925 LIBER
621 841 1033 924 DUODEOIMUS

536 1016 616 1054 IDEM

317 1133 575 1208 MEDICINAE
602 1140 833 1207 SEPTIMUS.

499 1309 661 1317 —————

405 1449 742 1512 PRAEFATIO.

95 1569 132 1618 De
146 1568 288 1635 chirurgia,
306 1569 411 1633 ejusque
425 1567 543 1630 hIstoris,
560 1576 585 1618 et
601 1569 632 1618 de
648 1569 736 1634 optimi
753 1568 870 1634 Chirurgi
886 1569 1059 1633 qualitatibus.

143 1706 269 1766 Tertiam
291 1724 357 1766 esse
383 1704 542 1768 medioinae
564 1715 691 1783 partem,
720 1723 793 1783 quae
818 1721 901 1764 manu
925 1714 1023 1784 ouret,
1047 1717 1077 1767 et

10 1808 13 1813 ’
78 1790 168 1868 vulgo
186 1800 299 1866 notum,
322 1799 352 1849 et
367 1807 382 1849 a
398 1808 442 1849 me
462 1790 642 1868 propositum
658 1798 712 1848 est.
747 1788 789 1848 Ea
807 1807 864 1848 non
887 1787 1002 1866 quidem
1015 1808 1076 1849 me·

78 1873 238 1935 dieamenta
263 1882 351 1952 atque
371 1874 464 1934 vietus
490 1876 629 1934 rationem
650 1874 767 1940 omittit;
797 1872 850 1932 sed
871 1890 955 1932 manu
979 1882 1099 1934 tumens

77 1959 229 2038 plurimum
245 1966 387 2038 praestat:
407 1966 508 2036 estque
531 1961 594 2034 eJus
614 1957 736 2017 effeetus
752 1958 827 2016 inter
843 1974 941 2016 omnes
956 1957 1075 2017 mediei·

78 2061 132 2104 nae
148 2052 247 2122 partes
259 2041 500 2105 evidentissImus.
533 2042 680 2120 Siquidem
697 2043 726 2099 in
739 2040 847 2099 morbis
859 2059 944 2118 quum
956 2043 1076 2101 multum

78 2127 193 2186 fortuna
209 2126 356 2201 conferat,
369 2125 527 2202 eademque
541 2143 630 2204 saepe
644 2125 792 2200 salutaria,
809 2141 899 2201 saepe
915 2141 988 2184 vana
1001 2125 1074 2191 sint;

78 2219 176 2288 potest
207 2208 330 2268 dubitari
358 2207 484 2267 secunda
512 2208 647 2268 valetudo
672 2207 847 2284 medicinae,
876 2226 911 2266 an
939 2209 1075 2285 corporis

78 2291 222 2351 heneiioio
239 2293 402 2369 eontIgerit.
446 2291 477 2350 In
496 2292 531 2351 ir's
550 2309 681 2370 quoque,
698 2293 726 2350 in
741 2291 843 2368 quibus
859 2291 1076 2351 medicamentis
1087 2310 1110 2351 ro

78 2375 200 2434 maxime
215 2377 345 2450 nitimur,
361 2377 489 2454 quamvis
505 2376 655 2454 proiectus
671 2376 832 2435 evidentior
846 2384 904 2451 est,
921 2383 1015 2434 tamen
1030 2393 1075 2434 sa-

77 2458 194 2517 nitatem
211 2468 240 2518 et
260 2478 313 2537 per
335 2458 409 2518 haeo
424 2460 528 2520 irustra
547 2461 663 2538 quaeri,
683 2468 713 2518 et
728 2461 790 2518 sine
810 2459 853 2518 his
875 2457 956 2517 reddi
971 2475 1075 2537 saepe,

76 2541 256 2601 manifestum
278 2553 337 2603 est:
366 2544 439 2603 sieut
460 2545 488 2602 in
512 2544 605 2603 oeulis
630 2561 746 2622 quoque
765 2541 942 2621 deprehendi
962 2551 1074 2620 potest;

78 2627 126 2705 qui
150 2644 165 2686 a
186 2626 306 2686 medicis
327 2626 374 2686 diu
391 2629 505 2703 vexati,
527 2628 589 2686 sine
609 2626 653 2686 his
676 2627 816 2686 interdum
834 2632 998 2685 sanescunt.
1036 2625 1076 2684 At

77 2711 105 2770 in
127 2727 161 2770 ea
180 2720 277 2790 parte,
301 2729 374 2789 quae
401 2730 483 2770 manu
506 2719 607 2785 curat,
624 2711 743 2771 evidens
766 2719 826 2784 est,
846 2726 957 2768 omnem
973 2708 1108 2786 profe-1⁵

77 2803 169 2871 otum,
187 2803 217 2854 ut
246 2795 352 2873 aliquid
379 2795 415 2854 ah
441 2794 505 2854 aliis
530 2793 695 2871 adjuvetur,
719 2793 785 2853 hino
811 2802 904 2853 tamen
923 2792 1076 2871 plurimum

76 2878 201 2938 trahere.

139 2962 220 3022 Haeo
235 2972 328 3023 autem
345 2981 428 3041 pars,
446 2981 530 3040 quum
544 2963 579 3021 sit
595 2962 802 3037 vetustissima,
819 2962 911 3035 magis
927 2968 1021 3019 tamen
1037 2957 1073 3018 ab

76 3044 128 3127 illo
153 3056 273 3121 parente
292 3048 383 3106 omnis
399 3045 557 3105 medieinae
576 3046 771 3124 Hippocrate,
795 3061 879 3122 quam
895 3061 911 3103 a
928 3040 1073 3121 prioribus

77 3128 193 3188 exsulta
209 3138 268 3190 est:
285 3129 404 3204 deinde,
420 3138 608 3207 posteaquam
625 3128 738 3189 diducta
753 3127 789 3188 ab
804 3128 867 3186 aliis
880 3126 989 3187 hahere
1003 3141 1072 3203 pro·
1082 3144 1107 3184 ao

76 3213 208 3272 iessores
226 3231 295 3272 suos
311 3215 424 3293 eoepit,
438 3215 467 3272 in
480 3213 618 3291 Aegypto
631 3229 746 3291 quoque
757 3212 894 3287 increvit,
911 3209 1073 3269 Philoxeno

76 3299 198 3355 maxime
214 3306 349 3373 auotore,
373 3299 421 3376 qui
438 3295 567 3374 pluribus
581 3295 773 3356 voluminibus
791 3295 865 3354 hane
883 3303 994 3372 partem
1010 3292 1072 3351 dili·

76 3378 245 3455 gentissime'
269 3381 497 3459 comprehendit.
535 3378 658 3456 Gorgias
683 3396 798 3456 quoque
821 3388 850 3438 et
871 3380 1019 3437 Sostratus
1043 3385 1073 3435 et

76 3460 176 3523 nrron
192 3474 221 3524 et
232 3463 382 3544 Apollonii
397 3464 452 3523 duo
469 3471 498 3522 et
512 3463 680 3523 Ammonius
691 3460 918 3539 Alexandrinus,
934 3459 1073 3539 multique
