2414 3924
429 240 748 292 mmmm
1023 231 1084 295 m

94 395 193 456 cidere
207 405 391 455 consuerunt.
413 395 470 455 Ιι
461 413 526 474 rpso
544 403 638 454 autem
654 395 740 455 oculo
755 414 965 476 nonnumquam
979 413 1085 457 summa

94 477 232 541 attollitur
246 480 356 555 tunica,
378 479 440 539 sive
458 480 549 557 ruptis
563 479 639 538 intus
657 478 828 539 membranis
845 478 1003 575 aliquibus,
1022 481 1086 539 sire

93 562 210 629 lauatis;
228 569 257 620 et
267 524 369 622 similla
381 563 472 640 ligura
484 563 567 622 acino
583 561 626 622 lit:
642 561 717 622 unde
732 563 759 623 id
769 556 952 643 σταφύλωμ
953 560 1085 624 cllraeci

92 652 197 706 vocant
220 643 267 721 (P.
288 645 364 723 Aeg.
387 645 443 722 Vl,
466 645 530 722 19)
568 641 684 705 Curatio
707 645 814 725 duplex
836 655 896 706 est.
919 646 1025 722 altera,
1050 646 1085 707 ad

68 731 171 808 sipsas
187 727 302 788 radices
325 747 377 808 per
399 728 521 789 medium
535 737 702 788 transsuere
714 747 767 790 acu
788 729 844 789 duo
866 729 923 790 lina
945 728 1084 801 docente;

92 812 196 872 deinde
211 810 329 871 alterins
345 812 396 872 lini
419 812 475 872 duo
498 812 592 890 capita
613 829 651 870 ex
673 813 826 890 superiore
848 822 943 891 parte,
967 812 1085 872 alterius

92 914 129 955 er
143 895 280 955 inferiore
295 895 476 974 adstringere
497 896 571 955 inter
592 912 640 963 se:
663 913 736 975 quae
754 896 890 975 paulatim
911 896 1039 956 secando
1057 895 1085 957 id

93 978 240 1039 excidunt:
257 978 347 1038 altera
363 981 391 1038 in
407 997 514 1038 summa
531 987 612 1058 parte
630 980 693 1054 ejus
714 979 751 1039 ad
774 979 928 1039 lenticulae
946 980 1084 1057 magnitu-

93 1063 186 1122 dinem
202 1061 356 1123 excidere:
373 1062 477 1122 daindo
489 1061 621 1140 spodium
635 1071 682 1122 aut
698 1063 836 1124 cadmiam
850 1062 976 1123 initiare.
998 1063 1084 1124 Utro·

58 1162 82 1203 ro
92 1145 163 1207 libet
178 1154 272 1205 autem
288 1145 382 1222 iacto,
404 1145 498 1205 album
518 1147 565 1205 ovi
584 1145 649 1205 lana
666 1147 866 1225 excipiendum
887 1155 917 1207 et
936 1148 1084 1225 imponen-

91 1230 171 1296 dum;
192 1238 352 1308 posteaque
374 1246 485 1308 vapore
505 1245 597 1308 aquae
618 1228 728 1290 calidae
751 1230 894 1290 fovendus
914 1230 1031 1309 oculus,
1056 1238 1086 1291 et

91 1310 205 1371 lenibus
220 1312 433 1372 medicamentis
449 1311 628 1390 inungendus
646 1321 700 1372 est.

155 1393 203 1455 12.
231 1393 312 1456 Glari
338 1404 432 1456 autern
455 1404 596 1457 vocantur
617 1395 727 1456 callosa
749 1396 777 1455 in
799 1396 866 1457 albo
891 1398 968 1457 oculi
989 1398 1084 1460 tuber·

93 1478 170 1548 cula;
189 1477 291 1557 quibus
307 1497 410 1539 nomen
426 1498 442 1539 a
458 1480 567 1557 ligurae
583 1478 766 1538 similitudine
783 1489 838 1540 est.
872 1479 933 1540 llos
948 1481 984 1541 ad
1001 1484 1084 1542 imam

58 1580 81 1620 rs
91 1562 217 1622 radicem
243 1562 395 1640 perforare
421 1581 475 1624 acu
499 1562 758 1622 commodissimum
779 1572 840 1639 est,
868 1564 1000 1642 infraque
1021 1582 1083 1624 eam

91 1645 243 1721 excidere,
259 1645 364 1706 deinde
379 1646 493 1706 lenibus
507 1646 724 1706 medicamentis
739 1649 888 1725 inungere.
1143 1657 1146 1668 '

155 1728 203 1790 13.
226 1728 397 1789 Suffusionis
412 1731 472 1805 J'am
493 1730 565 1790 alias
584 1729 659 1807 (VI,
680 1731 715 1805 6,
737 1731 794 1808 35)
813 1730 871 1790 leci
891 1731 1082 1799 mentionem;

91 1814 172 1892 quia,
190 1829 274 1890 quum
290 1831 395 1873 recens
410 1813 526 1889 incidit,
538 1813 761 1873 ⁴medicamentis
780 1832 896 1894 quoque
919 1832 1009 1893 saepe
1025 1813 1082 1873 dis·

91 1897 210 1955 cutitur:
226 1895 294 1971 sed,
316 1895 364 1955 ubi
387 1898 528 1957 vetustior
547 1897 624 1958 iacta
638 1904 698 1973 est,
724 1915 822 1957 manus
842 1900 1018 1958 curationem
1035 1897 1083 1957 de·

55 1979 211 2041 cosiderat:
228 1997 302 2058 quae
319 1981 393 2039 inter
409 1980 608 2040 subtilissimas
624 1979 723 2040 haberi
739 1989 846 2059 potest.
867 1979 911 2041 De
933 1998 987 2060 qua
1003 1990 1083 2041 ante-

90 2064 172 2141 quam
195 2063 277 2139 dico,
299 2065 400 2142 paucis
422 2066 512 2142 ipsius
533 2064 611 2124 oculi
632 2072 732 2123 natura
753 2064 905 2124 indicanda
924 2073 981 2124 est:
1001 2065 1083 2162 cujus

90 2147 233 2224 cognitio,
255 2164 339 2225 quum
362 2147 398 2207 ad
414 2148 496 2226 plura
511 2148 577 2208 loca
600 2148 755 2226 pertineat,
777 2156 834 2207 turn
856 2149 904 2207 vel
926 2149 1082 2226 praecipue

90 2230 125 2290 ad
142 2228 217 2289 bunc
233 2232 369 2308 pertinet.
405 2231 433 2290 ls
454 2231 541 2309 igitur
556 2248 678 2290 summas
703 2230 790 2290 babet
810 2231 879 2291 duas
894 2232 1022 2290 tunicas:
1046 2248 1083 2289 en

91 2312 193 2391 quibus
209 2316 344 2391 superior
364 2332 379 2373 a
402 2313 522 2374 Graecis
545 2306 756 2394 κερατοειὸής
775 2324 906 2374 vocator.
944 2313 986 2373 Ea
996 2331 1082 2392 ,qua

53 2405 173 2475 asporta
191 2395 255 2455 alba
272 2405 331 2473 est,
348 2400 418 2456 satus
434 2416 548 2475 crassa,
569 2397 696 2477 pupillae
712 2399 780 2458 loco
796 2407 976 2458 extenuatur
1010 2397 1083 2456 lluic
1117 2426 1121 2433 κ

89 2479 357 2556 interioradjuncta
378 2490 438 2557 est,
455 2482 547 2542 media
568 2490 667 2560 parte,
690 2498 745 2558 qna
764 2481 873 2560 pupilla
891 2490 950 2557 est,
967 2480 1083 2540 modico

89 2563 230 2622 foramine
254 2580 397 2632 concava;
421 2566 498 2624 circa
520 2566 628 2636 tenuis,
656 2565 839 2624 ulterioribus
866 2527 1028 2644 partibus
1019 2581 1083 2641 rpsa

90 2663 205 2723 quoque
220 2646 348 2744 plenior:
366 2666 439 2726 quae
455 2637 639 2746 χοιιοειδής
653 2665 668 2705 a
684 2646 802 2707 Graecis
819 2649 988 2708 nominatur.
1021 2647 1083 2706 llae

89 2729 161 2788 dnae
177 2730 291 2789 tonicae
298 2749 410 2810 ,quum
427 2732 564 2791 interiora
589 2731 665 2790 oculi
690 2733 821 2807 cingant,
842 2750 941 2791 rursus
962 2730 1015 2791 sub
1038 2730 1083 2788 bis

53 2833 79 2873 ao
92 2821 208 2881 coeunt:
225 2822 454 2893 extenuataeque
463 2824 491 2873 et
507 2817 535 2873 in
549 2832 633 2872 unum
649 2824 769 2873 coactae
780 2832 833 2891 per
848 2813 987 2889 foramen,
1005 2811 1082 2890 quod

88 2898 161 2955 inter
177 2913 244 2956 ossa
261 2907 318 2974 est,
333 2899 368 2957 ad
383 2896 573 2957 membranam
596 2895 708 2956 cerebri
731 2899 918 2974 perveniunt,
940 2897 1024 2973 eique
1040 2896 1081 2953 in-

88 2979 269 3040 haerescunt
299 2980 356 3040 Sub
372 2981 538 3056 bisantem,
556 2998 610 3057 qua
627 2989 708 3077 parte
727 2980 835 3076 pupilla
854 2988 912 3054 est,
928 2978 1012 3037 locus
1032 2994 1080 3036 va·

90 3082 159 3121 cous
174 3073 234 3123 est:
254 3063 357 3124 deinde
371 3064 443 3123 inlra
459 3082 556 3123 rursus
572 3064 737 3122 tenuissima
757 3063 868 3137 tunica,
891 3079 973 3139 quam
988 3059 1080 3120 Hero·

89 3146 184 3224 philus
206 3136 405 3227 ἄραχνοειδῆ
426 3148 590 3207 nominavit.
631 3145 674 3205 Ea
699 3143 791 3204 media
817 3143 953 3213 subsidit;
983 3161 1080 3221 eoque

52 3247 163 3290 ascaro
180 3234 308 3293 continet
323 3231 468 3310 quiddam,
492 3230 568 3308 quod
590 3248 605 3288 a
626 3229 690 3288 vitri
711 3227 892 3287 similitudine
908 3215 1082 3299 ὑαλοειὸές

89 3312 193 3372 Graeci
210 3324 332 3374 vocant
360 3315 391 3375 ld
413 3333 507 3392 neque
529 3312 682 3392 liquidum,
708 3329 802 3388 neque
824 3311 1010 3388 aridunrest,
1029 3311 1081 3371 sed

89 3399 170 3473 quasi
186 3408 339 3458 concretus
355 3398 471 3458 humor:
496 3417 533 3457 er
555 3397 635 3471 cnjus
657 3395 757 3455 colore
777 3395 905 3474 pupillae
927 3396 1012 3456 color
1033 3396 1080 3454 vel

88 3480 172 3556 niger
184 3490 245 3558 est,
264 3482 310 3541 vel
327 3483 455 3558 caesius,
472 3499 557 3560 quum
575 3496 682 3540 summa
700 3479 794 3540 tunica
809 3488 869 3541 tota
885 3479 950 3542 alba
966 3482 1012 3540 sit.
1049 3476 1080 3536 ld
