2414 3924
471 179 690 245 „99-

67 329 163 391 oleum
189 320 341 388 infundes.
378 323 436 386 hoc
459 332 520 387 tam
542 324 593 387 diu
616 324 707 386 iacies
731 340 820 403 qaum
841 324 893 387 diu
914 325 1087 390 stomachus

67 417 228 498 diligenter
257 416 324 495 ipsa
355 413 505 476 infusione
532 414 675 476 foveatur.
724 420 755 473 et
785 421 944 493 postquam
975 415 1086 478 foveris

66 505 228 586 diligenter
254 502 394 582 deterges
417 509 448 563 et
474 519 608 582 purpura
636 503 716 562 sicca
743 503 862 581 operies
883 510 916 563 et
940 501 1086 565 lasciahis.

65 595 119 655 hoe
138 599 246 655 autem
267 609 323 671 per
346 591 410 653 dies
429 608 555 653 numero
573 599 637 652 tres
660 591 760 651 iacies.
796 607 852 669 per
871 590 1004 668 singulos
1023 590 1087 652 dies

65 686 166 763 ipsum
190 679 292 743 oleum
313 678 512 741 recalefacies
1100 691 1114 731 5

153 767 232 831 illud
257 776 415 848 praeterea
441 765 674 847 admonendum,
702 768 728 827 si
755 766 833 829 torte
860 766 970 829 mulier
995 767 1088 829 luerit

65 877 140 939 quae
172 865 312 938 curantr,
338 864 373 917 ut
399 863 548 917 storacem
574 853 748 934 prohibeas,
776 873 813 917 ne
841 854 971 917 iocundo
994 855 1086 917 odore

64 948 176 1009 matrix
203 947 327 1008 invitata
356 944 392 1005 ad
420 943 605 1005 stomachum
632 942 756 1005 leretur.
799 943 875 1006 solet
902 945 981 1005 enim
1012 943 1086 1005 haec

64 1037 167 1116 passio
191 1034 366 1113 frequenter
388 1033 469 1114 fieri,
496 1030 647 1093 stomacho
675 1049 730 1111 per
753 1034 887 1094 nausiam
912 1049 1013 1113 verso,
1041 1050 1086 1093 se·

64 1123 167 1186 cundo
199 1121 247 1182 rel
275 1123 364 1183 tertio
392 1138 494 1182 mense
527 1118 759 1200 praegnantibus
790 1119 916 1182 rudihus
948 1119 985 1181 ad
1016 1131 1127 1183 con-1⁰

65 1219 191 1292 ceptum
210 1217 262 1273 aut
280 1217 363 1271 certe
384 1216 454 1288 post
472 1208 593 1288 longum
612 1210 755 1288 temporis
777 1216 897 1288 partum
917 1210 1086 1289 concipien-

65 1300 161 1363 tihus.
215 1305 247 1359 et
282 1297 419 1361 simfliter
450 1305 485 1360 ut
516 1298 743 1359 reumatismum
778 1296 924 1360 stomachi
959 1298 1087 1359 inlerius

65 1390 218 1467 scriptum
240 1385 368 1449 curabis.

160 1477 186 1534 si
218 1492 289 1534 vero
322 1475 431 1535 duritia
468 1474 559 1534 luerit
595 1473 740 1535 stomachi
776 1481 808 1534 et
841 1474 1087 1552 praecordiorum

65 1565 182 1645 tensio,
213 1564 245 1625 in
275 1564 382 1642 primis
413 1563 472 1624 erit
503 1560 772 1640 cataplasmandum
804 1580 841 1622 ex
877 1562 956 1623 faeni
988 1563 1086 1642 graeci
1101 1574 1126 1614 1⁵

65 1651 181 1732 polline
210 1657 240 1710 et
266 1667 343 1730 pane
371 1652 451 1711 sicco
479 1661 510 1710 et
540 1648 594 1711 lini
621 1651 734 1712 semine
763 1659 793 1711 et
819 1650 931 1712 malvae
963 1652 1085 1712 semine.

67 1748 242 1818 coquuntur
265 1741 298 1799 in
321 1756 381 1799 uno
405 1755 474 1804 cum
497 1756 573 1818 aqua
596 1746 627 1799 et
649 1737 715 1798 oleo
738 1737 855 1800 modico
879 1747 909 1799 et
931 1738 1033 1819 melle,
1056 1747 1087 1798 et

67 1829 238 1909 apponitur.
285 1828 359 1888 item
389 1843 461 1887 vero
494 1825 586 1888 addes
619 1826 721 1905 adipes
752 1827 893 1906 porcinos
925 1826 1086 1886 sufficienti

67 1915 173 1995 modo,
201 1923 231 1975 et
253 1923 322 1995 post
351 1914 415 1977 dies
438 1914 655 1995 cataplasmatis
679 1913 812 1993 expletos
835 1913 977 1991 malagma
1000 1912 1086 1992 dmp-

67 2004 188 2064 thaonis
211 2021 228 2063 a
251 2002 372 2064 Graecis
395 2002 574 2081 appellatum
597 2019 742 2082 appones,
769 2000 800 2061 id
826 2009 872 2061 est
894 2000 1085 2080 Amythaonis
1099 2015 1127 2055 co

66 2094 164 2172 patris
187 2090 332 2170 Melampi.
372 2091 442 2151 iacit
465 2091 501 2151 ad
523 2088 768 2170 praecordiorum
791 2089 1004 2171 distensiones,
1027 2089 1085 2149 dis·

67 2180 158 2240 solvit
181 2196 300 2240 omnem
323 2178 477 2260 duritiam,
501 2179 571 2239 iacit
594 2186 624 2239 et
647 2177 683 2238 ad
707 2177 857 2239 difficilem
878 2185 993 2239 motum
1017 2180 1086 2240 arti·

67 2267 218 2328 culorum.
254 2276 301 2328 est
319 2269 407 2328 etiam
427 2274 457 2329 et
474 2266 646 2347 spleneticis
665 2266 871 2329 dialoreticum
889 2266 1087 2329 medicamen·

141 2505 301 2561 liniendis
319 2522 352 2575 pc
375 2505 471 2574 (-dss
489 2507 531 2575 p).
620 2505 691 2561 facis
714 2524 774 2577 pop.
865 2524 950 2578 quem
969 2506 1019 2561 diu
1035 2524 1086 2576 pp:

66 2578 159 2633 donee
179 2593 201 2632 0.
291 2578 357 2631 tel
377 2578 529 2646 postquem
548 2605 582 2616 -
601 2577 695 2646 operis
719 2595 768 2647 pp:
791 2577 859 2633 Post
876 2595 942 2633 vero
963 2577 1086 2648 detergis

66 2663 195 2717 purpura
218 2646 243 2700 si
265 2645 396 2721 cooperis
416 2648 501 2716 (reliq.
526 2648 555 2701 et
576 2646 708 2702 fesciehis
733 2679 766 2688 -
790 2648 952 2704 recalefacis
976 2650 1037 2718 om.)
1063 2665 1085 2703 c.

66 2717 300 2857 diffidis
322 2718 1086 2861 {edtrtmtesitittteMididi}

68 2875 168 2915 everso
187 2875 209 2913 c.
301 2864 334 2912 10
352 2858 538 2927 preguacihus
554 2876 580 2928 p.
656 2867 687 2913 11
706 2860 842 2929 temporis
859 2877 909 2932 gp:
932 2861 1045 2929 tempus
1063 2876 1085 2915 0.

69 2935 104 2984 15
122 2928 199 2985 foeni
215 2945 246 2998 p,
264 2928 332 2984 fanu
350 2945 380 2996 c,
397 2929 445 2983 ieri
458 2946 489 2999 p.
581 2936 614 2984 16
632 2947 706 2999 pune
725 2931 799 2986 sicco
818 2947 844 2985 c:
868 2930 937 2999 pani
955 2930 1023 2986 sicci
1040 2946 1086 2999 pp.

67 3000 175 3055 semine
197 3001 266 3068 (hio)
289 3016 315 3054 e:
339 2998 454 3054 seminis
475 3016 521 3071 pp.
610 3001 703 3056 melre
727 3018 772 3070 cp:
796 3001 907 3056 11111111
929 3019 956 3072 p.
1053 3007 1084 3054 17

68 3072 233 3141 (loquuntur
250 3086 282 3139 p:
301 3068 431 3139 coquitur
449 3087 476 3140 c,
500 3069 684 3139 (loquemini
697 3089 729 3142 p.
818 3088 874 3126 uno
892 3088 921 3141 pt
940 3071 1006 3126 vino
1025 3072 1086 3137 (uio

69 3145 95 3211 e)
114 3158 155 3211 ep.
230 3146 263 3196 18
277 3140 361 3211 adipe
376 3144 404 3210 (p
413 3143 447 3210 p)
462 3140 580 3210 porcinis
594 3144 624 3211 (1ῑ
632 3145 666 3212 p)
681 3160 722 3212 cp.
794 3142 949 3196 sufficiente
963 3139 1049 3194 modii
1063 3156 1086 3205 c,

69 3212 226 3267 sufficiente
249 3212 310 3281 (om.
334 3213 459 3280 modum)
477 3228 509 3282 p.
618 3220 650 3268 19
674 3213 818 3282 Malagma
839 3227 869 3282 g:
892 3210 1037 3280 malugine
1063 3226 1086 3274 c,

69 3281 210 3337 melocineo
223 3300 254 3351 p.
327 3283 516 3352 1111111011,
540 3284 696 3339 umiclonos
715 3301 742 3353 c,
766 3285 928 3337 ametuones
946 3297 977 3351 p.
1051 3286 1085 3334 20

70 3353 222 3408 amiieonio
235 3370 262 3422 p,
280 3353 428 3408 emichonis
443 3369 466 3419 c,
484 3353 634 3424 amigiaois
644 3371 675 3425 p.
749 3360 782 3409 21
800 3351 935 3422 melumpi
949 3353 1010 3423 (sic)
1024 3368 1086 3424 pop.

71 3425 207 3479 dissolvet
223 3440 242 3494 p
260 3424 349 3493 (-vit
366 3440 390 3493 c,
408 3422 532 3480 dnolutu
550 3426 590 3480 sic
603 3426 645 3495 p).

890 3511 926 3566 7*
