2414 3924
81 201 144 263 342
356 211 389 257 ε.
404 210 433 257 c.
450 209 548 258 cunm
565 208 759 256 nocturnus

81 375 138 427 tem
156 364 340 425 adducendus
355 372 413 423 est:
428 382 474 439 ac,
490 365 513 421 si
526 365 550 422 is
561 363 750 439 inleriorest,
767 379 824 422 non
838 361 876 437 id,
892 362 974 440 quod
989 379 1006 422 ε
1023 380 1077 440 pe·

82 458 162 511 ctore
189 458 250 525 est,
277 446 489 526 deprimendum
506 455 566 522 εει,
594 448 658 524 qula
683 444 828 505 immobile
854 454 916 522 est,
948 444 1003 506 sod
1022 445 1075 506 hu·

80 550 176 592 merus
191 534 255 610 ipse
270 531 443 592 attollendus
459 528 583 609 (lbid.§
599 531 646 604 14,
660 529 793 609 medio):
813 531 838 588 si
853 546 922 588 caso
934 530 1077 608 superior

81 626 142 692 εει,
156 615 198 692 ld,
218 615 294 693 quod
311 633 327 674 ε
344 623 464 693 pectore
480 624 538 690 est,
557 612 730 691 implendum
746 613 827 688 lana,
843 620 872 671 ει
883 611 1021 672 humerus
1039 611 1077 672 ad

81 708 184 779 pectus
199 698 369 775 deligandus
385 706 438 757 εει.
466 699 496 757 Si
510 706 592 757 acuta
613 696 773 773 fragmenta
789 704 869 770 suut,
890 695 979 756 incidi
1003 711 1075 756 con·
1089 714 1101 754 ε

81 793 124 842 tra
141 783 215 842 cutis
242 781 329 841 debet
350 781 446 860 (Paul.
467 780 543 857 Aeg.
563 780 614 854 VI,
633 780 683 856 93,
700 780 746 839 ed.
765 778 880 857 Briau);
902 797 939 838 ex
956 779 1076 839 ossibus

82 883 134 942 εε,
151 883 225 944 quoe
250 883 366 925 caruem
391 865 555 938 vulnerant,
578 863 786 941 praecidenda;
810 872 867 922 tum
887 872 985 921 retusa
1003 880 1075 923 ossa

82 950 282 1008 committenda
301 958 380 1013 suot:
398 950 421 1006 si
439 946 516 1025 quod
532 947 567 1006 ab
580 946 673 1026 aliqua
688 955 770 1024 purte
786 947 901 1022 eminet,
918 963 1075 1025 opponen-

82 1031 145 1091 dum
160 1035 187 1091 ei
202 1033 309 1111 triplex
324 1032 472 1090 linteolum
483 1039 538 1106 εει,
553 1032 580 1088 iu
596 1031 662 1089 vino
679 1039 707 1089 et
720 1030 787 1089 oleo
803 1030 929 1088 tinctum.
949 1029 1075 1107 Sipluru

80 1115 240 1192 fragmenta
257 1125 335 1192 suut,
352 1114 524 1193 excipienda
544 1123 608 1172 suot
628 1132 664 1173 en
684 1114 776 1173 ferula
797 1113 874 1172 lacto
897 1112 1075 1190 canaliculo,
1086 1131 1107 1173 io

82 1194 242 1275 eodemque
259 1201 333 1259 intus
347 1201 486 1274 incenato,
507 1216 543 1257 ne
558 1197 649 1256 lasela
672 1197 830 1256 diducatur.
864 1195 944 1268 Quae
963 1196 1075 1273 jugulo

82 1285 244 1359 composito
262 1281 461 1342 circumdanda
483 1290 527 1340 εει
547 1283 664 1359 saepius
681 1282 776 1359 potius
806 1289 889 1357 quam
910 1280 1074 1340 valentius:

82 1364 159 1443 quod
184 1366 276 1443 ipsum
304 1383 418 1445 quoque
443 1367 470 1423 iu
492 1364 622 1424 omnibus
644 1364 758 1425 ossibus
775 1364 875 1423 tractis
898 1372 1075 1443 perpetuum

81 1457 136 1506 εει.
164 1448 190 1507 Α
207 1451 309 1509 dextro
326 1466 396 1508 vero
406 1449 529 1525 jugulo,
556 1450 579 1507 si
595 1448 623 1507 id
638 1449 757 1508 lractunr
776 1455 836 1523 εει,
860 1447 895 1507 ad
911 1447 985 1507 alam
1004 1448 1074 1507 sini·

81 1539 183 1600 stram;
208 1552 223 1593 a
245 1534 360 1592 sinistro
388 1532 423 1592 ad
439 1532 583 1606 dextram,
597 1550 754 1611 rursusque
767 1530 820 1589 sub
835 1531 959 1592 clusano
977 1530 1073 1591 lascis
1083 1549 1108 1589 rs

81 1613 141 1674 dari
160 1617 261 1677 debet:
280 1616 442 1696 posthaec,
459 1618 483 1674 si
494 1615 625 1692 jugulum
638 1615 673 1675 ad
683 1615 818 1693 scapulas
833 1615 999 1674 inclinatum
1014 1625 1073 1690 εει,

81 1697 228 1760 brachium
246 1700 280 1760 ad
296 1701 386 1770 latus;
402 1703 425 1759 si
444 1701 471 1758 iu
484 1708 593 1778 partem
616 1701 757 1779 priorem,
778 1697 812 1758 ad
835 1700 980 1759 cervicem
1000 1697 1073 1757 deli·

80 1785 203 1859 gaudum
227 1793 286 1844 est:
310 1782 594 1862 alipiumque-homo
618 1782 816 1842 collocandus.
848 1780 953 1841 Cetera
968 1781 1073 1842 eadem

80 1865 228 1943 iacienda,
251 1887 325 1946 quac
343 1887 427 1946 supra
446 1867 654 1944 comprehensa
671 1875 745 1925 suut

143 1952 171 2011 2
193 1955 263 2012 Sunt
275 1968 347 2010 vero
360 1953 443 2030 plura
457 1968 524 2011 ossa
537 1949 773 2024 lereimmolsilia,
788 1948 836 2009 vel
846 1948 924 2023 dura,
942 1947 992 2007 vel
1007 1966 1071 2008 car·
1081 1968 1105 2008 ao

80 2038 245 2114 tilaginosa,
261 2053 334 2114 quae
350 2036 397 2094 vel
413 2036 590 2112 franguntur,
605 2035 651 2093 vel
667 2035 806 2107 forantur,
827 2032 873 2091 vel
888 2029 1072 2108 colliduntur,

80 2123 128 2181 vel
141 2121 297 2187 finduntur;
314 2128 343 2178 ut
356 2119 459 2194 malae,
475 2127 589 2197 pectus,
604 2119 689 2177 latum
703 2135 736 2177 os
747 2116 939 2195 scapularum,
955 2123 1072 2192 εοειεε,

81 2207 173 2284 spina,
192 2221 328 2263 coxarum
344 2220 395 2276 οε,
416 2203 476 2261 tali.
469 2201 568 2276 calx,
584 2221 694 2277 manus,
711 2200 806 2279 planta
820 2199 875 2278 (cl.
890 2201 919 2275 7,
936 2217 964 2277 p
980 2199 1071 2276 341)

79 2288 187 2348 Horum
203 2287 324 2345 omnium
341 2286 441 2344 eadem
458 2287 567 2343 curatio
585 2294 639 2344 est
671 2286 701 2344 Si
726 2303 812 2363 snpra
831 2283 933 2341 vulnus
956 2290 1020 2357 εει,
1043 2283 1073 2342 id

80 2374 139 2430 suis
160 2370 376 2428 medicamentis
406 2368 583 2426 nutriendum
606 2378 665 2429 est:
697 2386 754 2446 quo
778 2374 960 2441 sanescente,
982 2366 1105 2425 rimasas

81 2470 197 2529 quoque
213 2453 306 2528 ossis,
333 2460 396 2527 aut,
426 2450 539 2528 siquod
553 2452 684 2512 toramen
702 2461 765 2526 est,
789 2450 880 2509 callus
896 2448 1007 2529 implet.
1039 2449 1072 2509 Si

81 2538 154 2594 cutis
176 2537 288 2610 integra
311 2543 369 2607 est,
393 2543 422 2592 ει
444 2550 477 2592 οε
500 2535 608 2594 laesum
626 2554 692 2595 εεεε
715 2554 752 2595 ex
775 2533 876 2593 dolore
894 2533 1070 2609 colligimus,

80 2617 147 2677 nihil
178 2616 268 2694 aliud,
295 2635 377 2694 quarn
398 2618 617 2697 quiescendum;
657 2617 917 2698 imponendumque
942 2626 1070 2677 ceratum

81 2711 134 2779 εει,
152 2712 180 2761 ει
195 2702 298 2761 leniter
311 2701 504 2778 deligandum,
517 2701 611 2762 donec
627 2705 747 2762 sanitate
761 2701 835 2761 οεείε
851 2700 935 2760 dolor
946 2700 1069 2760 liniatur.

430 2939 612 2998 CAPUT
644 2939 711 2997 IX.
1078 2957 1102 2999 ιι

456 3056 492 3103 De
507 3055 583 3105 costis
598 3053 693 3105 fractis

141 3210 167 3266 l.
191 3206 312 3304 l'roprie
327 3216 420 3267 tamen
437 3208 576 3286 quaedam
590 3207 626 3266 de
646 3217 726 3267 costa
746 3205 867 3266 dicenda
890 3213 969 3275 suot;
1001 3208 1068 3285 quria

22 3278 28 3363 l
72 3293 156 3366 juxta
172 3291 288 3350 viscera
304 3300 348 3350 est
357 3291 625 3369 ,gravioribusque
640 3290 808 3388 periculis
799 3307 824 3348 us
847 3288 931 3349 locus
947 3289 1066 3366 exposi-

22 3380 26 3399 ·'
77 3383 122 3436 tus
136 3383 190 3438 εει
218 3373 299 3434 Ηεεε
314 3392 430 3454 quoque
446 3377 533 3451 igitur
547 3373 726 3436 interdum
702 3392 745 3433 suc
757 3371 880 3449 finditur,
895 3382 924 3433 ut
939 3391 976 3431 ne
993 3391 1066 3432 eum·

76 3474 150 3517 mum
170 3456 284 3534 quidem
302 3475 352 3534 οε,
370 3459 422 3517 sed
438 3460 557 3518 interior
573 3476 640 3537 pars
657 3458 738 3535 ejus,
761 3473 835 3536 quae
852 3473 917 3516 rara
933 3465 990 3533 est,
1009 3456 1103 3517 lue-os
