2414 3924
132 230 174 296 68
428 241 461 290 s.
478 241 509 289 c.
526 241 624 291 cnusr
640 240 835 290 numerurm

131 395 220 473 hulhi,
235 395 375 472 brassica,
390 397 540 474 magisque
556 395 640 454 etiam
662 413 743 470 cyma
761 395 839 471 ejus,
854 413 1031 474 asparagus,
1050 392 1129 468 heta,

132 480 260 542 cucumis
276 478 331 557 (ci
349 495 414 557 cap.
430 476 497 556 22),
511 496 642 556 porrum,
665 495 766 554 eruca,
790 478 971 554 nasturtium,
993 476 1129 553 thymum,

131 570 249 642 nepeta,
263 564 397 638 satureia,
412 561 581 640 hyssopum,
596 570 669 637 ruta,
686 561 826 637 anethum,
844 560 1029 636 foeniculum,
1045 563 1130 619 cumi-

131 663 213 722 num,
232 646 355 721 anisum,
371 644 532 722 lapathum,
556 645 662 723 sinapi,
680 645 792 719 allium,
808 663 897 723 cepa,
912 644 1015 719 lienes,
1032 661 1130 719 rencs,

132 729 281 806 intestina,
300 745 414 808 pomum
429 727 630 807 quodcumque
645 728 757 788 acidum
770 728 819 787 vel
833 727 970 788 accrhum
987 735 1047 802 est,
1064 745 1129 786 ace·
1144 748 1156 787 ι

131 821 208 888 tum,
224 815 318 872 omnia
333 813 421 887 acria,
439 811 531 887 acida,
548 811 665 887 acerba,
682 812 787 888 oleum,
803 813 901 890 pisces
917 827 1033 889 quoque
1047 828 1130 869 saxa·

131 895 209 973 tiles,
224 912 393 973 omnesque,
406 898 454 973 qui
470 913 508 955 ex
523 897 678 955 tenerrimo
694 914 804 973 genere
818 904 892 970 sunt,
910 903 957 954 aut
972 893 1020 972 qui
1032 911 1132 952 rursus

131 980 246 1038 nimium
263 978 324 1038 duri
338 979 484 1056 virosique
500 988 581 1056 sunt,
601 987 630 1038 ut
644 980 707 1038 lere
722 996 795 1057 quos
809 987 920 1056 stagna,
938 977 1031 1052 lacus,
1050 976 1132 1038 limo·

131 1062 215 1140 sique
226 1063 281 1121 rivi
292 1061 398 1139 ierunt,
411 1062 519 1141 quique
530 1063 559 1122 in
572 1064 682 1123 nimiam
695 1061 918 1140 magnitudinem
931 1068 1131 1120 excesserunt.

454 1277 638 1341 CAPUT
666 1279 804 1340 XXII.
1142 1290 1167 1330 ro

376 1393 445 1453 Quae
462 1409 504 1444 res
521 1394 604 1454 lenes,
621 1408 718 1458 quaeve
733 1407 804 1444 ceres
820 1394 879 1443 sint.

194 1529 287 1589 henes
309 1537 402 1588 autem
420 1537 484 1587 sunt
499 1528 636 1605 sorbitio,
655 1528 808 1606 pulticula,
824 1528 973 1606 laganum,
997 1529 1130 1604 amylum,

132 1615 261 1695 ptisana,
289 1613 403 1689 pinguis
424 1629 511 1686 caro,
541 1621 569 1671 et
585 1629 781 1691 quaecumque
801 1612 947 1689 glutinosa
969 1620 1030 1672 est:
1055 1613 1131 1691 quod

131 1698 194 1758 iere
211 1694 326 1772 quidem
342 1697 370 1754 in
391 1696 465 1754 omni
481 1693 638 1755 domestica
654 1697 700 1770 lit,
717 1696 875 1774 praecipue
888 1705 982 1756 tamen
997 1697 1027 1754 in
1042 1713 1132 1772 ungu-

130 1780 182 1855 lis,
206 1779 402 1857 tronculisque
424 1796 520 1856 suum,
542 1782 570 1838 in
586 1778 703 1857 petiolis
720 1777 910 1858 capitulisque
926 1779 1086 1839 hoedorum
1104 1788 1168 1838 etit

130 1863 283 1924 vitulorum
300 1871 330 1922 et
346 1879 500 1938 agnorum,
518 1863 706 1940 omnibusque
725 1861 897 1922 cerebellis:
912 1864 981 1922 item
997 1863 1046 1941 qui
1067 1880 1133 1940 prc-

130 1948 194 2025 prie
216 1944 295 2004 hulhi
316 1947 509 2021 nominantur,
525 1944 584 2023 lac,
601 1944 756 2022 defrutum,
779 1963 909 2023 passum,
932 1946 1029 2005 nuclei
1046 1948 1133 2023 pinei.

130 2028 217 2089 Acria
240 2038 304 2087 sunt
319 2031 412 2088 omnia
429 2029 510 2087 nimis
535 2038 665 2105 austera,
687 2031 780 2088 omnia
803 2028 900 2104 acida,
928 2030 1023 2089 omnia
1046 2029 1133 2104 salsa,

129 2111 203 2187 mel,
222 2122 251 2172 et
267 2111 380 2191 quidem
396 2130 453 2191 quo
468 2111 570 2172 melius
586 2121 640 2187 est,
658 2130 694 2172 eo
710 2113 821 2189 magis:
836 2113 904 2171 item
922 2113 1030 2187 allium,
1048 2130 1133 2190 cepa,

130 2213 226 2270 eruca,
241 2203 315 2271 ruta,
332 2197 507 2271 nasturtium,
528 2197 653 2256 cucumis
664 2195 722 2275 (cl.
738 2213 802 2274 cap.
818 2194 887 2273 27),
900 2195 978 2272 heta,
995 2195 1133 2271 brassica,
1143 2209 1169 2248 ²⁰

130 2294 301 2356 asparagus,
317 2280 419 2356 sinapi,
435 2276 573 2354 radicula,
591 2278 722 2354 intubus,
742 2281 880 2353 ocimum,
902 2279 1025 2354 lactuca,
1045 2279 1134 2338 marri·

130 2376 232 2437 maque
248 2359 359 2419 olerum
376 2380 452 2438 pars.

439 2525 620 2588 CAPUT
650 2527 816 2586 XXIII.

185 2640 221 2690 De
239 2640 279 2691 his
297 2655 362 2705 quoe
379 2644 537 2704 crassiorem,
556 2659 652 2709 quaeve
670 2645 808 2694 tenuiorem
827 2643 943 2709 pituitam
962 2643 1065 2694 iaciunt.

193 2773 372 2837 Crassiorem
397 2789 490 2842 autem
511 2782 638 2861 pituitam
660 2780 768 2840 iaciunt
793 2797 849 2839 ova
879 2779 1017 2855 sorbilia,
1047 2780 1169 2856 alica,²⁶

129 2874 227 2934 oryza,
244 2859 374 2938 amylum,
391 2864 515 2942 ptisana,
533 2864 594 2940 lac,
611 2863 706 2935 hulhi,
724 2865 879 2943 omniaque
896 2863 961 2923 lere
980 2863 1134 2941 glutinosa.

127 2937 292 3004 Extenuant
307 2945 434 3006 eamdem
451 2950 545 3006 omnia
563 2947 655 3021 salsa,
673 2955 759 3025 atque
778 2947 876 3021 acria,
894 2955 980 3025 atque
995 2946 1087 3007 acida.

440 3124 625 3226 chenu
656 3166 807 3226 xxuv.

366 3275 403 3324 De
421 3274 461 3326 his
479 3290 544 3340 quae
562 3275 691 3327 stomacho
708 3277 800 3326 idonea
815 3285 882 3327 sunt.

188 3389 344 3450 Stomacho
374 3402 466 3453 autem
493 3376 639 3472 aptissima
668 3403 746 3470 sunt,
780 3412 978 3472 quaecumque
1011 3400 1164 3453 austeram

125 3479 201 3544 sunt,
230 3474 314 3532 etiam
329 3491 404 3552 qnae
418 3476 499 3537 acida
517 3485 596 3553 sunt,
620 3494 750 3556 quaeque
773 3486 906 3536 contacta
927 3477 990 3537 sale
1011 3474 1125 3535 modice
