2414 3924
447 243 734 292 mmmm
1050 233 1092 296 w

95 415 127 464 ut
141 421 210 484 quas
226 402 329 480 aliquis
344 401 372 458 iu
389 399 512 476 siugulis
526 397 691 459 morborum
706 397 863 475 generibus
877 397 988 460 babere
1000 402 1093 480 possit

95 498 193 562 notas,
216 486 346 547 iudicem.
394 482 539 558 Quaedam
562 491 657 542 autem
682 491 761 557 suut,
789 499 864 560 quae
891 493 957 543 aute
980 484 1091 561 febres,

96 570 235 652 quaedam
253 586 328 648 quae
344 569 418 628 iuter
434 584 500 642 eas,
516 564 584 645 quid
599 575 647 626 aut
659 568 733 626 intus
748 567 800 641 sit,
816 575 865 625 aut
878 577 1027 627 venturum
1043 569 1091 644 sit,

95 654 258 716 ostendunt.
288 652 364 713 Acte
384 650 499 725 febres,
522 652 547 710 si
568 660 654 728 caput
675 667 766 727 grave
788 659 849 725 est,
872 660 920 710 aut
935 669 973 711 ex
990 669 1092 712 somno

72 739 175 802 soculi
191 737 326 814 caligant,
343 745 391 795 aut
406 735 569 813 frequentia
586 743 810 794 sternutamenta
826 743 899 810 suut,
918 737 995 796 circa
1008 746 1093 814 caput

94 824 198 902 aliquis
214 823 332 900 pituitae
350 822 472 897 impetus
488 819 580 877 timeri
597 827 703 896 potest.
742 819 773 879 Si
788 819 921 896 sanguis,
944 828 992 879 aut
1012 819 1093 880 calor

94 905 228 980 abundat,
245 905 404 983 proximum
421 912 483 976 est,
503 912 534 961 ut
549 901 645 980 aliqua
658 911 741 980 parte
760 902 930 980 profluvium
947 905 1092 981 sauguinis

95 993 155 1051 dat.
191 990 223 1049 Si
243 989 307 1048 siue
328 1005 414 1047 causa
438 988 501 1065 quis
526 988 712 1061 emacrescit,
735 1005 772 1046 ue
792 987 820 1044 iu
842 986 945 1046 malum
966 987 1092 1061 habitum

96 1091 204 1152 corpus
220 1073 282 1147 ejus
299 1071 429 1148 decidat,
455 1081 547 1130 metus
569 1080 622 1129 est.
661 1071 691 1130 Si
715 1071 888 1148 praecordia
909 1070 1026 1148 dolent,
1046 1081 1094 1133 aut

58 1177 86 1218 ro
98 1158 205 1218 inflatio
226 1157 323 1233 gravis
346 1164 407 1231 est,
431 1164 478 1214 aut
502 1164 563 1214 toto
587 1154 633 1214 die
653 1171 710 1214 uon
732 1162 874 1215 concocta
895 1154 987 1215 fertur
1001 1157 1092 1232 uriua,

96 1241 264 1302 cruditatem
279 1257 345 1299 esse
363 1238 543 1298 manifestum
560 1247 614 1298 est.
635 1237 744 1313 Quibus
759 1236 807 1298 diu
822 1238 906 1299 color
917 1241 979 1300 siue
991 1240 1093 1301 morbo

95 1327 178 1403 regio
193 1323 283 1383 malus
306 1332 366 1396 est,
388 1322 417 1382 hi
439 1322 487 1381 vel
508 1323 611 1401 capitis
631 1321 780 1382 doloribus
805 1322 1020 1402 conflictantur,
1045 1324 1094 1385 vel

95 1419 199 1470 terram
227 1408 313 1467 edunt
336 1405 479 1485 (Prorrlr.
502 1405 545 1482 ll,
569 1406 590 1481 §
612 1406 679 1485 31).
715 1405 769 1481 Qui
791 1405 838 1466 diu
859 1406 967 1468 habent
986 1409 1094 1470 faciem

96 1492 231 1571 pallidam
254 1501 283 1551 ει
303 1490 451 1565 tumidam,
480 1498 528 1550 aut
550 1492 660 1567 capite,
684 1500 732 1551 aut
754 1490 933 1567 visceribus,
948 1501 1005 1553 'aut
1026 1492 1093 1553 alvo

60 1576 237 1639 ruluborunt.
271 1577 301 1636 Si
317 1575 492 1636 incontinua
508 1573 592 1635 febre
608 1591 699 1651 puero
715 1583 818 1634 venter
832 1574 902 1635 nibil
915 1577 1019 1653 reddit,
1034 1595 1093 1637 mu-

95 1670 228 1739 taturque
244 1661 271 1719 ei
290 1659 388 1735 color,
412 1678 507 1739 neque
523 1677 639 1720 somnus
653 1658 784 1731 accedit,
804 1656 959 1738 ploratque
976 1661 1002 1720 is
1022 1663 1093 1721 assi·

96 1745 163 1818 due,
179 1743 331 1803 metuenda
347 1761 500 1804 neruorum
516 1745 650 1804 distentio
672 1753 726 1804 εει.
760 1741 912 1822 Frequens
928 1753 1023 1804 autem
1043 1745 1093 1804 de·

96 1826 213 1886 stillatio
238 1828 265 1886 in
289 1840 413 1905 corpore
438 1829 514 1887 tenui
537 1828 701 1906 longoque,
728 1828 823 1889 tabem
849 1827 1001 1896 timendam
1025 1846 1093 1890 esse

97 1918 226 1970 testatur.
264 1910 319 1971 Ubi
340 1910 469 1989 pluribus
495 1910 597 1970 diebus
618 1929 676 1970 uon
697 1912 848 1973 descendit
871 1912 970 1989 alvus,
995 1914 1092 1990 docet,

58 2017 87 2056 20
97 2002 145 2053 aut
161 1992 278 2055 subitam
298 1994 505 2070 dejectionem,
527 2004 574 2053 aut
590 1994 759 2055 febriculam
776 1998 895 2056 instare.
928 1996 985 2057 Ubi
1002 1998 1094 2076 pedes

95 2087 221 2155 turgent,
237 2078 341 2155 longae
358 2079 538 2153 dejectiones
553 2089 631 2148 suut;
654 2078 704 2138 ubi
724 2080 810 2139 dolor
826 2081 925 2140 inimo
946 2091 1048 2142 ventre
1065 2092 1095 2142 et

96 2164 178 2221 coxis
194 2170 254 2236 est,
276 2180 350 2240 aqua
365 2165 439 2222 inter
459 2171 553 2224 cutem
569 2166 668 2232 instat;
696 2165 749 2223 sed
766 2163 824 2224 boc
839 2163 933 2224 morbi
947 2183 1040 2242 genus
1057 2166 1093 2225 ab

94 2245 180 2304 ilibus
197 2248 266 2328 oriri
282 2246 359 2305 solet
380 2245 508 2326 (Proque.
528 2246 611 2327 §8).
641 2247 721 2308 Idem
738 2250 918 2326 propositum
934 2250 1093 2327 periculum

96 2331 201 2401 estiis,
219 2330 323 2408 quibus
335 2331 466 2389 voluutas
478 2330 627 2392 desidendi
640 2342 700 2408 est,
715 2341 818 2392 uenter
833 2333 902 2392 nihil
918 2334 1022 2409 reddit,
1039 2335 1094 2394 nisi

58 2436 85 2476 ιε
96 2423 125 2472 ει
135 2431 225 2489 aegre
238 2423 266 2472 ει
278 2413 387 2489 durum,
400 2424 493 2473 tumor
501 2417 530 2474 in
542 2415 664 2494 pedibus
674 2426 727 2493 est,
739 2417 872 2495 idemque
882 2418 967 2494 modo
979 2419 1093 2495 dextra,

94 2497 180 2556 modo
209 2498 322 2558 sinistra
346 2508 427 2575 parte
455 2501 579 2575 ventris,
609 2501 732 2560 invicem
756 2503 847 2561 oritur
874 2510 960 2579 atque
988 2502 1091 2563 linitur.

95 2580 154 2640 Sed
166 2599 181 2640 a
191 2582 320 2640 iecinore
332 2581 359 2640 id
372 2582 474 2641 malum
486 2584 633 2661 proficisci
644 2585 758 2644 videtur
769 2583 899 2664 (Proqo.
912 2585 934 2661 §
946 2585 991 2665 8).
1009 2585 1093 2663 Ejus·

95 2664 159 2724 dem
175 2664 266 2724 morbi
278 2675 344 2724 uota
358 2676 418 2740 est,
435 2665 483 2725 ubi
498 2668 574 2726 circa
586 2667 749 2728 umbilicum
765 2670 897 2728 intestina
912 2680 1093 2748 torquentur,

94 2740 264 2828 στρόφους
275 2748 379 2810 Graeci
391 2752 549 2820 nominant;
564 2768 715 2830 coxaeque
728 2751 848 2812 dolores
860 2763 988 2813 manent:
1000 2772 1093 2833 eaque

58 2850 190 2911 soueque
206 2842 347 2911 tempore,
366 2852 460 2912 neque
476 2834 611 2894 remediis
634 2837 793 2895 solvuntur.
827 2836 920 2897 Dolor
937 2847 1030 2897 autem
1048 2851 1093 2898 ar·-

94 2916 258 2992 ticolorum,
272 2927 357 2995 prout
368 2921 395 2976 in
408 2918 540 2996 pedibus,
553 2918 731 2994 manibusve,
746 2929 793 2979 aut
806 2921 861 2980 alla
872 2919 1000 2998 qualibet
1010 2931 1093 2999 parte

93 3002 137 3060 sic
153 3010 208 3077 est,
225 3010 255 3059 ut
270 3019 306 3060 co
324 3002 390 3061 loco
408 3003 488 3062 nervi
505 3003 721 3069 contrahantur:
738 3012 785 3063 aut
801 3005 825 3062 si
838 3003 866 3062 id
881 3004 1040 3063 membrum
1055 3024 1092 3064 ex

93 3083 152 3143 levi
166 3103 253 3144 causa
268 3086 427 3163 fatigatum,
447 3103 540 3165 aeque
555 3086 661 3162 frigido
678 3087 831 3165 calidoque
848 3087 1017 3161 offenditur,
1039 3106 1091 3164 po·

93 3168 227 3245 degram,
251 3169 466 3248 chiragramve,
484 3170 532 3229 vel
545 3172 608 3245 ejus
630 3169 756 3246 articuli,
780 3173 886 3249 inquo
908 3170 936 3229 id
960 3172 1092 3246 sentitur,

58 3251 222 3311 csmorbum
240 3253 362 3313 futurum
382 3273 448 3312 esse
466 3254 621 3313 denuntiat.
657 3250 766 3326 Quibus
788 3256 817 3312 iu
832 3255 954 3332 pueritia
975 3256 1092 3330 sanguis

96 3353 132 3394 ex
148 3336 264 3396 naribus
282 3337 379 3413 fluxit,
405 3338 469 3397 dein
485 3338 575 3398 fluere
591 3339 692 3413 desiit,
716 3337 745 3396 hi
759 3338 807 3397 vel
825 3339 927 3415 capitis
943 3336 1092 3398 doloribus

95 3420 296 3480 conflictentur
310 3440 435 3482 necesse
452 3432 506 3498 est,
526 3422 573 3482 vel
588 3425 615 3482 in
631 3422 760 3483 articulis
773 3421 884 3501 aliquas
900 3421 1092 3482 exulceratio·

92 3520 147 3562 nes
157 3521 263 3580 graves
275 3505 411 3580 habeant,
428 3506 475 3566 vel
488 3507 585 3585 aliquo
598 3505 700 3567 morbo
716 3507 800 3568 etiam
812 3504 1007 3566 debilitentur.
1025 3503 1080 3579 Qut
