<?xml version="1.0" encoding="UTF-8"?>
<!DOCTYPE html PUBLIC "-//W3C//DTD XHTML 1.0 Transitional//EN"
    "http://www.w3.org/TR/xhtml1/DTD/xhtml1-transitional.dtd">
<html xmlns="http://www.w3.org/1999/xhtml" xml:lang="en" lang="en">
 <head>
  <title>
</title>
<meta http-equiv="Content-Type" content="text/html;charset=utf-8" />
  <meta name='ocr-system' content='tesseract 3.04.00' />
  <meta name='ocr-capabilities' content='ocr_page ocr_carea ocr_par ocr_line ocrx_word'/>
</head>
<body>
  <div class='ocr_page' id='page_1' title='image "./cassiifelicisde00rosegoog_0130.png"; bbox 0 0 2414 3924; ppageno 0'>
   <div class='ocr_carea' id='block_1_1' title="bbox 453 211 696 276">
    <p class='ocr_par' dir='ltr' id='par_1_1' title="bbox 453 211 696 276">
     <span class='ocr_line' id='line_1_1' title="bbox 453 211 696 276; baseline 0.008 -2"><span class='ocrx_word' id='word_1_1' title='bbox 453 211 696 276; x_wconf 80' lang='lat'>-115-</span> 
     </span>
    </p>
   </div>
   <div class='ocr_carea' id='block_1_2' title="bbox 60 425 1075 682">
    <p class='ocr_par' dir='ltr' id='par_1_2' title="bbox 60 425 1075 682">
     <span class='ocr_line' id='line_1_2' title="bbox 120 425 1009 508; baseline 0.002 -20"><span class='ocrx_word' id='word_1_2' title='bbox 120 425 223 488; x_wconf 82' lang='lat' dir='ltr'>XLVL</span> <span class='ocrx_word' id='word_1_3' title='bbox 260 425 310 486; x_wconf 78' lang='lat' dir='ltr'><strong>td</strong></span> <span class='ocrx_word' id='word_1_4' title='bbox 333 444 373 487; x_wconf 90' lang='lat' dir='ltr'><strong>ea</strong></span> <span class='ocrx_word' id='word_1_5' title='bbox 396 445 486 505; x_wconf 88' lang='lat' dir='ltr'><strong>quae</strong></span> <span class='ocrx_word' id='word_1_6' title='bbox 510 428 652 486; x_wconf 87' lang='lat' dir='ltr'><strong>vesicae</strong></span> <span class='ocrx_word' id='word_1_7' title='bbox 676 427 857 508; x_wconf 85' lang='lat' dir='ltr'><strong>accidunt,</strong></span> <span class='ocrx_word' id='word_1_8' title='bbox 881 447 970 507; x_wconf 89' lang='lat' dir='ltr'><strong>quae</strong></span> <span class='ocrx_word' id='word_1_9' title='bbox 994 449 1009 490; x_wconf 93' lang='lat' dir='ltr'><strong>a</strong></span> 
     </span>
     <span class='ocr_line' id='line_1_3' title="bbox 60 515 1075 595; baseline 0.003 -19"><span class='ocrx_word' id='word_1_10' title='bbox 60 515 213 576; x_wconf 85' lang='lat' dir='ltr'><strong>Graecis</strong></span> <span class='ocrx_word' id='word_1_11' title='bbox 243 516 476 594; x_wconf 69' lang='lat' dir='ltr'><strong>symptomata</strong></span> <span class='ocrx_word' id='word_1_12' title='bbox 504 515 748 595; x_wconf 79' lang='lat' dir='ltr'>appellantur,</span> <span class='ocrx_word' id='word_1_13' title='bbox 776 533 839 575; x_wconf 93' lang='lat' dir='ltr'><strong>nos</strong></span> <span class='ocrx_word' id='word_1_14' title='bbox 867 535 953 577; x_wconf 87' lang='lat' dir='ltr'><strong>vero</strong></span> <span class='ocrx_word' id='word_1_15' title='bbox 983 521 1075 579; x_wconf 91' lang='lat' dir='ltr'><strong>acci·</strong></span> 
     </span>
     <span class='ocr_line' id='line_1_4' title="bbox 318 603 818 682; baseline 0 -18"><span class='ocrx_word' id='word_1_16' title='bbox 318 603 440 664; x_wconf 81' lang='lat' dir='ltr'><strong>dentis</strong></span> <span class='ocrx_word' id='word_1_17' title='bbox 462 603 584 664; x_wconf 82' lang='lat' dir='ltr'><strong>dicere</strong></span> <span class='ocrx_word' id='word_1_18' title='bbox 607 605 818 682; x_wconf 76' lang='lat' dir='ltr'><strong>poterimus.</strong></span> 
     </span>
    </p>
   </div>
   <div class='ocr_carea' id='block_1_3' title="bbox 56 725 1114 1782">
    <p class='ocr_par' dir='ltr' id='par_1_3' title="bbox 56 725 1114 1782">
     <span class='ocr_line' id='line_1_5' title="bbox 148 725 1076 806; baseline 0.002 -18"><span class='ocrx_word' id='word_1_19' title='bbox 148 727 294 788; x_wconf 87' lang='lat' dir='ltr'><strong>Omnium</strong></span> <span class='ocrx_word' id='word_1_20' title='bbox 317 727 481 806; x_wconf 82' lang='lat' dir='ltr'><strong>logicorum</strong></span> <span class='ocrx_word' id='word_1_21' title='bbox 504 729 674 788; x_wconf 89' lang='lat' dir='ltr'><strong>testimonio</strong></span> <span class='ocrx_word' id='word_1_22' title='bbox 693 735 799 788; x_wconf 89' lang='lat' dir='ltr'><strong>natura</strong></span> <span class='ocrx_word' id='word_1_23' title='bbox 817 729 932 789; x_wconf 89' lang='lat' dir='ltr'><strong>vesicae</strong></span> <span class='ocrx_word' id='word_1_24' title='bbox 951 725 1076 790; x_wconf 84' lang='lat' dir='ltr'><strong>nervosa</strong></span> 
     </span>
     <span class='ocr_line' id='line_1_6' title="bbox 60 814 1101 897; baseline -0.003 -21"><span class='ocrx_word' id='word_1_25' title='bbox 60 816 225 897; x_wconf 86' lang='lat' dir='ltr'><strong>iudicatur,</strong></span> <span class='ocrx_word' id='word_1_26' title='bbox 258 833 333 895; x_wconf 90' lang='lat' dir='ltr'><strong>quae</strong></span> <span class='ocrx_word' id='word_1_27' title='bbox 367 814 422 876; x_wconf 90' lang='lat' dir='ltr'><strong>sub</strong></span> <span class='ocrx_word' id='word_1_28' title='bbox 454 818 569 894; x_wconf 90' lang='lat' dir='ltr'><strong>ingenti</strong></span> <span class='ocrx_word' id='word_1_29' title='bbox 595 816 788 895; x_wconf 78' lang='lat' dir='ltr'><strong>perfrictione</strong></span> <span class='ocrx_word' id='word_1_30' title='bbox 818 826 870 877; x_wconf 94' lang='lat' dir='ltr'><strong>aut</strong></span> <span class='ocrx_word' id='word_1_31' title='bbox 895 817 1006 896; x_wconf 83' lang='lat' dir='ltr'><strong>frigore</strong></span> <span class='ocrx_word' id='word_1_32' title='bbox 1039 817 1101 878; x_wconf 80' lang='lat' dir='ltr'><strong>abe</strong></span> 
     </span>
     <span class='ocr_line' id='line_1_7' title="bbox 60 901 1074 984; baseline 0.003 -20"><span class='ocrx_word' id='word_1_33' title='bbox 60 905 186 966; x_wconf 84' lang='lat' dir='ltr'><strong>humore</strong></span> <span class='ocrx_word' id='word_1_34' title='bbox 216 922 366 964; x_wconf 89' lang='lat' dir='ltr'><strong>venenoso</strong></span> <span class='ocrx_word' id='word_1_35' title='bbox 398 913 429 964; x_wconf 91' lang='lat' dir='ltr'><strong>ct</strong></span> <span class='ocrx_word' id='word_1_36' title='bbox 461 902 592 964; x_wconf 91' lang='lat' dir='ltr'><strong>mordaci</strong></span> <span class='ocrx_word' id='word_1_37' title='bbox 620 911 753 964; x_wconf 90' lang='lat' dir='ltr'><strong>nocetur.</strong></span> <span class='ocrx_word' id='word_1_38' title='bbox 796 901 919 984; x_wconf 89' lang='lat' dir='ltr'><strong>&lt;quod&gt;</strong></span> <span class='ocrx_word' id='word_1_39' title='bbox 949 907 1074 967; x_wconf 83' lang='lat' dir='ltr'><strong>maxime</strong></span> 
     </span>
     <span class='ocr_line' id='line_1_8' title="bbox 59 991 1074 1055; baseline 0.002 -3"><span class='ocrx_word' id='word_1_40' title='bbox 59 995 123 1054; x_wconf 87' lang='lat' dir='ltr'><strong>lieri</strong></span> <span class='ocrx_word' id='word_1_41' title='bbox 156 993 235 1053; x_wconf 89' lang='lat' dir='ltr'><strong>solet</strong></span> <span class='ocrx_word' id='word_1_42' title='bbox 262 992 401 1053; x_wconf 79' lang='lat' dir='ltr'><strong>cachexia</strong></span> <span class='ocrx_word' id='word_1_43' title='bbox 428 991 631 1053; x_wconf 84' lang='lat' dir='ltr'><strong>laborantibus</strong></span> <span class='ocrx_word' id='word_1_44' title='bbox 658 992 688 1052; x_wconf 94' lang='lat' dir='ltr'><strong>id</strong></span> <span class='ocrx_word' id='word_1_45' title='bbox 717 1002 763 1054; x_wconf 91' lang='lat' dir='ltr'><strong>est</strong></span> <span class='ocrx_word' id='word_1_46' title='bbox 794 992 869 1053; x_wconf 91' lang='lat' dir='ltr'><strong>mala</strong></span> <span class='ocrx_word' id='word_1_47' title='bbox 900 992 1074 1055; x_wconf 84' lang='lat' dir='ltr'><strong>habitudine</strong></span> 
     </span>
     <span class='ocr_line' id='line_1_9' title="bbox 59 1081 1074 1163; baseline 0 -21"><span class='ocrx_word' id='word_1_48' title='bbox 59 1084 204 1162; x_wconf 88' lang='lat' dir='ltr'><strong>corporis.</strong></span> <span class='ocrx_word' id='word_1_49' title='bbox 246 1099 316 1142; x_wconf 90' lang='lat' dir='ltr'><strong>oros</strong></span> <span class='ocrx_word' id='word_1_50' title='bbox 343 1083 423 1142; x_wconf 89' lang='lat' dir='ltr'><strong>enim</strong></span> <span class='ocrx_word' id='word_1_51' title='bbox 451 1082 616 1163; x_wconf 87' lang='lat' dir='ltr'><strong>sanguinis,</strong></span> <span class='ocrx_word' id='word_1_52' title='bbox 644 1083 696 1160; x_wconf 90' lang='lat' dir='ltr'><strong>qui</strong></span> <span class='ocrx_word' id='word_1_53' title='bbox 722 1081 812 1141; x_wconf 88' lang='lat' dir='ltr'><strong>latine</strong></span> <span class='ocrx_word' id='word_1_54' title='bbox 843 1084 944 1142; x_wconf 84' lang='lat' dir='ltr'><strong>serum</strong></span> <span class='ocrx_word' id='word_1_55' title='bbox 976 1082 1074 1162; x_wconf 91' lang='lat' dir='ltr'><strong>appel-</strong></span> 
     </span>
     <span class='ocr_line' id='line_1_10' title="bbox 57 1169 1074 1252; baseline 0.001 -22"><span class='ocrx_word' id='word_1_56' title='bbox 57 1169 144 1252; x_wconf 84' lang='lat' dir='ltr'><strong>latur,</strong></span> <span class='ocrx_word' id='word_1_57' title='bbox 164 1172 217 1249; x_wconf 86' lang='lat' dir='ltr'><strong>qui</strong></span> <span class='ocrx_word' id='word_1_58' title='bbox 237 1187 273 1230; x_wconf 87' lang='lat' dir='ltr'><strong>ex</strong></span> <span class='ocrx_word' id='word_1_59' title='bbox 292 1172 434 1249; x_wconf 91' lang='lat' dir='ltr'><strong>sanguine</strong></span> <span class='ocrx_word' id='word_1_60' title='bbox 453 1188 508 1250; x_wconf 91' lang='lat' dir='ltr'><strong>per</strong></span> <span class='ocrx_word' id='word_1_61' title='bbox 527 1187 630 1230; x_wconf 89' lang='lat' dir='ltr'><strong>venam</strong></span> <span class='ocrx_word' id='word_1_62' title='bbox 650 1171 744 1249; x_wconf 89' lang='lat' dir='ltr'><strong>epatis</strong></span> <span class='ocrx_word' id='word_1_63' title='bbox 763 1169 945 1249; x_wconf 89' lang='lat' dir='ltr'><strong>depurgatur</strong></span> <span class='ocrx_word' id='word_1_64' title='bbox 963 1173 1074 1231; x_wconf 83' lang='lat' dir='ltr'><strong>mixtus</strong></span> 
     </span>
     <span class='ocr_line' id='line_1_11' title="bbox 58 1257 1114 1320; baseline -0.005 -2"><span class='ocrx_word' id='word_1_65' title='bbox 58 1258 117 1320; x_wconf 86' lang='lat' dir='ltr'><strong>felli</strong></span> <span class='ocrx_word' id='word_1_66' title='bbox 150 1260 222 1320; x_wconf 89' lang='lat' dir='ltr'><strong>rufo</strong></span> <span class='ocrx_word' id='word_1_67' title='bbox 253 1257 437 1319; x_wconf 90' lang='lat' dir='ltr'><strong>descendens</strong></span> <span class='ocrx_word' id='word_1_68' title='bbox 471 1261 586 1318; x_wconf 90' lang='lat' dir='ltr'><strong>vesicae</strong></span> <span class='ocrx_word' id='word_1_69' title='bbox 619 1257 817 1319; x_wconf 90' lang='lat' dir='ltr'><strong>ulcerationes</strong></span> <span class='ocrx_word' id='word_1_70' title='bbox 846 1260 1000 1320; x_wconf 87' lang='lat' dir='ltr'><strong>universas</strong></span> <span class='ocrx_word' id='word_1_71' title='bbox 1028 1259 1074 1320; x_wconf 89' lang='lat' dir='ltr'><strong>vel</strong></span> <span class='ocrx_word' id='word_1_72' title='bbox 1088 1276 1114 1314; x_wconf 90' lang='lat'><strong>10</strong></span> 
     </span>
     <span class='ocr_line' id='line_1_12' title="bbox 59 1345 1073 1427; baseline 0.001 -19"><span class='ocrx_word' id='word_1_73' title='bbox 59 1349 236 1426; x_wconf 85' lang='lat' dir='ltr'><strong>asperitates</strong></span> <span class='ocrx_word' id='word_1_74' title='bbox 260 1355 311 1408; x_wconf 91' lang='lat' dir='ltr'><strong>aut</strong></span> <span class='ocrx_word' id='word_1_75' title='bbox 338 1345 519 1408; x_wconf 84' lang='lat' dir='ltr'><strong>debilitatem</strong></span> <span class='ocrx_word' id='word_1_76' title='bbox 547 1348 650 1408; x_wconf 89' lang='lat' dir='ltr'><strong>nutrit.</strong></span> <span class='ocrx_word' id='word_1_77' title='bbox 692 1346 770 1407; x_wconf 92' lang='lat' dir='ltr'><strong>unde</strong></span> <span class='ocrx_word' id='word_1_78' title='bbox 794 1365 898 1408; x_wconf 91' lang='lat' dir='ltr'><strong>omnes</strong></span> <span class='ocrx_word' id='word_1_79' title='bbox 920 1351 1073 1427; x_wconf 88' lang='lat' dir='ltr'><strong>passiones</strong></span> 
     </span>
     <span class='ocr_line' id='line_1_13' title="bbox 57 1435 1074 1516; baseline 0.002 -21"><span class='ocrx_word' id='word_1_80' title='bbox 57 1438 173 1497; x_wconf 80' lang='lat' dir='ltr'><strong>vesicae</strong></span> <span class='ocrx_word' id='word_1_81' title='bbox 192 1435 306 1497; x_wconf 84' lang='lat' dir='ltr'><strong>difficili</strong></span> <span class='ocrx_word' id='word_1_82' title='bbox 324 1437 481 1497; x_wconf 85' lang='lat' dir='ltr'><strong>curatione·</strong></span> <span class='ocrx_word' id='word_1_83' title='bbox 496 1435 662 1496; x_wconf 88' lang='lat' dir='ltr'><strong>medentur.</strong></span> <span class='ocrx_word' id='word_1_84' title='bbox 696 1445 765 1497; x_wconf 90' lang='lat' dir='ltr'><strong>sunt</strong></span> <span class='ocrx_word' id='word_1_85' title='bbox 783 1454 853 1496; x_wconf 87' lang='lat' dir='ltr'><strong>vero</strong></span> <span class='ocrx_word' id='word_1_86' title='bbox 872 1439 1074 1516; x_wconf 87' lang='lat' dir='ltr'><strong>suprascripta</strong></span> 
     </span>
     <span class='ocr_line' id='line_1_14' title="bbox 57 1523 1072 1604; baseline 0.001 -20"><span class='ocrx_word' id='word_1_87' title='bbox 57 1525 223 1586; x_wconf 89' lang='lat' dir='ltr'><strong>accidentia</strong></span> <span class='ocrx_word' id='word_1_88' title='bbox 250 1524 416 1604; x_wconf 87' lang='lat' dir='ltr'><strong>periculosa</strong></span> <span class='ocrx_word' id='word_1_89' title='bbox 444 1524 575 1584; x_wconf 90' lang='lat' dir='ltr'><strong>ischuria</strong></span> <span class='ocrx_word' id='word_1_90' title='bbox 602 1524 632 1584; x_wconf 94' lang='lat' dir='ltr'><strong>id</strong></span> <span class='ocrx_word' id='word_1_91' title='bbox 661 1532 706 1584; x_wconf 91' lang='lat' dir='ltr'><strong>est</strong></span> <span class='ocrx_word' id='word_1_92' title='bbox 734 1543 770 1584; x_wconf 83' lang='lat' dir='ltr'><strong>ex</strong></span> <span class='ocrx_word' id='word_1_93' title='bbox 798 1532 860 1585; x_wconf 90' lang='lat' dir='ltr'><strong>toto</strong></span> <span class='ocrx_word' id='word_1_94' title='bbox 888 1527 992 1586; x_wconf 89' lang='lat' dir='ltr'><strong>urinae</strong></span> <span class='ocrx_word' id='word_1_95' title='bbox 1023 1523 1072 1585; x_wconf 89' lang='lat' dir='ltr'><strong>ab·</strong></span> 
     </span>
     <span class='ocr_line' id='line_1_15' title="bbox 57 1612 1073 1695; baseline 0 -21"><span class='ocrx_word' id='word_1_96' title='bbox 57 1615 214 1694; x_wconf 90' lang='lat' dir='ltr'><strong>stincntia‚</strong></span> <span class='ocrx_word' id='word_1_97' title='bbox 236 1620 268 1674; x_wconf 95' lang='lat' dir='ltr'><strong>et</strong></span> <span class='ocrx_word' id='word_1_98' title='bbox 286 1613 405 1693; x_wconf 75' lang='lat' dir='ltr'><strong>dysuria</strong></span> <span class='ocrx_word' id='word_1_99' title='bbox 423 1612 453 1673; x_wconf 94' lang='lat' dir='ltr'><strong>id</strong></span> <span class='ocrx_word' id='word_1_100' title='bbox 472 1622 518 1674; x_wconf 89' lang='lat' dir='ltr'><strong>est</strong></span> <span class='ocrx_word' id='word_1_101' title='bbox 538 1615 640 1674; x_wconf 90' lang='lat' dir='ltr'><strong>urinae</strong></span> <span class='ocrx_word' id='word_1_102' title='bbox 660 1612 830 1695; x_wconf 86' lang='lat' dir='ltr'><strong>difficultas,</strong></span> <span class='ocrx_word' id='word_1_103' title='bbox 856 1622 887 1674; x_wconf 92' lang='lat' dir='ltr'><strong>et</strong></span> <span class='ocrx_word' id='word_1_104' title='bbox 905 1615 1073 1693; x_wconf 80' lang='lat' dir='ltr'><strong>stranguria</strong></span> 
     </span>
     <span class='ocr_line' id='line_1_16' title="bbox 56 1700 1112 1782; baseline -0.005 -20"><span class='ocrx_word' id='word_1_105' title='bbox 56 1702 84 1762; x_wconf 94' lang='lat' dir='ltr'><strong>id</strong></span> <span class='ocrx_word' id='word_1_106' title='bbox 108 1709 158 1762; x_wconf 91' lang='lat' dir='ltr'><strong>est</strong></span> <span class='ocrx_word' id='word_1_107' title='bbox 180 1704 286 1762; x_wconf 91' lang='lat' dir='ltr'><strong>urinae</strong></span> <span class='ocrx_word' id='word_1_108' title='bbox 309 1701 448 1781; x_wconf 91' lang='lat' dir='ltr'><strong>paulatim</strong></span> <span class='ocrx_word' id='word_1_109' title='bbox 470 1720 526 1782; x_wconf 90' lang='lat' dir='ltr'><strong>per</strong></span> <span class='ocrx_word' id='word_1_110' title='bbox 549 1709 647 1781; x_wconf 90' lang='lat' dir='ltr'><strong>guttas</strong></span> <span class='ocrx_word' id='word_1_111' title='bbox 670 1700 809 1762; x_wconf 84' lang='lat' dir='ltr'><strong>exclusio.</strong></span> <span class='ocrx_word' id='word_1_112' title='bbox 1087 1717 1112 1758; x_wconf 85' lang='lat'><strong>15</strong></span> 
     </span>
    </p>
   </div>
   <div class='ocr_carea' id='block_1_4' title="bbox 54 1940 1072 2366">
    <p class='ocr_par' dir='ltr' id='par_1_4' title="bbox 54 1940 1072 2366">
     <span class='ocr_line' id='line_1_17' title="bbox 129 1940 1072 2012; baseline -0.001 -16"><span class='ocrx_word' id='word_1_113' title='bbox 129 1950 145 1997; x_wconf 94' lang='lat'>1</span> <span class='ocrx_word' id='word_1_114' title='bbox 165 1943 210 1996; x_wconf 86' lang='lat' dir='ltr'><strong>Ad</strong></span> <span class='ocrx_word' id='word_1_115' title='bbox 228 1942 321 1997; x_wconf 85' lang='lat' dir='ltr'><strong>vesice</strong></span> <span class='ocrx_word' id='word_1_116' title='bbox 339 1943 482 2012; x_wconf 85' lang='lat' dir='ltr'><strong>passiones</strong></span> <span class='ocrx_word' id='word_1_117' title='bbox 496 1950 530 1997; x_wconf 83' lang='grc'><strong>46</strong></span> <span class='ocrx_word' id='word_1_118' title='bbox 545 1959 568 2009; x_wconf 91' lang='lat' dir='ltr'><strong>c,</strong></span> <span class='ocrx_word' id='word_1_119' title='bbox 587 1943 630 1997; x_wconf 82' lang='lat' dir='ltr'><strong>Ad</strong></span> <span class='ocrx_word' id='word_1_120' title='bbox 649 1958 683 1996; x_wconf 90' lang='lat' dir='ltr'><strong>ea</strong></span> <span class='ocrx_word' id='word_1_121' title='bbox 702 1957 756 2009; x_wconf 89' lang='lat' dir='ltr'><strong>que</strong></span> <span class='ocrx_word' id='word_1_122' title='bbox 772 1941 881 1995; x_wconf 86' lang='lat' dir='ltr'><strong>vesciee</strong></span> <span class='ocrx_word' id='word_1_123' title='bbox 900 1940 1031 1995; x_wconf 86' lang='lat' dir='ltr'><strong>accidunt</strong></span> <span class='ocrx_word' id='word_1_124' title='bbox 1040 1957 1072 2010; x_wconf 84' lang='lat' dir='ltr'><strong>p,</strong></span> 
     </span>
     <span class='ocr_line' id='line_1_18' title="bbox 57 2012 1072 2084; baseline -0.001 -17"><span class='ocrx_word' id='word_1_125' title='bbox 57 2015 113 2082; x_wconf 86' lang='lat' dir='ltr'><strong>(Ad</strong></span> <span class='ocrx_word' id='word_1_126' title='bbox 137 2014 230 2069; x_wconf 88' lang='lat' dir='ltr'><strong>vesice</strong></span> <span class='ocrx_word' id='word_1_127' title='bbox 250 2013 374 2068; x_wconf 89' lang='lat' dir='ltr'><strong>dolorem</strong></span> <span class='ocrx_word' id='word_1_128' title='bbox 396 2015 454 2069; x_wconf 81' lang='lat' dir='ltr'><strong>ind.</strong></span> <span class='ocrx_word' id='word_1_129' title='bbox 474 2015 516 2084; x_wconf 83' lang='lat' dir='ltr'><strong>p).</strong></span> <span class='ocrx_word' id='word_1_130' title='bbox 557 2015 654 2068; x_wconf 82' lang='lat' dir='ltr'><strong>deinde</strong></span> <span class='ocrx_word' id='word_1_131' title='bbox 676 2013 756 2080; x_wconf 77' lang='lat' dir='ltr'><strong>queat</strong></span> <span class='ocrx_word' id='word_1_132' title='bbox 779 2029 797 2065; x_wconf 89' lang='lat' dir='ltr'><strong>a</strong></span> <span class='ocrx_word' id='word_1_133' title='bbox 820 2016 909 2065; x_wconf 79' lang='lat' dir='ltr'><strong>tentus</strong></span> <span class='ocrx_word' id='word_1_134' title='bbox 932 2012 1013 2065; x_wconf 82' lang='lat' dir='ltr'><strong>initio</strong></span> <span class='ocrx_word' id='word_1_135' title='bbox 1031 2027 1072 2066; x_wconf 84' lang='lat' dir='ltr'><strong>sc-</strong></span> 
     </span>
     <span class='ocr_line' id='line_1_19' title="bbox 55 2081 1070 2154; baseline -0.004 -15"><span class='ocrx_word' id='word_1_136' title='bbox 55 2090 182 2153; x_wconf 79' lang='lat' dir='ltr'><strong>quuntwr</strong></span> <span class='ocrx_word' id='word_1_137' title='bbox 203 2085 298 2139; x_wconf 69' lang='lat' dir='ltr'><strong>oecon</strong></span> <span class='ocrx_word' id='word_1_138' title='bbox 316 2085 392 2139; x_wconf 81' lang='lat' dir='ltr'><strong>tituli</strong></span> <span class='ocrx_word' id='word_1_139' title='bbox 410 2085 492 2139; x_wconf 85' lang='lat' dir='ltr'><strong>verba</strong></span> <span class='ocrx_word' id='word_1_140' title='bbox 510 2084 552 2138; x_wconf 91' lang='lat' dir='ltr'><strong>De</strong></span> <span class='ocrx_word' id='word_1_141' title='bbox 571 2084 615 2138; x_wconf 90' lang='lat' dir='ltr'><strong>his</strong></span> <span class='ocrx_word' id='word_1_142' title='bbox 635 2099 689 2154; x_wconf 88' lang='lat' dir='ltr'><strong>que</strong></span> <span class='ocrx_word' id='word_1_143' title='bbox 700 2082 791 2137; x_wconf 87' lang='lat' dir='ltr'><strong>vesice</strong></span> <span class='ocrx_word' id='word_1_144' title='bbox 805 2081 937 2137; x_wconf 88' lang='lat' dir='ltr'><strong>accidunt</strong></span> <span class='ocrx_word' id='word_1_145' title='bbox 951 2098 1004 2150; x_wconf 89' lang='lat' dir='ltr'><strong>que</strong></span> <span class='ocrx_word' id='word_1_146' title='bbox 1020 2126 1025 2137; x_wconf 93' lang='lat'><strong>.</strong></span> <span class='ocrx_word' id='word_1_147' title='bbox 1043 2123 1070 2136; x_wconf 93' lang='lat'><strong>..</strong></span> 
     </span>
     <span class='ocr_line' id='line_1_20' title="bbox 55 2152 1070 2225; baseline -0.002 -16"><span class='ocrx_word' id='word_1_148' title='bbox 55 2155 237 2225; x_wconf 82' lang='lat' dir='ltr'><strong>appellantur</strong></span> <span class='ocrx_word' id='word_1_149' title='bbox 260 2159 306 2210; x_wconf 84' lang='lat' dir='ltr'><strong>etc.</strong></span> <span class='ocrx_word' id='word_1_150' title='bbox 332 2173 358 2223; x_wconf 91' lang='lat' dir='ltr'><strong>c,</strong></span> <span class='ocrx_word' id='word_1_151' title='bbox 377 2157 417 2209; x_wconf 83' lang='lat' dir='ltr'><strong>sic</strong></span> <span class='ocrx_word' id='word_1_152' title='bbox 439 2160 546 2210; x_wconf 79' lang='lat' dir='ltr'><strong>mutata</strong></span> <span class='ocrx_word' id='word_1_153' title='bbox 569 2158 600 2210; x_wconf 82' lang='lat' dir='ltr'><strong>in</strong></span> <span class='ocrx_word' id='word_1_154' title='bbox 619 2172 653 2224; x_wconf 83' lang='lat' dir='ltr'><strong>p:</strong></span> <span class='ocrx_word' id='word_1_155' title='bbox 678 2153 719 2209; x_wconf 84' lang='lat' dir='ltr'><strong>Ea</strong></span> <span class='ocrx_word' id='word_1_156' title='bbox 742 2171 795 2223; x_wconf 90' lang='lat' dir='ltr'><strong>que</strong></span> <span class='ocrx_word' id='word_1_157' title='bbox 818 2152 910 2208; x_wconf 86' lang='lat' dir='ltr'><strong>vesica</strong></span> <span class='ocrx_word' id='word_1_158' title='bbox 932 2152 1070 2208; x_wconf 83' lang='lat' dir='ltr'><strong>accidunt.</strong></span> 
     </span>
     <span class='ocr_line' id='line_1_21' title="bbox 54 2223 1071 2295; baseline -0.002 -15"><span class='ocrx_word' id='word_1_159' title='bbox 54 2228 122 2295; x_wconf 90' lang='lat' dir='ltr'><strong>(que</strong></span> <span class='ocrx_word' id='word_1_160' title='bbox 142 2228 205 2293; x_wconf 86' lang='lat' dir='ltr'><strong>om.)</strong></span> <span class='ocrx_word' id='word_1_161' title='bbox 224 2241 242 2279; x_wconf 97' lang='lat' dir='ltr'><strong>a</strong></span> <span class='ocrx_word' id='word_1_162' title='bbox 260 2225 348 2294; x_wconf 82' lang='lat' dir='ltr'><strong>grecis</strong></span> <span class='ocrx_word' id='word_1_163' title='bbox 367 2245 387 2281; x_wconf 89' lang='lat' dir='ltr'><strong>s.</strong></span> <span class='ocrx_word' id='word_1_164' title='bbox 408 2243 472 2295; x_wconf 88' lang='lat' dir='ltr'><strong>app.</strong></span> <span class='ocrx_word' id='word_1_165' title='bbox 571 2233 586 2280; x_wconf 76' lang='lat'><em>2</em></span> <span class='ocrx_word' id='word_1_166' title='bbox 606 2227 785 2295; x_wconf 84' lang='lat' dir='ltr'><strong>simptomata</strong></span> <span class='ocrx_word' id='word_1_167' title='bbox 804 2241 830 2290; x_wconf 87' lang='lat' dir='ltr'><strong>c,</strong></span> <span class='ocrx_word' id='word_1_168' title='bbox 854 2223 1026 2279; x_wconf 82' lang='lat' dir='ltr'><strong>sinthometa</strong></span> <span class='ocrx_word' id='word_1_169' title='bbox 1042 2241 1071 2293; x_wconf 85' lang='lat' dir='ltr'><strong>p.</strong></span> 
     </span>
     <span class='ocr_line' id='line_1_22' title="bbox 55 2294 1069 2366; baseline -0.001 -17"><span class='ocrx_word' id='word_1_170' title='bbox 55 2297 213 2351; x_wconf 86' lang='lat' dir='ltr'><strong>3dicimus</strong></span> <span class='ocrx_word' id='word_1_171' title='bbox 233 2313 254 2350; x_wconf 89' lang='lat' dir='ltr'><strong>c.</strong></span> <span class='ocrx_word' id='word_1_172' title='bbox 326 2296 518 2366; x_wconf 78' lang='lat' dir='ltr'><strong>tlogicorum</strong></span> <span class='ocrx_word' id='word_1_173' title='bbox 528 2313 562 2364; x_wconf 85' lang='lat' dir='ltr'><strong>p:</strong></span> <span class='ocrx_word' id='word_1_174' title='bbox 582 2313 632 2350; x_wconf 85' lang='lat' dir='ltr'><strong>om.</strong></span> <span class='ocrx_word' id='word_1_175' title='bbox 652 2314 673 2350; x_wconf 88' lang='lat' dir='ltr'><strong>c.</strong></span> <span class='ocrx_word' id='word_1_176' title='bbox 746 2299 848 2351; x_wconf 89' lang='lat' dir='ltr'><strong>natura</strong></span> <span class='ocrx_word' id='word_1_177' title='bbox 867 2327 898 2334; x_wconf 93' lang='lat'>—</span> <span class='ocrx_word' id='word_1_178' title='bbox 918 2294 1069 2350; x_wconf 85' lang='lat' dir='ltr'><strong>iudicatur:</strong></span> 
     </span>
    </p>
   </div>
   <div class='ocr_carea' id='block_1_5' title="bbox 54 2372 1072 2950">
    <p class='ocr_par' dir='ltr' id='par_1_5' title="bbox 54 2372 1072 2950">
     <span class='ocr_line' id='line_1_23' title="bbox 56 2372 1071 2453; baseline -0.003 -15"><span class='ocrx_word' id='word_1_179' title='bbox 56 2387 152 2439; x_wconf 82' lang='lat' dir='ltr'><strong>inatus</strong></span> <span class='ocrx_word' id='word_1_180' title='bbox 172 2384 264 2439; x_wconf 86' lang='lat' dir='ltr'><strong>vesica</strong></span> <span class='ocrx_word' id='word_1_181' title='bbox 283 2401 382 2440; x_wconf 88' lang='lat' dir='ltr'><strong>nervos</strong></span> <span class='ocrx_word' id='word_1_182' title='bbox 394 2386 517 2440; x_wconf 82' lang='lat' dir='ltr'><strong>idrcatur</strong></span> <span class='ocrx_word' id='word_1_183' title='bbox 532 2400 554 2450; x_wconf 92' lang='lat' dir='ltr'><strong>c,</strong></span> <span class='ocrx_word' id='word_1_184' title='bbox 573 2386 667 2440; x_wconf 87' lang='lat' dir='ltr'><strong>vesica</strong></span> <span class='ocrx_word' id='word_1_185' title='bbox 683 2372 739 2440; x_wconf 85' lang='lat' dir='ltr'><strong>irm</strong></span> <span class='ocrx_word' id='word_1_186' title='bbox 758 2386 800 2453; x_wconf 82' lang='lat' dir='ltr'><strong>(in</strong></span> <span class='ocrx_word' id='word_1_187' title='bbox 813 2401 899 2452; x_wconf 68' lang='lat' dir='ltr'><strong>marn.</strong></span> <span class='ocrx_word' id='word_1_188' title='bbox 910 2390 946 2452; x_wconf 85' lang='lat' dir='ltr'><strong>p⁰</strong></span> <span class='ocrx_word' id='word_1_189' title='bbox 959 2385 1071 2449; x_wconf 82' lang='lat' dir='ltr'><strong>natura)</strong></span> 
     </span>
     <span class='ocr_line' id='line_1_24' title="bbox 55 2454 1072 2526; baseline -0.004 -17"><span class='ocrx_word' id='word_1_190' title='bbox 55 2471 173 2510; x_wconf 81' lang='lat' dir='ltr'><strong>nervosa</strong></span> <span class='ocrx_word' id='word_1_191' title='bbox 192 2455 334 2510; x_wconf 86' lang='lat' dir='ltr'><strong>iudicatur</strong></span> <span class='ocrx_word' id='word_1_192' title='bbox 347 2472 377 2524; x_wconf 81' lang='lat' dir='ltr'><strong>p.</strong></span> <span class='ocrx_word' id='word_1_193' title='bbox 452 2462 468 2510; x_wconf 83' lang='lat' dir='ltr'><strong>b</strong></span> <span class='ocrx_word' id='word_1_194' title='bbox 487 2456 538 2510; x_wconf 91' lang='lat' dir='ltr'><strong>sub</strong></span> <span class='ocrx_word' id='word_1_195' title='bbox 557 2472 583 2509; x_wconf 89' lang='lat' dir='ltr'><strong>c:</strong></span> <span class='ocrx_word' id='word_1_196' title='bbox 604 2456 640 2509; x_wconf 91' lang='lat' dir='ltr'><strong>ab</strong></span> <span class='ocrx_word' id='word_1_197' title='bbox 654 2472 684 2524; x_wconf 87' lang='lat' dir='ltr'><strong>p.</strong></span> <span class='ocrx_word' id='word_1_198' title='bbox 756 2458 814 2526; x_wconf 88' lang='lat' dir='ltr'><strong>ing.</strong></span> <span class='ocrx_word' id='word_1_199' title='bbox 828 2454 1007 2524; x_wconf 83' lang='lat' dir='ltr'><strong>perfrictione</strong></span> <span class='ocrx_word' id='word_1_200' title='bbox 1022 2458 1072 2508; x_wconf 85' lang='lat' dir='ltr'><strong>aut</strong></span> 
     </span>
     <span class='ocr_line' id='line_1_25' title="bbox 55 2525 1071 2597; baseline -0.001 -18"><span class='ocrx_word' id='word_1_201' title='bbox 55 2527 161 2595; x_wconf 84' lang='lat' dir='ltr'><strong>frigore</strong></span> <span class='ocrx_word' id='word_1_202' title='bbox 181 2541 195 2580; x_wconf 92' lang='lat' dir='ltr'><strong>c</strong></span> <span class='ocrx_word' id='word_1_203' title='bbox 212 2527 288 2592; x_wconf 78' lang='lat' dir='ltr'><strong>(item</strong></span> <span class='ocrx_word' id='word_1_204' title='bbox 306 2525 409 2582; x_wconf 81' lang='lat' dir='ltr'><strong>Petroc.</strong></span> <span class='ocrx_word' id='word_1_205' title='bbox 425 2543 455 2594; x_wconf 83' lang='lat' dir='ltr'><strong>p.</strong></span> <span class='ocrx_word' id='word_1_206' title='bbox 475 2530 558 2594; x_wconf 84' lang='lat'><em>265)=</em></span> <span class='ocrx_word' id='word_1_207' title='bbox 582 2526 639 2596; x_wconf 84' lang='lat' dir='ltr'><strong>ing.</strong></span> <span class='ocrx_word' id='word_1_208' title='bbox 658 2527 762 2597; x_wconf 83' lang='lat' dir='ltr'><strong>frigore</strong></span> <span class='ocrx_word' id='word_1_209' title='bbox 777 2543 808 2595; x_wconf 83' lang='lat' dir='ltr'><strong>p.</strong></span> <span class='ocrx_word' id='word_1_210' title='bbox 898 2525 947 2579; x_wconf 88' lang='lat' dir='ltr'><strong>ab:</strong></span> <span class='ocrx_word' id='word_1_211' title='bbox 970 2527 1020 2579; x_wconf 87' lang='lat' dir='ltr'><strong>aut</strong></span> <span class='ocrx_word' id='word_1_212' title='bbox 1038 2541 1071 2592; x_wconf 85' lang='lat' dir='ltr'><strong>cp</strong></span> 
     </span>
     <span class='ocr_line' id='line_1_26' title="bbox 55 2596 1070 2667; baseline -0.001 -17"><span class='ocrx_word' id='word_1_213' title='bbox 55 2598 167 2663; x_wconf 70' lang='lat' dir='ltr'><strong>(Petu).</strong></span> <span class='ocrx_word' id='word_1_214' title='bbox 276 2603 292 2651; x_wconf 83' lang='lat'><strong>6</strong></span> <span class='ocrx_word' id='word_1_215' title='bbox 319 2600 347 2652; x_wconf 88' lang='lat' dir='ltr'><strong>et</strong></span> <span class='ocrx_word' id='word_1_216' title='bbox 365 2615 401 2667; x_wconf 85' lang='lat' dir='ltr'><strong>p:</strong></span> <span class='ocrx_word' id='word_1_217' title='bbox 425 2599 476 2651; x_wconf 87' lang='lat' dir='ltr'><strong>aut</strong></span> <span class='ocrx_word' id='word_1_218' title='bbox 499 2614 513 2652; x_wconf 91' lang='lat' dir='ltr'><strong>c</strong></span> <span class='ocrx_word' id='word_1_219' title='bbox 535 2596 640 2667; x_wconf 69' lang='lat' dir='ltr'><strong>(Petu).</strong></span> <span class='ocrx_word' id='word_1_220' title='bbox 748 2598 836 2665; x_wconf 88' lang='lat' dir='ltr'><strong>quod:</strong></span> <span class='ocrx_word' id='word_1_221' title='bbox 855 2598 909 2651; x_wconf 90' lang='lat' dir='ltr'><strong>hoe</strong></span> <span class='ocrx_word' id='word_1_222' title='bbox 923 2613 959 2665; x_wconf 86' lang='lat' dir='ltr'><strong>p,</strong></span> <span class='ocrx_word' id='word_1_223' title='bbox 978 2612 1027 2649; x_wconf 79' lang='lat' dir='ltr'><strong>one.</strong></span> <span class='ocrx_word' id='word_1_224' title='bbox 1048 2611 1070 2649; x_wconf 90' lang='lat' dir='ltr'><strong>c.</strong></span> 
     </span>
     <span class='ocr_line' id='line_1_27' title="bbox 56 2666 1070 2738; baseline -0.001 -17"><span class='ocrx_word' id='word_1_225' title='bbox 56 2668 130 2722; x_wconf 82' lang='lat' dir='ltr'><strong>solat</strong></span> <span class='ocrx_word' id='word_1_226' title='bbox 151 2666 274 2722; x_wconf 84' lang='lat' dir='ltr'><strong>maxime</strong></span> <span class='ocrx_word' id='word_1_227' title='bbox 288 2684 319 2735; x_wconf 88' lang='lat' dir='ltr'><strong>p.</strong></span> <span class='ocrx_word' id='word_1_228' title='bbox 411 2673 427 2722; x_wconf 83' lang='lat'>8</span> <span class='ocrx_word' id='word_1_229' title='bbox 447 2684 522 2723; x_wconf 90' lang='lat' dir='ltr'><strong>oros:</strong></span> <span class='ocrx_word' id='word_1_230' title='bbox 548 2669 588 2721; x_wconf 83' lang='lat' dir='ltr'><strong>sic</strong></span> <span class='ocrx_word' id='word_1_231' title='bbox 606 2684 647 2736; x_wconf 89' lang='lat' dir='ltr'><strong>cp.</strong></span> <span class='ocrx_word' id='word_1_232' title='bbox 739 2667 883 2738; x_wconf 88' lang='lat' dir='ltr'><strong>sanguinis</strong></span> <span class='ocrx_word' id='word_1_233' title='bbox 902 2697 935 2706; x_wconf 88' lang='lat'><em>—</em></span> <span class='ocrx_word' id='word_1_234' title='bbox 954 2683 1019 2736; x_wconf 89' lang='lat' dir='ltr'><strong>app.</strong></span> <span class='ocrx_word' id='word_1_235' title='bbox 1034 2684 1070 2734; x_wconf 84' lang='lat' dir='ltr'><strong>p:</strong></span> 
     </span>
     <span class='ocr_line' id='line_1_28' title="bbox 55 2737 1069 2808; baseline 0 -18"><span class='ocrx_word' id='word_1_236' title='bbox 55 2755 105 2792; x_wconf 87' lang='lat' dir='ltr'><strong>san</strong></span> <span class='ocrx_word' id='word_1_237' title='bbox 147 2738 222 2792; x_wconf 83' lang='lat' dir='ltr'><strong>‘nem</strong></span> <span class='ocrx_word' id='word_1_238' title='bbox 245 2754 296 2807; x_wconf 91' lang='lat' dir='ltr'><strong>pro</strong></span> <span class='ocrx_word' id='word_1_239' title='bbox 320 2737 453 2794; x_wconf 78' lang='lat' dir='ltr'><strong>latitudis</strong></span> <span class='ocrx_word' id='word_1_240' title='bbox 471 2738 531 2792; x_wconf 91' lang='lat' dir='ltr'><strong>feru</strong></span> <span class='ocrx_word' id='word_1_241' title='bbox 550 2738 690 2807; x_wconf 81' lang='lat' dir='ltr'><strong>apellatur</strong></span> <span class='ocrx_word' id='word_1_242' title='bbox 708 2755 731 2794; x_wconf 90' lang='lat' dir='ltr'><strong>c.</strong></span> <span class='ocrx_word' id='word_1_243' title='bbox 830 2746 846 2793; x_wconf 84' lang='lat'>9</span> <span class='ocrx_word' id='word_1_244' title='bbox 865 2755 958 2808; x_wconf 87' lang='lat' dir='ltr'><strong>perv.</strong></span> <span class='ocrx_word' id='word_1_245' title='bbox 978 2737 1069 2807; x_wconf 88' lang='lat' dir='ltr'><strong>epatis</strong></span> 
     </span>
     <span class='ocr_line' id='line_1_29' title="bbox 55 2755 1070 2879; baseline -0.002 -16"><span class='ocrx_word' id='word_1_246' title='bbox 55 2825 69 2862; x_wconf 93' lang='lat' dir='ltr'><strong>c</strong></span> <span class='ocrx_word' id='word_1_247' title='bbox 84 2755 198 2876; x_wconf 59' lang='grc' dir='ltr'><em>(Ιξὲἰψ</em></span> <span class='ocrx_word' id='word_1_248' title='bbox 212 2816 301 2863; x_wconf 68' lang='lat' dir='ltr'><strong>exuet</strong></span> <span class='ocrx_word' id='word_1_249' title='bbox 315 2811 444 2879; x_wconf 84' lang='lat' dir='ltr'><strong>separato</strong></span> <span class='ocrx_word' id='word_1_250' title='bbox 454 2826 485 2877; x_wconf 86' lang='lat' dir='ltr'><strong>p.</strong></span> <span class='ocrx_word' id='word_1_251' title='bbox 560 2815 593 2863; x_wconf 91' lang='grc'><strong>10</strong></span> <span class='ocrx_word' id='word_1_252' title='bbox 606 2809 677 2864; x_wconf 85' lang='lat' dir='ltr'><strong>ruffo</strong></span> <span class='ocrx_word' id='word_1_253' title='bbox 692 2825 717 2864; x_wconf 85' lang='lat' dir='ltr'><strong>c:</strong></span> <span class='ocrx_word' id='word_1_254' title='bbox 732 2826 783 2864; x_wconf 93' lang='lat' dir='ltr'><strong>suo</strong></span> <span class='ocrx_word' id='word_1_255' title='bbox 793 2826 823 2878; x_wconf 83' lang='lat' dir='ltr'><strong>p.</strong></span> <span class='ocrx_word' id='word_1_256' title='bbox 896 2809 1030 2862; x_wconf 84' lang='lat' dir='ltr'><strong>descensu</strong></span> <span class='ocrx_word' id='word_1_257' title='bbox 1039 2825 1070 2876; x_wconf 80' lang='lat' dir='ltr'><strong>p.</strong></span> 
     </span>
     <span class='ocr_line' id='line_1_30' title="bbox 54 2879 1070 2950; baseline 0.003 -17"><span class='ocrx_word' id='word_1_258' title='bbox 54 2898 80 2935; x_wconf 82' lang='lat' dir='ltr'><strong>v.</strong></span> <span class='ocrx_word' id='word_1_259' title='bbox 96 2879 241 2934; x_wconf 88' lang='lat' dir='ltr'><strong>universas</strong></span> <span class='ocrx_word' id='word_1_260' title='bbox 254 2880 309 2936; x_wconf 87' lang='lat' dir='ltr'><strong>nlc.</strong></span> <span class='ocrx_word' id='word_1_261' title='bbox 319 2896 350 2948; x_wconf 84' lang='lat' dir='ltr'><strong>p.</strong></span> <span class='ocrx_word' id='word_1_262' title='bbox 416 2886 448 2933; x_wconf 76' lang='lat'><strong>12</strong></span> <span class='ocrx_word' id='word_1_263' title='bbox 465 2898 492 2948; x_wconf 94' lang='lat' dir='ltr'><strong>p.</strong></span> <span class='ocrx_word' id='word_1_264' title='bbox 507 2898 533 2933; x_wconf 88' lang='lat' dir='ltr'><strong>v.</strong></span> <span class='ocrx_word' id='word_1_265' title='bbox 550 2879 706 2935; x_wconf 82' lang='lat' dir='ltr'><strong>curationes</strong></span> <span class='ocrx_word' id='word_1_266' title='bbox 721 2879 850 2934; x_wconf 87' lang='lat' dir='ltr'><strong>difficiles</strong></span> <span class='ocrx_word' id='word_1_267' title='bbox 864 2879 1030 2950; x_wconf 86' lang='lat' dir='ltr'><strong>ingeruntur</strong></span> <span class='ocrx_word' id='word_1_268' title='bbox 1039 2896 1070 2948; x_wconf 80' lang='lat' dir='ltr'><strong>p.</strong></span> 
     </span>
    </p>
   </div>
   <div class='ocr_carea' id='block_1_6' title="bbox 55 2966 1071 3530">
    <p class='ocr_par' dir='ltr' id='par_1_6' title="bbox 55 2966 1071 3530">
     <span class='ocr_line' id='line_1_31' title="bbox 56 2966 1071 3038; baseline 0.002 -18"><span class='ocrx_word' id='word_1_269' title='bbox 56 2966 130 3021; x_wconf 85' lang='lat' dir='ltr'><strong>Sunt</strong></span> <span class='ocrx_word' id='word_1_270' title='bbox 147 2967 223 3021; x_wconf 90' lang='lat' dir='ltr'><strong>enim</strong></span> <span class='ocrx_word' id='word_1_271' title='bbox 241 2967 402 3036; x_wconf 85' lang='lat' dir='ltr'><strong>supradicta</strong></span> <span class='ocrx_word' id='word_1_272' title='bbox 419 2985 449 3036; x_wconf 85' lang='lat' dir='ltr'><strong>p,</strong></span> <span class='ocrx_word' id='word_1_273' title='bbox 468 2968 497 3022; x_wconf 82' lang='lat' dir='ltr'><strong>Si</strong></span> <span class='ocrx_word' id='word_1_274' title='bbox 515 2983 581 3022; x_wconf 89' lang='lat' dir='ltr'><strong>vero</strong></span> <span class='ocrx_word' id='word_1_275' title='bbox 601 2968 657 3022; x_wconf 89' lang='lat' dir='ltr'><strong>suis</strong></span> <span class='ocrx_word' id='word_1_276' title='bbox 677 2970 743 3038; x_wconf 84' lang='lat' dir='ltr'><strong>(pro</strong></span> <span class='ocrx_word' id='word_1_277' title='bbox 757 2968 808 3037; x_wconf 84' lang='lat' dir='ltr'><strong>SS)</strong></span> <span class='ocrx_word' id='word_1_278' title='bbox 826 2985 847 3022; x_wconf 92' lang='lat' dir='ltr'><strong>c.</strong></span> <span class='ocrx_word' id='word_1_279' title='bbox 927 2973 959 3021; x_wconf 86' lang='lat'><strong>13</strong></span> <span class='ocrx_word' id='word_1_280' title='bbox 979 2968 1071 3022; x_wconf 89' lang='lat' dir='ltr'><strong>scuria</strong></span> 
     </span>
     <span class='ocr_line' id='line_1_32' title="bbox 55 3037 1070 3108; baseline -0.001 -16"><span class='ocrx_word' id='word_1_281' title='bbox 55 3038 120 3103; x_wconf 73' lang='lat' dir='ltr'><strong>(——a“a</strong></span> <span class='ocrx_word' id='word_1_282' title='bbox 133 3042 158 3106; x_wconf 90' lang='lat' dir='ltr'><strong>c)</strong></span> <span class='ocrx_word' id='word_1_283' title='bbox 174 3054 207 3106; x_wconf 83' lang='lat' dir='ltr'><strong>cp</strong></span> <span class='ocrx_word' id='word_1_284' title='bbox 221 3037 328 3107; x_wconf 72' lang='lat' dir='ltr'><strong>(Simon</strong></span> <span class='ocrx_word' id='word_1_285' title='bbox 341 3057 362 3093; x_wconf 91' lang='lat' dir='ltr'><strong>s.</strong></span> <span class='ocrx_word' id='word_1_286' title='bbox 373 3037 488 3108; x_wconf 87' lang='lat' dir='ltr'><strong>„Scutia</strong></span> <span class='ocrx_word' id='word_1_287' title='bbox 501 3039 534 3092; x_wconf 88' lang='lat' dir='ltr'><strong>ut</strong></span> <span class='ocrx_word' id='word_1_288' title='bbox 543 3039 627 3093; x_wconf 82' lang='lat' dir='ltr'><strong>(lassi.</strong></span> <span class='ocrx_word' id='word_1_289' title='bbox 643 3039 677 3094; x_wconf 91' lang='lat' dir='ltr'><strong>fe.</strong></span> <span class='ocrx_word' id='word_1_290' title='bbox 692 3038 798 3094; x_wconf 86' lang='lat' dir='ltr'><strong>vessice</strong></span> <span class='ocrx_word' id='word_1_291' title='bbox 812 3039 905 3107; x_wconf 90' lang='lat' dir='ltr'><strong>passio</strong></span> <span class='ocrx_word' id='word_1_292' title='bbox 923 3055 943 3091; x_wconf 85' lang='lat' dir='ltr'><strong>s.</strong></span> <span class='ocrx_word' id='word_1_293' title='bbox 958 3039 1070 3105; x_wconf 87' lang='lat' dir='ltr'><strong>quando</strong></span> 
     </span>
     <span class='ocr_line' id='line_1_33' title="bbox 56 3108 1070 3178; baseline -0.003 -16"><span class='ocrx_word' id='word_1_294' title='bbox 56 3111 151 3164; x_wconf 85' lang='lat' dir='ltr'><strong>extoto</strong></span> <span class='ocrx_word' id='word_1_295' title='bbox 174 3109 330 3178; x_wconf 87' lang='lat' dir='ltr'><strong>denegatur</strong></span> <span class='ocrx_word' id='word_1_296' title='bbox 351 3108 432 3164; x_wconf 88' lang='lat' dir='ltr'><strong>urine</strong></span> <span class='ocrx_word' id='word_1_297' title='bbox 455 3108 546 3164; x_wconf 85' lang='lat' dir='ltr'><strong>exitus</strong></span> <span class='ocrx_word' id='word_1_298' title='bbox 569 3112 640 3164; x_wconf 82' lang='lat' dir='ltr'><strong>etc.“</strong></span> <span class='ocrx_word' id='word_1_299' title='bbox 672 3111 706 3177; x_wconf 82' lang='lat' dir='ltr'><strong>cf.</strong></span> <span class='ocrx_word' id='word_1_300' title='bbox 728 3110 802 3164; x_wconf 85' lang='lat' dir='ltr'><strong>Petr.</strong></span> <span class='ocrx_word' id='word_1_301' title='bbox 820 3126 848 3178; x_wconf 85' lang='lat' dir='ltr'><strong>p.</strong></span> <span class='ocrx_word' id='word_1_302' title='bbox 868 3109 945 3177; x_wconf 83' lang='lat'><strong>265).</strong></span> <span class='ocrx_word' id='word_1_303' title='bbox 1036 3114 1070 3160; x_wconf 83' lang='lat'><strong>14</strong></span> 
     </span>
     <span class='ocr_line' id='line_1_34' title="bbox 56 3178 1069 3250; baseline -0.003 -18"><span class='ocrx_word' id='word_1_304' title='bbox 56 3178 161 3233; x_wconf 86' lang='lat' dir='ltr'><strong>disuria</strong></span> <span class='ocrx_word' id='word_1_305' title='bbox 180 3181 244 3247; x_wconf 77' lang='lat' dir='ltr'><strong>(—a</strong></span> <span class='ocrx_word' id='word_1_306' title='bbox 263 3183 287 3248; x_wconf 90' lang='lat' dir='ltr'><strong>c)</strong></span> <span class='ocrx_word' id='word_1_307' title='bbox 307 3194 346 3249; x_wconf 82' lang='lat' dir='ltr'><strong>cp.</strong></span> <span class='ocrx_word' id='word_1_308' title='bbox 460 3186 493 3234; x_wconf 81' lang='lat'><strong>15</strong></span> <span class='ocrx_word' id='word_1_309' title='bbox 511 3198 538 3250; x_wconf 85' lang='lat' dir='ltr'><strong>p.</strong></span> <span class='ocrx_word' id='word_1_310' title='bbox 557 3197 585 3249; x_wconf 92' lang='lat' dir='ltr'><strong>p.</strong></span> <span class='ocrx_word' id='word_1_311' title='bbox 605 3198 631 3250; x_wconf 85' lang='lat' dir='ltr'><strong>g.</strong></span> <span class='ocrx_word' id='word_1_312' title='bbox 650 3181 730 3235; x_wconf 87' lang='lat' dir='ltr'><strong>urine</strong></span> <span class='ocrx_word' id='word_1_313' title='bbox 748 3178 870 3234; x_wconf 83' lang='lat' dir='ltr'><strong>exclusio</strong></span> <span class='ocrx_word' id='word_1_314' title='bbox 887 3195 915 3246; x_wconf 88' lang='lat' dir='ltr'><strong>p.</strong></span> <span class='ocrx_word' id='word_1_315' title='bbox 1024 3194 1069 3230; x_wconf 86' lang='lat' dir='ltr'><strong>ex-</strong></span> 
     </span>
     <span class='ocr_line' id='line_1_35' title="bbox 57 3246 1068 3320; baseline -0.004 -17"><span class='ocrx_word' id='word_1_316' title='bbox 57 3250 208 3304; x_wconf 88' lang='lat' dir='ltr'><strong>clusionem</strong></span> <span class='ocrx_word' id='word_1_317' title='bbox 233 3252 335 3320; x_wconf 71' lang='lat' dir='ltr'><strong>gignit</strong></span> <span class='ocrx_word' id='word_1_318' title='bbox 358 3252 420 3318; x_wconf 85' lang='lat' dir='ltr'><strong>(cic)</strong></span> <span class='ocrx_word' id='word_1_319' title='bbox 444 3268 552 3306; x_wconf 90' lang='lat' dir='ltr'><strong>morsus</strong></span> <span class='ocrx_word' id='word_1_320' title='bbox 579 3253 608 3304; x_wconf 88' lang='lat' dir='ltr'><strong>et</strong></span> <span class='ocrx_word' id='word_1_321' title='bbox 625 3251 761 3306; x_wconf 83' lang='lat' dir='ltr'><strong>ulceratio</strong></span> <span class='ocrx_word' id='word_1_322' title='bbox 780 3267 814 3305; x_wconf 87' lang='lat' dir='ltr'><strong>ex</strong></span> <span class='ocrx_word' id='word_1_323' title='bbox 832 3246 1022 3302; x_wconf 87' lang='lat' dir='ltr'><strong>antecedentis</strong></span> <span class='ocrx_word' id='word_1_324' title='bbox 1041 3248 1068 3300; x_wconf 88' lang='lat' dir='ltr'><strong>h.</strong></span> 
     </span>
     <span class='ocr_line' id='line_1_36' title="bbox 57 3319 1070 3390; baseline -0.001 -17"><span class='ocrx_word' id='word_1_325' title='bbox 57 3320 185 3375; x_wconf 87' lang='lat' dir='ltr'><strong>acredine</strong></span> <span class='ocrx_word' id='word_1_326' title='bbox 204 3320 265 3374; x_wconf 90' lang='lat' dir='ltr'><strong>fieri</strong></span> <span class='ocrx_word' id='word_1_327' title='bbox 284 3322 356 3375; x_wconf 86' lang='lat' dir='ltr'><strong>solet</strong></span> <span class='ocrx_word' id='word_1_328' title='bbox 371 3363 377 3374; x_wconf 92' lang='lat'><strong>.</strong></span> <span class='ocrx_word' id='word_1_329' title='bbox 393 3362 399 3373; x_wconf 88' lang='lat'><strong>.</strong></span> <span class='ocrx_word' id='word_1_330' title='bbox 416 3363 422 3374; x_wconf 91' lang='lat'><strong>.</strong></span> <span class='ocrx_word' id='word_1_331' title='bbox 438 3338 464 3390; x_wconf 90' lang='lat' dir='ltr'><strong>c,</strong></span> <span class='ocrx_word' id='word_1_332' title='bbox 484 3322 615 3376; x_wconf 84' lang='lat' dir='ltr'><strong>exclusio.</strong></span> <span class='ocrx_word' id='word_1_333' title='bbox 653 3338 686 3376; x_wconf 82' lang='lat' dir='ltr'><strong>ex</strong></span> <span class='ocrx_word' id='word_1_334' title='bbox 705 3319 896 3376; x_wconf 87' lang='lat' dir='ltr'><strong>antecedentis</strong></span> <span class='ocrx_word' id='word_1_335' title='bbox 914 3319 941 3372; x_wconf 93' lang='lat' dir='ltr'><strong>h.</strong></span> <span class='ocrx_word' id='word_1_336' title='bbox 961 3334 985 3374; x_wconf 90' lang='lat' dir='ltr'><strong>a.</strong></span> <span class='ocrx_word' id='word_1_337' title='bbox 1006 3335 1070 3372; x_wconf 93' lang='lat' dir='ltr'><strong>con-</strong></span> 
     </span>
     <span class='ocr_line' id='line_1_37' title="bbox 57 3388 1069 3516; baseline -0.005 -70"><span class='ocrx_word' id='word_1_338' title='bbox 57 3392 100 3512; x_wconf 54' lang='grc' dir='ltr'><strong>ἓξ</strong></span> <span class='ocrx_word' id='word_1_339' title='bbox 121 3391 175 3516; x_wconf 88' lang='lat' dir='ltr'><strong>&lt;etl</strong></span> <span class='ocrx_word' id='word_1_340' title='bbox 196 3391 332 3447; x_wconf 85' lang='lat' dir='ltr'><strong>ulceratio</strong></span> <span class='ocrx_word' id='word_1_341' title='bbox 355 3393 419 3447; x_wconf 79' lang='lat' dir='ltr'><strong>odd.</strong></span> <span class='ocrx_word' id='word_1_342' title='bbox 444 3392 535 3464; x_wconf 81' lang='lat' dir='ltr'><strong>corr.)</strong></span> <span class='ocrx_word' id='word_1_343' title='bbox 558 3392 589 3464; x_wconf 70' lang='lat' dir='ltr'><strong>et</strong></span> <span class='ocrx_word' id='word_1_344' title='bbox 606 3393 685 3447; x_wconf 88' lang='lat' dir='ltr'><strong>dolor</strong></span> <span class='ocrx_word' id='word_1_345' title='bbox 708 3394 737 3446; x_wconf 88' lang='lat' dir='ltr'><strong>et</strong></span> <span class='ocrx_word' id='word_1_346' title='bbox 754 3408 863 3447; x_wconf 86' lang='lat' dir='ltr'><strong>morsus</strong></span> <span class='ocrx_word' id='word_1_347' title='bbox 887 3392 914 3444; x_wconf 90' lang='lat' dir='ltr'><strong>et</strong></span> <span class='ocrx_word' id='word_1_348' title='bbox 933 3388 1069 3445; x_wconf 86' lang='lat' dir='ltr'><strong>ulceratio</strong></span> 
     </span>
     <span class='ocr_line' id='line_1_38' title="bbox 76 3460 313 3530; baseline 0.008 -15"><span class='ocrx_word' id='word_1_349' title='bbox 76 3460 313 3530; x_wconf 77' lang='lat' dir='ltr'><strong>crisoet...p.</strong></span> 
     </span>
    </p>
   </div>
   <div class='ocr_carea' id='block_1_7' title="bbox 872 3529 968 3604">
    <p class='ocr_par' dir='ltr' id='par_1_7' title="bbox 872 3529 968 3604">
     <span class='ocr_line' id='line_1_39' title="bbox 872 3529 968 3604; baseline 0 0"><span class='ocrx_word' id='word_1_350' title='bbox 872 3529 968 3604; x_wconf 69' lang='lat' dir='ltr'><strong>e*&#39;</strong></span> 
     </span>
    </p>
   </div>
   <div class='ocr_carea' id='block_1_8' title="bbox 0 0 1212 3924">
    <p class='ocr_par' dir='ltr' id='par_1_8' title="bbox 0 0 1212 3924">
     <span class='ocr_line' id='line_1_40' title="bbox 0 0 1212 3924; baseline 0 0"><span class='ocrx_word' id='word_1_351' title='bbox 0 0 1212 3924; x_wconf 95' lang='lat' dir='ltr'><strong> </strong></span> 
     </span>
    </p>
   </div>
  </div>
 </body>
</html>
