2414 3924
126 211 186 275 186
413 223 446 271 Δ.
466 221 496 270 c.
513 221 611 270 cuusu
627 221 821 270 annuemus

123 379 160 439 de
179 379 215 437 iis
235 395 307 456 quae
329 379 358 436 in
378 376 532 454 quamlibet
557 385 666 454 partem
688 377 822 457 corporis
844 376 986 445 incidout;
1008 385 1066 436 tum
1081 376 1118 437 de

123 463 158 522 iis
174 479 248 539 quae
265 469 360 520 certas
376 470 473 538 partes
487 460 632 519 infestant.
656 459 794 539 Incipiam
811 477 826 519 a
845 458 1019 519 vulneribus.

189 547 216 605 1.
244 544 276 603 ln
295 544 340 604 bis
362 551 456 602 autem
478 551 545 602 ante
568 545 660 602 omnia
677 545 754 603 scire
772 542 901 602 medicus
918 542 1018 619 debet,
1042 560 1118 621 quac

124 627 293 688 insanabilia
315 628 387 701 sint,
408 644 482 704 quae
506 626 654 686 difficilem
678 627 855 686 curationem
875 625 1018 701 habeant,
1041 644 1118 704 quae

125 712 322 791 promtiorem.
356 709 409 768 Est
424 711 499 768 enlm
514 709 663 788 prudentis
678 709 814 785 hominis,
832 710 951 787 primum
967 727 1050 786 eum,
1069 710 1143 788 quis

126 796 235 855 servari
257 811 314 853 non
329 802 444 873 potest,
467 811 524 852 non
540 795 700 869 attingere,
721 811 777 851 nec
793 792 891 852 subire
907 793 1036 870 speciem
1052 794 1117 866 ejus

125 886 155 937 ut
176 878 282 953 occisi,
308 894 391 954 quem
413 893 478 935 sors
498 877 588 954 ipsius
609 877 752 935 interemit
778 875 879 954 (Hipp.
895 874 943 935 De
958 881 1027 934 arte
1044 875 1117 954 13):

126 961 245 1037 deinde,
270 959 318 1018 ubi
331 961 430 1036 gravis
446 968 538 1018 metus
554 961 616 1019 siue
633 968 712 1018 certa
729 967 823 1018 tamen
842 959 1046 1036 desperatione
1061 967 1117 1034 est,

126 1044 252 1104 indicare
267 1043 444 1102 necessariis
463 1043 652 1120 periclitantis
673 1043 700 1100 in
717 1042 827 1102 difficili
836 1059 919 1119 spem
931 1059 1012 1109 essm
1029 1058 1079 1118 ue,
1092 1042 1118 1101 si

126 1130 202 1188 victa
217 1145 264 1186 ars
280 1125 356 1185 malo
371 1126 472 1200 fuerit,
495 1125 542 1184 vel
558 1126 726 1203 ignorasse,
750 1125 799 1184 vel
814 1125 958 1185 fefellisse
975 1123 1154 1187 videatur.1o

127 1210 186 1270 Sed
209 1219 237 1269 ut
257 1210 331 1268 baec
347 1208 478 1287 prudenti
499 1210 563 1268 viro
584 1210 772 1285 conveniunt,
796 1211 839 1268 sic
853 1227 953 1268 rursus
968 1208 1118 1268 histrionis

127 1302 187 1368 est,
208 1310 325 1371 parvam
344 1310 405 1351 rem
426 1291 578 1367 attollere,
604 1309 661 1370 quo
683 1292 748 1370 plus
771 1294 952 1371 praestitisse
975 1292 1116 1351 videatur.

127 1375 315 1453 Obligarique
330 1393 451 1454 aequum
472 1384 516 1434 est
538 1376 723 1437 confessione
744 1382 875 1453 prorutae
899 1375 958 1450 rei,
986 1392 1043 1453 quo
1067 1392 1116 1434 cu·

125 1460 233 1519 riosius
254 1461 338 1518 etiarn
357 1459 583 1537 circumspiciat,
609 1476 663 1535 ne,
686 1459 763 1537 quod
784 1477 838 1536 per
859 1476 891 1518 se
912 1460 1048 1535 exiguum
1062 1467 1117 1536 est,

126 1543 218 1619 majus
234 1544 358 1602 curantis
375 1542 552 1618 negligentia
570 1541 627 1600 liat.
1126 1563 1151 1601 15

189 1626 218 1686 2.
248 1627 364 1686 Servari
384 1642 441 1683 non
462 1634 574 1703 potest,
597 1626 643 1683 cui
664 1626 742 1685 basis
762 1624 892 1699 cerebri,
916 1626 962 1685 cui
978 1642 1046 1699 cor,
1070 1625 1117 1684 cui

125 1710 308 1785 stomachus,
336 1711 379 1768 cui
398 1710 538 1784 jecinoris
560 1717 678 1786 portae,
704 1710 748 1768 cui
766 1710 795 1767 in
811 1710 894 1787 spina
909 1707 1036 1767 medulla
1049 1725 1116 1786 per·

128 1813 211 1854 cussa
228 1803 287 1862 est;
306 1793 387 1851 cuive
402 1801 449 1851 aut
464 1791 560 1871 pulmo
578 1791 704 1869 medius,
722 1802 773 1868 aut
779 1793 926 1867 jejunum,
942 1800 989 1851 aut
1003 1793 1116 1851 tenuius

125 1879 304 1952 intestinum,
326 1884 373 1936 aut
395 1876 585 1951 ventriculus,
609 1884 656 1936 aut
671 1893 757 1936 renes
774 1875 916 1935 vulnerati
932 1884 1011 1941 sunt;
1032 1876 1116 1934 cuive

127 1963 204 2021 circa
231 1960 330 2020 lauces
354 1959 479 2036 grandes
504 1977 617 2034 venae,
650 1958 699 2019 vel
725 1960 849 2019 arteriae
875 1960 1027 2036 praecisae
1052 1967 1151 2027 sunt20

124 2045 181 2122 (cf.
198 2042 277 2122 Apu.
293 2043 343 2117 Vl,
362 2044 400 2105 18
418 2052 446 2103 et
461 2043 515 2112 23;
536 2041 629 2103 Oooc.
645 2043 734 2122 499).

188 2127 216 2187 3.
240 2129 298 2187 Vix
313 2136 405 2185 autem
420 2126 456 2185 ad
471 2129 619 2184 sanitatem
636 2127 822 2203 perveniunt,
837 2126 940 2204 quibus
957 2124 1015 2183 ulla
1033 2134 1116 2204 parte

126 2221 172 2272 aut
189 2211 300 2288 pulmo,
322 2218 369 2269 aut
379 2210 521 2283 Jecinoris
537 2226 681 2284 crassum,
699 2218 745 2268 aut
760 2209 941 2284 membrana,
959 2227 1031 2286 quae
1048 2226 1115 2267 con-

125 2297 195 2353 tinet
211 2292 375 2369 cerebrum,
400 2301 447 2351 aut
462 2291 560 2366 lienis,
585 2300 631 2350 aut
645 2293 746 2368 vulva,
770 2301 817 2352 aot
833 2294 950 2367 vesica,
969 2300 1015 2350 aut
1028 2291 1116 2350 ullum

124 2377 303 2451 intestinum,
326 2384 373 2435 aut
387 2384 497 2452 septum
515 2383 708 2435 transversum
724 2377 902 2435 vulneratum
917 2384 969 2434 est.
1006 2374 1028 2432 ll
1044 2393 1114 2453 quo·
1125 2402 1150 2441 25

126 2475 183 2536 quc
198 2459 226 2515 iu
243 2459 394 2537 praecipiti
413 2467 493 2532 sunt,
517 2459 545 2515 in
563 2458 664 2535 qulbus
680 2477 771 2536 usque
788 2461 823 2519 ad
838 2458 965 2536 grandes
980 2460 1114 2535 intusque

127 2539 257 2600 conditas
277 2557 367 2597 venas
390 2543 418 2598 in
432 2541 499 2616 alis,
523 2540 570 2600 vel
590 2541 748 2619 poplitibus
761 2561 861 2602 mucro
875 2541 996 2601 desedit.
1034 2539 1114 2600 Peri·

126 2622 226 2684 culosa
249 2623 332 2681 etiam
353 2624 471 2683 vulnera
492 2633 569 2700 suut,
592 2625 763 2704 ubicumque
784 2645 876 2686 venae
892 2626 1019 2699 majores
1037 2632 1113 2700 sunt,

126 2706 256 2785 quoniam
277 2705 429 2767 exhaurire
449 2707 590 2767 hominem
614 2709 783 2786 profusione
806 2710 953 2786 sauguinis
975 2717 1113 2785 possunt:

125 2790 211 2868 idque
233 2792 329 2849 evenit
353 2808 410 2850 nou
431 2792 457 2849 in
474 2792 527 2851 alis
542 2801 647 2850 tantum
663 2800 747 2869 atque
764 2791 938 2870 poplitibus,
960 2791 1012 2851 ssd
1029 2792 1148 2856 etiamsi

125 2877 153 2933 iu
170 2876 204 2933 iis
219 2875 300 2934 veuls
318 2891 391 2952 quas
408 2875 442 2936 ad
458 2893 540 2933 anum
556 2874 764 2952 testiculosque
780 2877 960 2954 perveniunt.
994 2873 1114 2934 Praeter

125 2959 198 3018 baec
215 2958 317 3019 malum
334 2958 437 3017 vulnus
455 2967 512 3034 est,
537 2958 734 3036 quodcumque
749 2961 777 3017 in
794 2959 863 3035 alis,
885 2958 934 3018 vel
950 2958 1112 3034 feminibus,
1183 3013 1185 3016 ,

125 3041 173 3100 vel
198 3041 327 3101 inanibus
349 3042 438 3117 locis,
465 3041 512 3100 vel
533 3043 561 3099 in
583 3041 726 3117 articulis,
754 3042 802 3101 vel
824 3044 898 3101 inter
921 3042 1030 3118 digitos
1051 3050 1112 3100 est:

90 3189 106 3195 Η
125 3125 191 3182 item
206 3124 405 3203 quodcumque
425 3124 599 3200 musculum,
619 3135 666 3184 aut
680 3143 816 3202 nervum,
833 3135 879 3185 aut
895 3127 1047 3199 arteriam,
1067 3132 1114 3183 aut

124 3207 330 3282 membranam,
354 3218 400 3267 aut
416 3227 466 3284 os,
491 3217 537 3268 aut
554 3210 750 3286 cartilaginem
767 3209 851 3269 laesit
869 3207 964 3289 (Apu.
980 3208 1036 3283 Vl,
1057 3208 1109 3276 19;
1121 3228 1147 3270 ss

126 3288 220 3351 Ooac.
237 3290 325 3368 494).
362 3292 542 3352 Tutissimum
558 3295 697 3368 omnium,
721 3293 797 3371 quod
812 3295 839 3351 in
857 3310 943 3352 carne
960 3300 1013 3351 est.

186 3375 214 3433 4.
244 3373 281 3432 Et
303 3373 376 3434 baec
396 3376 510 3453 quidem
532 3376 600 3436 loco
623 3375 671 3435 vel
694 3376 812 3453 peiora,
837 3376 884 3434 vel
900 3375 1021 3435 meliora
1038 3383 1110 3433 suist.

123 3453 210 3516 lllodo
225 3474 296 3516 vero
314 3458 471 3535 periculum
487 3459 556 3518 facit
571 3459 772 3537 quodcumque
788 3476 920 3534 magnum
936 3468 991 3518 est.
