2414 3924
139 195 200 257 206
426 209 458 254 n.
476 205 506 254 o.
523 206 623 255 ounsr
639 208 834 258 unnrcrune

137 381 207 424 caro
223 371 335 422 mortua
352 371 406 421 εει.
437 360 575 441 Finisque
593 363 732 422 adurendi
748 373 809 436 εει,
828 365 893 424 dum
909 365 1037 424 exomni
1054 373 1139 444 parte

138 466 241 508 sensus
258 446 369 506 doloris
391 454 444 505 est.
475 447 546 506 Tum
565 447 794 523 deindevulnns,
813 453 886 508 sicut
904 458 1003 509 cetera
1018 448 1138 526 adusta,

138 531 293 592 curandum
316 540 370 592 εει.
403 531 540 608 Sequitur
555 534 629 590 enim
645 531 697 590 sub
713 533 930 592 medicamentis
946 531 1139 592 erodentibus

139 624 251 691 crusta,
280 615 404 693 undique
432 616 535 673 aviva
557 632 645 676 carne
673 615 803 693 diducta,
826 635 899 695 quae
926 616 1012 676 trabit
1038 634 1139 676 secum

138 698 275 778 quidquid
298 707 465 775 corruptum
485 707 563 767 erat;
586 717 733 778 purusque
751 702 810 775 jam
827 703 906 760 sinus
928 700 1021 760 curari
1041 709 1160 778 poteets

138 782 331 862 implentibus.
359 780 398 840 Αι
420 785 444 841 si
467 784 495 840 in
511 799 618 842 summa
644 793 710 843 cute
730 785 827 843 vitium
849 793 911 861 est,
932 793 1057 862 possunt
1072 802 1138 844 suc-

139 885 258 928 currere
274 867 414 945 quaedam
430 867 478 926 vel
494 867 648 927 exedentia
664 877 788 943 tantum,
805 869 852 927 vel
869 872 954 928 etiam
970 867 1137 928 adurentia:

137 953 181 1010 vis
195 969 250 1029 pro
268 951 462 1028 magnitudine
477 950 638 1010 adhibenda
653 960 707 1011 est.
738 952 946 1030 Quodcumque
960 968 1032 1011 vero
1048 952 1138 1011 medi-

139 1045 299 1096 camentum
320 1035 483 1112 impositum
506 1044 566 1111 est,
587 1037 611 1094 si
632 1037 701 1094 satis
718 1036 869 1114 proficiet,
888 1039 1018 1114 protinus
1039 1037 1139 1095 aviva

139 1128 301 1197 corruptam
317 1127 429 1196 partem
444 1118 579 1184 resolvit:
594 1130 733 1197 certaque
748 1138 815 1179 esse
831 1119 933 1179 liducia
948 1127 1044 1199 potest
1058 1119 1136 1195 tere,
1148 1144 1172 1184 ro

138 1213 168 1262 nt
189 1203 315 1280 undique
332 1203 436 1261 vitiosa
455 1219 523 1261 caro
540 1202 663 1262 excidat.
700 1205 731 1263 Si
752 1204 779 1263 id
798 1221 855 1262 non
871 1205 916 1278 iit,
940 1203 1135 1263 medicamen·

138 1296 255 1364 tumque
270 1287 345 1344 malo
367 1287 506 1362 vincitur,
526 1288 623 1365 utique
638 1287 674 1346 ad
689 1290 832 1347 ustionem
848 1286 1063 1366 properandum
1081 1297 1136 1346 est.

139 1369 197 1429 Sed
214 1372 241 1428 in
258 1370 401 1445 ejusmodi
417 1388 486 1429 casu
503 1370 700 1431 abstinendum
717 1391 732 1431 a
747 1371 830 1448 cibo,
847 1375 942 1431 avino
956 1379 1017 1430 est:
1033 1389 1136 1449 aquam

138 1453 299 1513 liberaliter
320 1454 421 1513 bibere
443 1453 578 1531 expedit:
605 1457 755 1534 magisque
777 1474 811 1515 ea
833 1456 975 1515 servanda
998 1464 1081 1531 sunt,
1112 1456 1137 1513 ei

138 1537 280 1597 febricula
297 1555 412 1616 qunque
431 1539 566 1597 accessit.
1146 1565 1171 1604 15

201 1621 229 1680 2.
251 1621 317 1680 Non
328 1622 404 1680 idem
414 1621 573 1699 periculum
587 1624 750 1683 carcinoma
763 1624 857 1700 allent,
873 1625 928 1682 nisi
940 1622 1134 1702 imprudentia

140 1707 266 1766 curantis
279 1707 414 1782 agitatum
427 1714 481 1764 est.
503 1705 536 1764 ld
547 1706 644 1764 vitium
653 1706 682 1764 lit
690 1709 813 1767 maxime
823 1708 851 1766 in
859 1707 1059 1787 superioribus
1068 1725 1134 1784 par·

140 1791 226 1864 tibus,
245 1791 322 1849 circa
338 1790 451 1867 facicm,
468 1807 564 1864 nares,
581 1807 676 1865 aures,
693 1791 786 1867 labra,
803 1810 938 1851 mammas
952 1792 1132 1850 feminarum.

140 1874 225 1935 Circe
240 1874 335 1933 locum
351 1873 447 1951 alique
463 1877 543 1953 quasi
560 1883 665 1951 puncta
682 1877 854 1942 sentiuntur;
871 1877 955 1954 isque
967 1874 1133 1949 immobilis,

139 1959 298 2037 inaequalis
314 1967 418 2026 tumet;
438 1957 577 2016 interdum
595 1959 679 2016 etiam
695 1968 802 2037 torpet.
834 1957 918 2019 Circa
934 1978 998 2018 eum
1017 1958 1168 2021 inllataero

138 2061 230 2103 venae
252 2045 334 2119 quasi
360 2052 564 2115 recurrantur,
585 2042 699 2120 haeque
723 2043 846 2119 pallent,
867 2053 914 2102 aut
936 2044 1039 2108 livent;
1063 2059 1133 2100 nou·

139 2145 289 2205 numquam
308 2127 391 2185 etiem
407 2129 434 2184 in
454 2125 624 2203 quibusdam
637 2126 824 2185 delitescunt:
839 2135 991 2206 tactusque
1007 2129 1032 2184 is
1049 2125 1133 2185 locus

138 2211 202 2270 eliis
218 2210 348 2268 dolorem
364 2210 462 2283 affert,
482 2209 509 2266 in
526 2210 589 2266 aliis
608 2225 671 2267 cum
684 2228 741 2268 non
756 2209 858 2269 babet:
875 2219 904 2268 et
921 2227 1133 2286 nonnumquam

139 2297 201 2352 sine
216 2293 317 2351 ulcere
335 2293 432 2351 durior
448 2301 495 2350 aut
513 2290 628 2350 mollior
643 2301 704 2367 est,
717 2312 800 2370 quam
815 2312 882 2353 esse
897 2295 1067 2354 naturaliter
1083 2293 1132 2352 de-

139 2376 204 2442 bct;
222 2392 429 2454 nonnumquam
446 2376 546 2433 usdem
569 2375 699 2435 omnibus
720 2377 803 2436 ulcus
826 2377 954 2438 accedit:
975 2378 1129 2437 interdum·
1142 2395 1167 2434 ar

140 2476 196 2536 que
212 2458 316 2517 nullam
332 2458 418 2517 hebet
434 2458 654 2555 proprietatem
669 2461 809 2520 interdum
822 2462 945 2521 simile”
927 2481 961 2520 ns
977 2471 1038 2536 est,
1055 2479 1131 2540 quae

141 2543 360 2602 Graecivocant
375 2533 627 2621 κονδυλώμοιτα,
643 2546 798 2622 aspredine
814 2546 934 2624 quadam
951 2555 979 2604 ει
991 2547 1132 2620 magnitu-

140 2627 205 2685 dine
231 2643 296 2684 sua:
324 2626 464 2704 colorque
486 2630 548 2703 ejus
573 2628 661 2686 ruber
683 2637 745 2706 est,
771 2640 818 2690 aut
837 2630 992 2689 lenticulae
1013 2628 1130 2695 similis:

139 2727 234 2788 neque
257 2719 316 2768 tuto
337 2710 479 2770 aufertur:
503 2729 566 2771 nam
588 2714 717 2789 protinus
734 2723 781 2773 εει
798 2715 938 2773 resolutio
957 2729 1130 2786 nervorum,

139 2804 186 2855 aut
204 2794 338 2853 distentio
361 2795 530 2873 insequitur.
566 2796 662 2875 Saepe
684 2797 770 2857 bomo
787 2800 859 2857 ictus
883 2798 1071 2869 obmutescit,
1089 2804 1167 2854 ει-εε

140 2898 196 2958 que
213 2881 276 2955 ejus
293 2881 384 2938 anime
403 2880 508 2939 delicit
543 2880 717 2954 Quibusdam
741 2883 840 2957 etiam,
857 2883 880 2941 si
896 2883 923 2940 id
940 2884 1031 2959 ipsum
1047 2897 1130 2957 pres-

140 2983 200 3022 sum
227 2973 288 3039 εει,
316 2981 390 3041 quac
419 2966 495 3023 circa
515 2973 578 3023 sunt
601 2964 781 3023 intenduntur
803 2975 831 3024 ει
850 2968 1048 3025 intumescunt.
1086 2962 1129 3022 Ob

140 3066 222 3146 quae
237 3050 391 3125 pessimum
414 3049 441 3107 id
457 3067 549 3125 genus
572 3058 626 3107 est
656 3049 790 3127 Fereque
807 3051 925 3127 primum
942 3050 970 3108 id
988 3050 1035 3122 lit,
1052 3047 1130 3126 quod

139 3123 304 3210 κακόηθες
319 3151 334 3191 a
350 3132 470 3192 Graecis
487 3134 661 3199 nominatum
686 3131 788 3192 deinde
807 3150 897 3192 exeo
921 3134 947 3191 id
966 3133 1130 3191 carcinoma

139 3216 294 3290 quodsine
318 3218 416 3275 ulcere
437 3226 497 3275 est:
520 3216 623 3275 deinde
647 3218 744 3284 ulcus;
769 3235 856 3277 exeo
881 3217 1024 3291 thymium.
1054 3215 1167 3275 Tollite

140 3298 223 3374 nihil,
246 3301 300 3358 nisi
319 3301 475 3359 cacoethes
492 3310 601 3378 potest:
623 3301 733 3377 reliqua
759 3301 952 3360 curationibus
969 3301 1128 3363 irritantur:

140 3389 168 3439 et
190 3400 245 3459 quo
270 3387 362 3459 major
383 3387 426 3442 vis
446 3384 572 3444 adhibita
594 3394 654 3458 εει,
678 3401 714 3442 eo
735 3386 835 3460 magis.
868 3385 989 3459 Quidam
1008 3385 1051 3442 usi
1066 3391 1131 3441 sunt

138 3464 353 3526 medicamentis
371 3467 570 3534 adurentibus;
590 3467 703 3545 quidam
718 3468 797 3527 ferro
813 3469 999 3536 adusserant:
1017 3467 1131 3546 quidam
