2414 3924
515 195 753 266 -158.-

215 344 363 404 conlectio
392 343 531 403 cerebrii
554 342 696 421 stypticaa
720 341 841 401 virtutis
870 343 1051 402 conueniens
1074 361 1141 422 syn·

126 450 199 512 cope
226 430 438 492 laborantibus.
479 431 588 509 recipit
613 436 752 509 granatae
780 430 877 491 siccae
907 431 1028 490 corticis
1051 427 1142 512 3V1,

125 520 263 582 aluminis
286 521 372 581 scissi
394 518 416 586 5
439 519 466 599 l,
490 537 576 580 cerae
599 517 621 585 ὅ
643 516 713 599 llll,
736 516 795 578 olei
817 517 967 578 lentiscini
990 527 1041 580 aut
1062 537 1140 599 myr-

125 611 181 670 tini
203 622 239 669 ÷
262 607 311 670 lll.
332 608 427 670 iacies
450 609 502 668 sic.
541 613 681 686 granatae
704 608 819 667 corium
842 605 951 668 tundes
975 614 1006 668 et
1027 610 1141 668 tenuis-

99 699 200 758 ⁵sime
228 715 348 777 cernes,
380 715 450 758 cum
477 695 606 757 alumine
638 697 670 755 in
698 695 840 755 mortario
868 694 956 755 simul
983 705 1077 776 teres,
1111 705 1142 757 et

127 788 169 846 sic
194 803 328 846 crassum
352 785 532 846 cerotarium
555 782 740 844 admiscebis.
830 801 838 810 ‘

423 943 506 1004 LXV.
543 943 591 1003 Ad
615 942 846 1023 apoplexiam.

215 1068 374 1149 Apoplexia
395 1076 441 1129 est
463 1068 542 1129 dicta
563 1068 663 1146 passio
682 1065 718 1126 ab
742 1085 777 1126 eo
799 1067 880 1146 quod
899 1069 1054 1130 mortifero
1077 1072 1140 1132 ictu

125 1159 261 1237 corporis
279 1156 368 1218 simul
386 1165 416 1218 et
435 1159 548 1218 animae
568 1154 725 1216 concidant
742 1157 898 1235 patientes.
936 1163 966 1217 et
988 1165 1034 1218 est
1055 1177 1140 1238 para·

86 1246 195 1326 101ysis
227 1254 313 1306 acuta
346 1263 507 1306 nervorum
538 1246 591 1323 qui
618 1243 742 1323 singulis
772 1243 903 1306 motibus
935 1245 1141 1309 membrorum

125 1337 292 1395 inserviunt
309 1352 378 1394 cum
396 1336 487 1395 animi
509 1334 716 1412 compatientis
734 1332 970 1395 insensibilitate.
1003 1338 1140 1414 sequitur

125 1431 225 1485 autem
247 1424 394 1502 pallentes
417 1420 629 1484 insensibilitas
652 1422 745 1482 totius
768 1424 903 1501 corporis
927 1431 958 1484 et
982 1427 1137 1504 oppressio

125 1511 223 1572 subita
250 1519 368 1591 praeter
396 1513 541 1572 rationem
565 1518 595 1571 et
621 1509 776 1591 paralysis,
803 1519 838 1571 ut
865 1514 955 1573 etiam
980 1516 1138 1593 repentino

126 1618 196 1660 casu
220 1599 427 1661 obmutescant
449 1607 480 1660 et
503 1597 641 1660 sensibus
664 1598 802 1660 omnibus
825 1602 989 1680 priventur.
1035 1610 1064 1663 et
1088 1603 1139 1663 ali·

85 1701 111 1742 15
125 1691 229 1769 quanti
255 1691 286 1749 in
314 1688 418 1750 dextra
444 1696 529 1768 parte
556 1686 705 1767 paralysin
736 1689 905 1771 patiuntur,
938 1689 1080 1769 aliquanti
1107 1694 1139 1751 in

125 1780 253 1838 sinistra.
296 1787 327 1838 et
354 1786 425 1839 sunt
451 1776 608 1838 distantiae
636 1777 783 1855 passionis
810 1775 894 1838 duae.
932 1795 1000 1839 nam
1029 1778 1139 1839 dicitur

124 1866 276 1946 apoplexia
295 1874 326 1927 et
347 1866 524 1946 paraplexia.
562 1864 615 1925 sed
633 1863 786 1944 apoplexia
809 1883 897 1944 quam
916 1868 1042 1944 primam
1064 1866 1138 1928 dixi-

124 1973 191 2016 mus
209 1957 302 2017 totius
321 1957 457 2034 corporis
476 1972 542 2014 esse
565 1951 749 2033 intellegitur
767 1971 836 2014 cum
854 1956 964 2016 mentis
982 1964 1012 2016 et
1031 1975 1138 2017 sensus

123 2043 262 2125 paralysi,
294 2044 462 2123 paraplexia
490 2060 561 2103 vero
588 2043 620 2102 in
643 2059 703 2102 una
729 2049 814 2121 parte
842 2045 977 2122 corporis
1008 2045 1138 2106 efficitur

81 2145 108 2184 20
123 2140 173 2192 arrt
196 2132 300 2193 dextra
323 2139 374 2192 aut
397 2134 525 2200 sinistra.
562 2147 630 2190 nam
657 2132 722 2210 ipse
745 2130 988 2211 Hippocrates
1014 2136 1138 2194 senior

123 2219 292 2298 dogmatum
319 2222 460 2300 princeps
489 2219 563 2281 duas
591 2218 744 2280 distantias
771 2221 919 2300 passionis
947 2220 1082 2282 scribens
1105 2223 1137 2282 iu

121 2308 270 2368 aforismis
293 2310 336 2368 sic
360 2310 413 2389 ait,
437 2307 552 2369 solvere
576 2307 760 2387 apoplexiam
785 2308 978 2370 fortissimam
1001 2311 1137 2389 impossi-

122 2395 196 2478 bile,
218 2395 396 2458 imbecillem
419 2415 490 2456 vero
514 2414 574 2456 uon
597 2395 691 2457 facile.

152 2489 172 2543 Ι
210 2484 248 2545 ob
272 2484 454 2564 diligentiam
478 2503 549 2546 vero
571 2487 734 2546 curationis
758 2487 901 2548 uomitum
928 2489 1136 2565 inpraesenti

82 2586 107 2627 2⁵
120 2573 295 2652 provocabis
318 2592 355 2634 ex
378 2573 529 2656 ydrelaeo,
552 2572 583 2634 id
606 2581 707 2634 estex
725 2591 802 2652 aqua
820 2573 913 2634 calida
932 2582 962 2634 et
983 2572 1062 2654 oleo,
1086 2574 1135 2633 ad·

191 2745 310 2814 altcp.
385 2746 645 2815 aco(proce)p.
718 2747 884 2814 anbetcp.
956 2744 1135 2813 stilla:

119 2814 203 2876 3111.
223 2832 244 2870 a.
325 2815 453 2872 facisaa'o
467 2833 573 2886 ptam.
592 2833 614 2872 c.
700 2819 810 2872 5teres
829 2832 855 2871 a:
874 2832 970 2884 om.p.
1052 2815 1136 2871 6ad-

119 2885 220 2941 misces
238 2903 279 2957 ap.
361 2888 438 2943 lDa
457 2886 608 2970 apoplexia
622 2903 651 2956 p.
733 2887 848 2942 edicta
865 2890 908 2942 ast
920 2903 951 2955 p.
1037 2893 1136 2942 acon·

120 2956 223 3012 cadant
236 2975 266 3027 p.
341 2965 373 3012 11
388 2964 423 3013 ori
433 2959 525 3014 aalmi
538 2958 643 3040 pacieti
660 2975 676 3023 a
691 2963 703 3011 i
716 2957 905 3013 sensibilitate
925 2974 948 3026 c,
967 2975 1030 3013 cum
1049 2957 1137 3012 animi

120 3027 147 3095 (c
157 3030 197 3099 ai)
211 3028 412 3085 insensibilitas
426 3029 624 3099 oompatxentis
637 3028 732 3099 passio
743 3035 778 3099 ρο
792 3029 835 3098 (iu
849 3045 944 3098 mara,
957 3046 1023 3084 nam
1036 3045 1086 3082 aaa.
1092 3033 1136 3096 p).

122 3106 154 3154 13
172 3100 310 3156 rationem
324 3119 360 3171 p:
382 3101 488 3156 iactom
507 3102 669 3170 (-tionam)
688 3117 710 3155 c.
800 3105 832 3154 15
858 3099 888 3154 in
907 3115 956 3153 orn.
976 3116 997 3154 c.
1084 3099 1135 3154 ali·

120 3172 220 3238 quanti
237 3188 264 3227 c:
284 3172 400 3241 quidam
414 3189 446 3242 p.
520 3178 552 3227 18
571 3171 640 3227 totis
661 3170 791 3242 corpibua
810 3187 832 3226 c.
903 3169 1075 3240 intelligitur
1093 3187 1134 3238 ap.

121 3249 154 3296 19
173 3242 301 3314 paralisis
314 3261 347 3313 p,
365 3245 446 3299 -sin
464 3259 486 3298 a
558 3241 723 3327 persplexia
741 3259 792 3298 om.
811 3258 856 3326 c.¹
906 3248 941 3296 20
958 3241 1020 3311 ipae
1039 3257 1089 3295 om.
1107 3258 1134 3310 p.

119 3329 285 3507 110111
302 3315 620 3454 mediatim
639 3312 940 3454 {titillet
958 3317 1137 3453 prdidi}

118 3470 281 3524 ymmp
