<?xml version="1.0" encoding="UTF-8"?>
<!DOCTYPE html PUBLIC "-//W3C//DTD XHTML 1.0 Transitional//EN"
    "http://www.w3.org/TR/xhtml1/DTD/xhtml1-transitional.dtd">
<html xmlns="http://www.w3.org/1999/xhtml" xml:lang="en" lang="en">
 <head>
  <title>
</title>
<meta http-equiv="Content-Type" content="text/html;charset=utf-8" />
  <meta name='ocr-system' content='tesseract 3.04.00' />
  <meta name='ocr-capabilities' content='ocr_page ocr_carea ocr_par ocr_line ocrx_word'/>
</head>
<body>
  <div class='ocr_page' id='page_1' title='image "./cassiifelicisde00rosegoog_0761.png"; bbox 0 0 2416 3936; ppageno 0'>
   <div class='ocr_carea' id='block_1_1' title="bbox 133 194 840 258">
    <p class='ocr_par' dir='ltr' id='par_1_1' title="bbox 133 194 840 258">
     <span class='ocr_line' id='line_1_1' title="bbox 133 194 840 258; baseline -0.013 0"><span class='ocrx_word' id='word_1_1' title='bbox 133 194 173 258; x_wconf 83' lang='grc'><strong>16</strong></span> <span class='ocrx_word' id='word_1_2' title='bbox 398 205 447 252; x_wconf 84' lang='lat' dir='ltr'><strong>on</strong></span> <span class='ocrx_word' id='word_1_3' title='bbox 470 203 532 251; x_wconf 82' lang='lat' dir='ltr'><strong>mn</strong></span> <span class='ocrx_word' id='word_1_4' title='bbox 554 201 689 251; x_wconf 73' lang='lat' dir='ltr'><strong>ueram</strong></span> <span class='ocrx_word' id='word_1_5' title='bbox 713 200 789 251; x_wconf 79' lang='lat' dir='ltr'><strong>OAP.</strong></span> <span class='ocrx_word' id='word_1_6' title='bbox 805 203 840 249; x_wconf 87' lang='lat' dir='ltr'><strong>x.</strong></span> 
     </span>
    </p>
   </div>
   <div class='ocr_carea' id='block_1_2' title="bbox 132 339 1115 511">
    <p class='ocr_par' dir='ltr' id='par_1_2' title="bbox 132 339 1115 511">
     <span class='ocr_line' id='line_1_2' title="bbox 132 339 1115 422; baseline -0.003 -14"><span class='ocrx_word' id='word_1_7' title='bbox 132 349 212 409; x_wconf 81' lang='lat' dir='ltr'><strong>xime</strong></span> <span class='ocrx_word' id='word_1_8' title='bbox 231 339 346 406; x_wconf 82' lang='lat' dir='ltr'><strong>videtur</strong></span> <span class='ocrx_word' id='word_1_9' title='bbox 374 343 530 405; x_wconf 80' lang='lat' dir='ltr'>accedere.</span> <span class='ocrx_word' id='word_1_10' title='bbox 566 340 614 402; x_wconf 92' lang='lat' dir='ltr'><strong>alii</strong></span> <span class='ocrx_word' id='word_1_11' title='bbox 635 343 713 402; x_wconf 92' lang='lat' dir='ltr'><strong>enim</strong></span> <span class='ocrx_word' id='word_1_12' title='bbox 735 339 885 422; x_wconf 85' lang='lat' dir='ltr'>plerique,</span> <span class='ocrx_word' id='word_1_13' title='bbox 914 359 986 405; x_wconf 93' lang='lat' dir='ltr'><strong>cum</strong></span> <span class='ocrx_word' id='word_1_14' title='bbox 1007 360 1115 405; x_wconf 91' lang='lat' dir='ltr'><strong>omnes</strong></span> 
     </span>
     <span class='ocr_line' id='line_1_3' title="bbox 132 427 1115 511; baseline -0.005 -17"><span class='ocrx_word' id='word_1_15' title='bbox 132 438 236 511; x_wconf 91' lang='lat' dir='ltr'><strong>partus</strong></span> <span class='ocrx_word' id='word_1_16' title='bbox 251 448 312 490; x_wconf 91' lang='lat' dir='ltr'><strong>non</strong></span> <span class='ocrx_word' id='word_1_17' title='bbox 333 447 393 489; x_wconf 88' lang='lat' dir='ltr'><strong>uno</strong></span> <span class='ocrx_word' id='word_1_18' title='bbox 410 435 544 507; x_wconf 93' lang='lat' dir='ltr'><strong>tempore</strong></span> <span class='ocrx_word' id='word_1_19' title='bbox 559 428 631 487; x_wconf 86' lang='lat' dir='ltr'><strong>fiant</strong></span> <span class='ocrx_word' id='word_1_20' title='bbox 645 427 770 497; x_wconf 89' lang='lat' dir='ltr'><strong>maturi,</strong></span> <span class='ocrx_word' id='word_1_21' title='bbox 793 443 853 487; x_wconf 91' lang='lat' dir='ltr'><strong>una</strong></span> <span class='ocrx_word' id='word_1_22' title='bbox 866 432 967 488; x_wconf 90' lang='lat' dir='ltr'><strong>tamen</strong></span> <span class='ocrx_word' id='word_1_23' title='bbox 991 427 1115 489; x_wconf 89' lang='lat' dir='ltr'><strong>eadem·</strong></span> 
     </span>
    </p>
   </div>
   <div class='ocr_carea' id='block_1_3' title="bbox 84 510 1159 2795">
    <p class='ocr_par' dir='ltr' id='par_1_3' title="bbox 134 510 1147 930">
     <span class='ocr_line' id='line_1_4' title="bbox 135 510 1115 596; baseline -0.003 -18"><span class='ocrx_word' id='word_1_24' title='bbox 135 535 192 596; x_wconf 88' lang='lat' dir='ltr'><strong>que</strong></span> <span class='ocrx_word' id='word_1_25' title='bbox 207 524 344 593; x_wconf 91' lang='lat' dir='ltr'><strong>tempora</strong></span> <span class='ocrx_word' id='word_1_26' title='bbox 367 512 505 573; x_wconf 92' lang='lat' dir='ltr'><strong>omnibus</strong></span> <span class='ocrx_word' id='word_1_27' title='bbox 522 511 743 572; x_wconf 76' lang='lat' dir='ltr'><strong>conformandis</strong></span> <span class='ocrx_word' id='word_1_28' title='bbox 766 510 928 582; x_wconf 91' lang='lat' dir='ltr'><strong>dederunt;</strong></span> <span class='ocrx_word' id='word_1_29' title='bbox 952 519 988 572; x_wconf 91' lang='lat' dir='ltr'><strong>ut</strong></span> <span class='ocrx_word' id='word_1_30' title='bbox 1004 512 1115 591; x_wconf 84' lang='lat' dir='ltr'><strong>Dioge-</strong></span> 
     </span>
     <span class='ocr_line' id='line_1_5' title="bbox 135 595 1115 677; baseline -0.002 -16"><span class='ocrx_word' id='word_1_31' title='bbox 135 619 188 662; x_wconf 89' lang='lat' dir='ltr'><strong>nes</strong></span> <span class='ocrx_word' id='word_1_32' title='bbox 203 598 420 677; x_wconf 72' lang='lat' dir='ltr'><strong>rl-polloniateS,</strong></span> <span class='ocrx_word' id='word_1_33' title='bbox 443 599 495 674; x_wconf 89' lang='lat' dir='ltr'><strong>qui</strong></span> <span class='ocrx_word' id='word_1_34' title='bbox 510 595 649 656; x_wconf 89' lang='lat' dir='ltr'><strong>masculis</strong></span> <span class='ocrx_word' id='word_1_35' title='bbox 670 612 780 675; x_wconf 89' lang='lat' dir='ltr'><strong>corpus</strong></span> <span class='ocrx_word' id='word_1_36' title='bbox 801 597 841 655; x_wconf 94' lang='lat' dir='ltr'><strong>ait</strong></span> <span class='ocrx_word' id='word_1_37' title='bbox 862 603 1005 674; x_wconf 89' lang='lat' dir='ltr'><strong>quattuor</strong></span> <span class='ocrx_word' id='word_1_38' title='bbox 1027 615 1115 659; x_wconf 91' lang='lat' dir='ltr'><strong>men·</strong></span> 
     </span>
     <span class='ocr_line' id='line_1_6' title="bbox 134 679 1147 760; baseline 0 -15"><span class='ocrx_word' id='word_1_39' title='bbox 134 684 217 746; x_wconf 91' lang='lat' dir='ltr'><strong>sibus</strong></span> <span class='ocrx_word' id='word_1_40' title='bbox 232 683 355 744; x_wconf 83' lang='lat' dir='ltr'><strong>formari</strong></span> <span class='ocrx_word' id='word_1_41' title='bbox 371 689 400 743; x_wconf 91' lang='lat' dir='ltr'><strong>et</strong></span> <span class='ocrx_word' id='word_1_42' title='bbox 414 682 533 742; x_wconf 86' lang='lat' dir='ltr'><strong>leminis</strong></span> <span class='ocrx_word' id='word_1_43' title='bbox 548 683 694 760; x_wconf 88' lang='lat' dir='ltr'><strong>quinque,</strong></span> <span class='ocrx_word' id='word_1_44' title='bbox 716 679 762 740; x_wconf 89' lang='lat' dir='ltr'><strong>vel</strong></span> <span class='ocrx_word' id='word_1_45' title='bbox 779 680 913 758; x_wconf 87' lang='lat' dir='ltr'><strong>Hippon,</strong></span> <span class='ocrx_word' id='word_1_46' title='bbox 936 682 989 759; x_wconf 93' lang='lat' dir='ltr'><strong>qui</strong></span> <span class='ocrx_word' id='word_1_47' title='bbox 1006 681 1116 745; x_wconf 88' lang='lat' dir='ltr'><strong>diebus</strong></span> <span class='ocrx_word' id='word_1_48' title='bbox 1133 697 1147 744; x_wconf 79' lang='lat' dir='ltr'><strong>o</strong></span> 
     </span>
     <span class='ocr_line' id='line_1_7' title="bbox 134 766 1123 845; baseline -0.002 -16"><span class='ocrx_word' id='word_1_49' title='bbox 134 783 183 829; x_wconf 80' lang='lat' dir='ltr'><strong>Lx</strong></span> <span class='ocrx_word' id='word_1_50' title='bbox 210 768 353 828; x_wconf 86' lang='lat' dir='ltr'><strong>infantem</strong></span> <span class='ocrx_word' id='word_1_51' title='bbox 376 766 481 827; x_wconf 80' lang='lat' dir='ltr'><strong>scribit</strong></span> <span class='ocrx_word' id='word_1_52' title='bbox 500 766 638 835; x_wconf 89' lang='lat' dir='ltr'><strong>lormari,</strong></span> <span class='ocrx_word' id='word_1_53' title='bbox 671 777 701 826; x_wconf 91' lang='lat' dir='ltr'><strong>et</strong></span> <span class='ocrx_word' id='word_1_54' title='bbox 720 773 827 845; x_wconf 88' lang='lat' dir='ltr'><strong>quarto</strong></span> <span class='ocrx_word' id='word_1_55' title='bbox 854 782 957 826; x_wconf 91' lang='lat' dir='ltr'><strong>mense</strong></span> <span class='ocrx_word' id='word_1_56' title='bbox 988 784 1123 835; x_wconf 82' lang='lat' dir='ltr'><strong>carnem</strong></span> 
     </span>
     <span class='ocr_line' id='line_1_8' title="bbox 134 849 1114 930; baseline -0.001 -16"><span class='ocrx_word' id='word_1_57' title='bbox 134 853 200 914; x_wconf 87' lang='lat' dir='ltr'><strong>fieri</strong></span> <span class='ocrx_word' id='word_1_58' title='bbox 215 858 400 920; x_wconf 90' lang='lat' dir='ltr'><strong>concretam,</strong></span> <span class='ocrx_word' id='word_1_59' title='bbox 423 852 525 930; x_wconf 91' lang='lat' dir='ltr'><strong>quinto</strong></span> <span class='ocrx_word' id='word_1_60' title='bbox 542 867 655 929; x_wconf 81' lang='lat' dir='ltr'><strong>ungues</strong></span> <span class='ocrx_word' id='word_1_61' title='bbox 672 849 847 928; x_wconf 85' lang='lat' dir='ltr'><strong>capillumve</strong></span> <span class='ocrx_word' id='word_1_62' title='bbox 861 851 957 921; x_wconf 88' lang='lat' dir='ltr'><strong>nasei,</strong></span> <span class='ocrx_word' id='word_1_63' title='bbox 980 852 1114 929; x_wconf 92' lang='lat' dir='ltr'><strong>septimo</strong></span> 
     </span>
    </p>

    <p class='ocr_par' dir='ltr' id='par_1_4' title="bbox 101 935 1159 1690">
     <span class='ocr_line' id='line_1_9' title="bbox 101 935 1116 1015; baseline -0.004 -14"><span class='ocrx_word' id='word_1_64' title='bbox 101 940 193 1002; x_wconf 73' lang='lat' dir='ltr'><strong>eiam</strong></span> <span class='ocrx_word' id='word_1_65' title='bbox 216 937 365 997; x_wconf 92' lang='lat' dir='ltr'><strong>hominem</strong></span> <span class='ocrx_word' id='word_1_66' title='bbox 389 953 453 996; x_wconf 91' lang='lat' dir='ltr'><strong>esse</strong></span> <span class='ocrx_word' id='word_1_67' title='bbox 474 937 658 1012; x_wconf 87' lang='lat' dir='ltr'><strong>perlectum:</strong></span> <span class='ocrx_word' id='word_1_68' title='bbox 687 935 870 1014; x_wconf 79' lang='lat' dir='ltr'><strong>Pythagoras</strong></span> <span class='ocrx_word' id='word_1_69' title='bbox 890 942 1008 1011; x_wconf 86' lang='lat' dir='ltr'><strong>autem,</strong></span> <span class='ocrx_word' id='word_1_70' title='bbox 1033 935 1116 1015; x_wconf 88' lang='lat' dir='ltr'><strong>quod</strong></span> 
     </span>
     <span class='ocr_line' id='line_1_10' title="bbox 135 1019 1133 1098; baseline -0.006 -14"><span class='ocrx_word' id='word_1_71' title='bbox 135 1028 200 1084; x_wconf 94' lang='lat' dir='ltr'><strong>erat</strong></span> <span class='ocrx_word' id='word_1_72' title='bbox 221 1019 407 1089; x_wconf 82' lang='lat' dir='ltr'><strong>credibilius,</strong></span> <span class='ocrx_word' id='word_1_73' title='bbox 436 1020 507 1081; x_wconf 83' lang='lat' dir='ltr'><strong>dixit</strong></span> <span class='ocrx_word' id='word_1_74' title='bbox 532 1027 635 1098; x_wconf 89' lang='lat' dir='ltr'><strong>partus</strong></span> <span class='ocrx_word' id='word_1_75' title='bbox 657 1037 722 1081; x_wconf 90' lang='lat' dir='ltr'><strong>esse</strong></span> <span class='ocrx_word' id='word_1_76' title='bbox 743 1036 854 1098; x_wconf 81' lang='lat' dir='ltr'><strong>genera</strong></span> <span class='ocrx_word' id='word_1_77' title='bbox 875 1019 949 1089; x_wconf 92' lang='lat' dir='ltr'><strong>duo,</strong></span> <span class='ocrx_word' id='word_1_78' title='bbox 982 1019 1133 1083; x_wconf 90' lang='lat' dir='ltr'><strong>alterum.</strong></span> 
     </span>
     <span class='ocr_line' id='line_1_11' title="bbox 135 1102 1159 1186; baseline 0 -20"><span class='ocrx_word' id='word_1_79' title='bbox 135 1113 249 1186; x_wconf 88' lang='lat' dir='ltr'>septem</span> <span class='ocrx_word' id='word_1_80' title='bbox 265 1122 412 1176; x_wconf 90' lang='lat' dir='ltr'><strong>mensum,</strong></span> <span class='ocrx_word' id='word_1_81' title='bbox 428 1102 554 1165; x_wconf 91' lang='lat' dir='ltr'><strong>alterum</strong></span> <span class='ocrx_word' id='word_1_82' title='bbox 571 1105 684 1176; x_wconf 88' lang='lat' dir='ltr'><strong>decem,</strong></span> <span class='ocrx_word' id='word_1_83' title='bbox 700 1104 752 1165; x_wconf 90' lang='lat' dir='ltr'><strong>sed</strong></span> <span class='ocrx_word' id='word_1_84' title='bbox 763 1103 896 1183; x_wconf 88' lang='lat' dir='ltr'><strong>priorem</strong></span> <span class='ocrx_word' id='word_1_85' title='bbox 911 1103 975 1165; x_wconf 93' lang='lat' dir='ltr'><strong>aliis</strong></span> <span class='ocrx_word' id='word_1_86' title='bbox 992 1104 1116 1167; x_wconf 90' lang='lat' dir='ltr'><strong>dierum</strong></span> <span class='ocrx_word' id='word_1_87' title='bbox 1133 1117 1159 1166; x_wconf 87' lang='lat'><strong>10</strong></span> 
     </span>
     <span class='ocr_line' id='line_1_12' title="bbox 136 1188 1116 1267; baseline 0.002 -17"><span class='ocrx_word' id='word_1_88' title='bbox 136 1191 268 1251; x_wconf 89' lang='lat' dir='ltr'><strong>numeris</strong></span> <span class='ocrx_word' id='word_1_89' title='bbox 284 1191 474 1264; x_wconf 82' lang='lat' dir='ltr'><strong>conformari,</strong></span> <span class='ocrx_word' id='word_1_90' title='bbox 492 1188 555 1249; x_wconf 92' lang='lat' dir='ltr'><strong>aliis</strong></span> <span class='ocrx_word' id='word_1_91' title='bbox 571 1190 779 1267; x_wconf 88' lang='lat' dir='ltr'><strong>posteriorem.</strong></span> <span class='ocrx_word' id='word_1_92' title='bbox 812 1206 863 1250; x_wconf 93' lang='lat' dir='ltr'><strong>eos</strong></span> <span class='ocrx_word' id='word_1_93' title='bbox 877 1206 948 1250; x_wconf 86' lang='lat' dir='ltr'><strong>vero</strong></span> <span class='ocrx_word' id='word_1_94' title='bbox 964 1207 1116 1252; x_wconf 89' lang='lat' dir='ltr'><strong>numeros</strong></span> 
     </span>
     <span class='ocr_line' id='line_1_13' title="bbox 136 1273 1115 1354; baseline 0.002 -20"><span class='ocrx_word' id='word_1_95' title='bbox 136 1277 185 1351; x_wconf 90' lang='lat' dir='ltr'><strong>qui</strong></span> <span class='ocrx_word' id='word_1_96' title='bbox 202 1276 233 1333; x_wconf 90' lang='lat' dir='ltr'><strong>in</strong></span> <span class='ocrx_word' id='word_1_97' title='bbox 248 1291 308 1335; x_wconf 91' lang='lat' dir='ltr'><strong>uno</strong></span> <span class='ocrx_word' id='word_1_98' title='bbox 324 1292 443 1354; x_wconf 91' lang='lat' dir='ltr'><strong>quoque</strong></span> <span class='ocrx_word' id='word_1_99' title='bbox 457 1281 545 1352; x_wconf 92' lang='lat' dir='ltr'><strong>partu</strong></span> <span class='ocrx_word' id='word_1_100' title='bbox 561 1273 669 1354; x_wconf 89' lang='lat' dir='ltr'><strong>aliquid</strong></span> <span class='ocrx_word' id='word_1_101' title='bbox 686 1274 824 1334; x_wconf 83' lang='lat' dir='ltr'><strong>adierunt</strong></span> <span class='ocrx_word' id='word_1_102' title='bbox 840 1274 1022 1346; x_wconf 91' lang='lat' dir='ltr'><strong>mutationis,</strong></span> <span class='ocrx_word' id='word_1_103' title='bbox 1040 1275 1115 1336; x_wconf 89' lang='lat' dir='ltr'><strong>dum</strong></span> 
     </span>
     <span class='ocr_line' id='line_1_14' title="bbox 136 1360 1114 1437; baseline 0.003 -19"><span class='ocrx_word' id='word_1_104' title='bbox 136 1366 186 1419; x_wconf 90' lang='lat' dir='ltr'><strong>aut</strong></span> <span class='ocrx_word' id='word_1_105' title='bbox 209 1375 312 1419; x_wconf 91' lang='lat' dir='ltr'><strong>semen</strong></span> <span class='ocrx_word' id='word_1_106' title='bbox 334 1361 364 1419; x_wconf 91' lang='lat' dir='ltr'><strong>in</strong></span> <span class='ocrx_word' id='word_1_107' title='bbox 380 1360 553 1436; x_wconf 83' lang='lat' dir='ltr'><strong>sanguinem</strong></span> <span class='ocrx_word' id='word_1_108' title='bbox 576 1367 626 1419; x_wconf 90' lang='lat' dir='ltr'><strong>aut</strong></span> <span class='ocrx_word' id='word_1_109' title='bbox 641 1360 761 1437; x_wconf 81' lang='lat' dir='ltr'><strong>sanguis</strong></span> <span class='ocrx_word' id='word_1_110' title='bbox 782 1360 812 1418; x_wconf 93' lang='lat' dir='ltr'><strong>in</strong></span> <span class='ocrx_word' id='word_1_111' title='bbox 829 1376 950 1420; x_wconf 87' lang='lat' dir='ltr'><strong>carnem</strong></span> <span class='ocrx_word' id='word_1_112' title='bbox 971 1366 1026 1420; x_wconf 89' lang='lat' dir='ltr'><strong>aut</strong></span> <span class='ocrx_word' id='word_1_113' title='bbox 1041 1377 1114 1422; x_wconf 89' lang='lat' dir='ltr'><strong>caro</strong></span> 
     </span>
     <span class='ocr_line' id='line_1_15' title="bbox 135 1442 1114 1522; baseline 0.003 -19"><span class='ocrx_word' id='word_1_114' title='bbox 135 1444 165 1503; x_wconf 95' lang='lat' dir='ltr'><strong>in</strong></span> <span class='ocrx_word' id='word_1_115' title='bbox 186 1442 315 1503; x_wconf 91' lang='lat' dir='ltr'><strong>hominis</strong></span> <span class='ocrx_word' id='word_1_116' title='bbox 335 1443 459 1522; x_wconf 82' lang='lat' dir='ltr'><strong>liguram</strong></span> <span class='ocrx_word' id='word_1_117' title='bbox 484 1444 681 1514; x_wconf 88' lang='lat' dir='ltr'><strong>convertitur,</strong></span> <span class='ocrx_word' id='word_1_118' title='bbox 711 1444 788 1504; x_wconf 89' lang='lat' dir='ltr'><strong>inter</strong></span> <span class='ocrx_word' id='word_1_119' title='bbox 808 1461 840 1504; x_wconf 95' lang='lat' dir='ltr'><strong>se</strong></span> <span class='ocrx_word' id='word_1_120' title='bbox 862 1443 996 1504; x_wconf 87' lang='lat' dir='ltr'><strong>conlatos</strong></span> <span class='ocrx_word' id='word_1_121' title='bbox 1019 1446 1114 1506; x_wconf 90' lang='lat' dir='ltr'><strong>ratio·</strong></span> 
     </span>
     <span class='ocr_line' id='line_1_16' title="bbox 135 1527 1157 1607; baseline 0.001 -20"><span class='ocrx_word' id='word_1_122' title='bbox 135 1544 204 1588; x_wconf 92' lang='lat' dir='ltr'><strong>nem</strong></span> <span class='ocrx_word' id='word_1_123' title='bbox 229 1527 342 1588; x_wconf 88' lang='lat' dir='ltr'><strong>hahere</strong></span> <span class='ocrx_word' id='word_1_124' title='bbox 369 1546 434 1589; x_wconf 90' lang='lat' dir='ltr'><strong>eam</strong></span> <span class='ocrx_word' id='word_1_125' title='bbox 463 1545 550 1606; x_wconf 90' lang='lat' dir='ltr'><strong>quam</strong></span> <span class='ocrx_word' id='word_1_126' title='bbox 577 1546 665 1590; x_wconf 84' lang='lat' dir='ltr'><strong>voces</strong></span> <span class='ocrx_word' id='word_1_127' title='bbox 681 1527 803 1589; x_wconf 71' lang='lat' dir='ltr'><strong>&#39;habent</strong></span> <span class='ocrx_word' id='word_1_128' title='bbox 829 1545 905 1607; x_wconf 84' lang='lat' dir='ltr'><strong>quae</strong></span> <span class='ocrx_word' id='word_1_129' title='bbox 932 1529 962 1588; x_wconf 92' lang='lat' dir='ltr'><strong>in</strong></span> <span class='ocrx_word' id='word_1_130' title='bbox 990 1530 1108 1592; x_wconf 87' lang='lat' dir='ltr'><strong>musice</strong></span> <span class='ocrx_word' id='word_1_131' title='bbox 1128 1541 1157 1589; x_wconf 82' lang='lat'><strong>15</strong></span> 
     </span>
     <span class='ocr_line' id='line_1_17' title="bbox 135 1609 472 1690; baseline -0.009 -15"><span class='ocrx_word' id='word_1_132' title='bbox 135 1609 305 1690; x_wconf 77' lang='grc' dir='ltr'>(ύμφωνοι</span> <span class='ocrx_word' id='word_1_133' title='bbox 319 1619 472 1674; x_wconf 85' lang='lat' dir='ltr'><strong>vocantur.</strong></span> 
     </span>
    </p>

    <p class='ocr_par' dir='ltr' id='par_1_5' title="bbox 84 1696 1112 1946">
     <span class='ocr_line' id='line_1_18' title="bbox 84 1696 1112 1778; baseline 0 -18"><span class='ocrx_word' id='word_1_134' title='bbox 84 1703 122 1764; x_wconf 84' lang='lat'><strong>10</strong></span> <span class='ocrx_word' id='word_1_135' title='bbox 200 1697 258 1757; x_wconf 89' lang='lat' dir='ltr'><strong>Sed</strong></span> <span class='ocrx_word' id='word_1_136' title='bbox 273 1697 347 1758; x_wconf 88' lang='lat' dir='ltr'><strong>haec</strong></span> <span class='ocrx_word' id='word_1_137' title='bbox 364 1716 421 1776; x_wconf 90' lang='lat' dir='ltr'><strong>quo</strong></span> <span class='ocrx_word' id='word_1_138' title='bbox 438 1700 498 1758; x_wconf 90' lang='lat' dir='ltr'><strong>sint</strong></span> <span class='ocrx_word' id='word_1_139' title='bbox 512 1696 663 1759; x_wconf 91' lang='lat' dir='ltr'><strong>intellectu</strong></span> <span class='ocrx_word' id='word_1_140' title='bbox 678 1698 842 1778; x_wconf 89' lang='lat' dir='ltr'><strong>apertiora,</strong></span> <span class='ocrx_word' id='word_1_141' title='bbox 858 1698 941 1777; x_wconf 90' lang='lat' dir='ltr'><strong>prius</strong></span> <span class='ocrx_word' id='word_1_142' title='bbox 957 1696 1058 1778; x_wconf 84' lang='lat' dir='ltr'><strong>alique</strong></span> <span class='ocrx_word' id='word_1_143' title='bbox 1075 1698 1112 1760; x_wconf 92' lang='lat' dir='ltr'><strong>de</strong></span> 
     </span>
     <span class='ocr_line' id='line_1_19' title="bbox 135 1780 1111 1862; baseline 0.005 -22"><span class='ocrx_word' id='word_1_144' title='bbox 135 1783 266 1842; x_wconf 83' lang='lat' dir='ltr'><strong>musicae</strong></span> <span class='ocrx_word' id='word_1_145' title='bbox 281 1781 394 1860; x_wconf 81' lang='lat' dir='ltr'><strong>regulis</strong></span> <span class='ocrx_word' id='word_1_146' title='bbox 408 1783 478 1843; x_wconf 95' lang='lat' dir='ltr'><strong>huic</strong></span> <span class='ocrx_word' id='word_1_147' title='bbox 497 1780 563 1842; x_wconf 91' lang='lat' dir='ltr'><strong>loco</strong></span> <span class='ocrx_word' id='word_1_148' title='bbox 579 1783 745 1843; x_wconf 89' lang='lat' dir='ltr'><strong>necessaria</strong></span> <span class='ocrx_word' id='word_1_149' title='bbox 763 1782 912 1850; x_wconf 88' lang='lat' dir='ltr'><strong>dicentur,</strong></span> <span class='ocrx_word' id='word_1_150' title='bbox 935 1801 970 1843; x_wconf 92' lang='lat' dir='ltr'><strong>eo</strong></span> <span class='ocrx_word' id='word_1_151' title='bbox 987 1782 1111 1862; x_wconf 90' lang='lat' dir='ltr'><strong>quidem</strong></span> 
     </span>
     <span class='ocr_line' id='line_1_20' title="bbox 134 1867 1110 1946; baseline 0.001 -20"><span class='ocrx_word' id='word_1_152' title='bbox 134 1867 243 1945; x_wconf 77' lang='lat' dir='ltr'><strong>magiS,</strong></span> <span class='ocrx_word' id='word_1_153' title='bbox 275 1867 354 1945; x_wconf 93' lang='lat' dir='ltr'><strong>quod</strong></span> <span class='ocrx_word' id='word_1_154' title='bbox 381 1886 414 1929; x_wconf 90' lang='lat' dir='ltr'><strong>ea</strong></span> <span class='ocrx_word' id='word_1_155' title='bbox 436 1867 532 1927; x_wconf 89' lang='lat' dir='ltr'><strong>dicam</strong></span> <span class='ocrx_word' id='word_1_156' title='bbox 561 1885 637 1945; x_wconf 92' lang='lat' dir='ltr'><strong>quae</strong></span> <span class='ocrx_word' id='word_1_157' title='bbox 663 1867 735 1946; x_wconf 93' lang='lat' dir='ltr'><strong>ipsis</strong></span> <span class='ocrx_word' id='word_1_158' title='bbox 761 1867 881 1927; x_wconf 89' lang='lat' dir='ltr'><strong>musicis</strong></span> <span class='ocrx_word' id='word_1_159' title='bbox 906 1867 1009 1945; x_wconf 88' lang='lat' dir='ltr'><strong>ignota</strong></span> <span class='ocrx_word' id='word_1_160' title='bbox 1031 1876 1110 1929; x_wconf 91' lang='lat' dir='ltr'><strong>sunt.</strong></span> 
     </span>
    </p>

    <p class='ocr_par' dir='ltr' id='par_1_6' title="bbox 101 1951 1153 2113">
     <span class='ocr_line' id='line_1_21' title="bbox 101 1951 1153 2029; baseline 0.001 -19"><span class='ocrx_word' id='word_1_161' title='bbox 101 1962 204 2012; x_wconf 75' lang='lat' dir='ltr'><strong>anam</strong></span> <span class='ocrx_word' id='word_1_162' title='bbox 228 1969 317 2010; x_wconf 91' lang='lat' dir='ltr'><strong>sonos</strong></span> <span class='ocrx_word' id='word_1_163' title='bbox 340 1953 468 2012; x_wconf 91' lang='lat' dir='ltr'><strong>scienter</strong></span> <span class='ocrx_word' id='word_1_164' title='bbox 489 1958 653 2013; x_wconf 78' lang='lat' dir='ltr'><strong>tractavere</strong></span> <span class='ocrx_word' id='word_1_165' title='bbox 671 1959 701 2012; x_wconf 89' lang='lat' dir='ltr'><strong>et</strong></span> <span class='ocrx_word' id='word_1_166' title='bbox 721 1953 897 2029; x_wconf 84' lang='lat' dir='ltr'><strong>congruenti</strong></span> <span class='ocrx_word' id='word_1_167' title='bbox 918 1951 1026 2012; x_wconf 89' lang='lat' dir='ltr'><strong>ordine</strong></span> <span class='ocrx_word' id='word_1_168' title='bbox 1041 1953 1111 2014; x_wconf 88' lang='lat' dir='ltr'><strong>red·</strong></span> <span class='ocrx_word' id='word_1_169' title='bbox 1127 1961 1153 2011; x_wconf 74' lang='lat' dir='ltr'><strong>to</strong></span> 
     </span>
     <span class='ocr_line' id='line_1_22' title="bbox 136 2034 1111 2113; baseline 0.004 -19"><span class='ocrx_word' id='word_1_170' title='bbox 136 2034 239 2095; x_wconf 91' lang='lat' dir='ltr'><strong>didere</strong></span> <span class='ocrx_word' id='word_1_171' title='bbox 255 2035 373 2096; x_wconf 91' lang='lat' dir='ltr'><strong>illorum</strong></span> <span class='ocrx_word' id='word_1_172' title='bbox 390 2061 420 2106; x_wconf 68' lang='lat' dir='ltr'><strong>e,</strong></span> <span class='ocrx_word' id='word_1_173' title='bbox 439 2037 510 2113; x_wconf 92' lang='lat' dir='ltr'><strong>ipsis</strong></span> <span class='ocrx_word' id='word_1_174' title='bbox 526 2043 623 2097; x_wconf 93' lang='lat' dir='ltr'><strong>autem</strong></span> <span class='ocrx_word' id='word_1_175' title='bbox 640 2038 720 2096; x_wconf 90' lang='lat' dir='ltr'><strong>sonis</strong></span> <span class='ocrx_word' id='word_1_176' title='bbox 735 2043 868 2096; x_wconf 92' lang='lat' dir='ltr'><strong>motuum</strong></span> <span class='ocrx_word' id='word_1_177' title='bbox 885 2036 1008 2096; x_wconf 91' lang='lat' dir='ltr'><strong>modum</strong></span> <span class='ocrx_word' id='word_1_178' title='bbox 1025 2055 1111 2098; x_wconf 92' lang='lat' dir='ltr'><strong>men·</strong></span> 
     </span>
    </p>

    <p class='ocr_par' dir='ltr' id='par_1_7' title="bbox 101 2121 1156 2540">
     <span class='ocr_line' id='line_1_23' title="bbox 101 2121 1111 2200; baseline 0.005 -20"><span class='ocrx_word' id='word_1_179' title='bbox 101 2132 117 2180; x_wconf 87' lang='lat'><strong>3</strong></span> <span class='ocrx_word' id='word_1_180' title='bbox 136 2137 295 2200; x_wconf 88' lang='lat' dir='ltr'><strong>suramque</strong></span> <span class='ocrx_word' id='word_1_181' title='bbox 315 2123 457 2182; x_wconf 87' lang='lat' dir='ltr'><strong>invenere</strong></span> <span class='ocrx_word' id='word_1_182' title='bbox 473 2129 641 2197; x_wconf 84' lang='lat' dir='ltr'><strong>geometrae</strong></span> <span class='ocrx_word' id='word_1_183' title='bbox 657 2121 749 2199; x_wconf 87' lang='lat' dir='ltr'><strong>magis</strong></span> <span class='ocrx_word' id='word_1_184' title='bbox 766 2139 853 2200; x_wconf 91' lang='lat' dir='ltr'><strong>quam</strong></span> <span class='ocrx_word' id='word_1_185' title='bbox 869 2122 982 2181; x_wconf 88' lang='lat' dir='ltr'><strong>musici.</strong></span> <span class='ocrx_word' id='word_1_186' title='bbox 1016 2122 1111 2198; x_wconf 82' lang='lat' dir='ltr'><strong>igitur</strong></span> 
     </span>
     <span class='ocr_line' id='line_1_24' title="bbox 135 2205 1111 2268; baseline 0.004 -4"><span class='ocrx_word' id='word_1_187' title='bbox 135 2206 247 2265; x_wconf 88' lang='lat' dir='ltr'><strong>musica</strong></span> <span class='ocrx_word' id='word_1_188' title='bbox 271 2213 315 2265; x_wconf 92' lang='lat' dir='ltr'><strong>est</strong></span> <span class='ocrx_word' id='word_1_189' title='bbox 335 2207 457 2266; x_wconf 89' lang='lat' dir='ltr'><strong>scientia</strong></span> <span class='ocrx_word' id='word_1_190' title='bbox 479 2205 556 2267; x_wconf 88' lang='lat' dir='ltr'><strong>hene</strong></span> <span class='ocrx_word' id='word_1_191' title='bbox 581 2205 768 2267; x_wconf 89' lang='lat' dir='ltr'><strong>modulandi:</strong></span> <span class='ocrx_word' id='word_1_192' title='bbox 791 2206 865 2267; x_wconf 86' lang='lat' dir='ltr'><strong>haec</strong></span> <span class='ocrx_word' id='word_1_193' title='bbox 886 2213 984 2266; x_wconf 91' lang='lat' dir='ltr'><strong>autem</strong></span> <span class='ocrx_word' id='word_1_194' title='bbox 1010 2209 1111 2268; x_wconf 92' lang='lat' dir='ltr'><strong>estin</strong></span> 
     </span>
     <span class='ocr_line' id='line_1_25' title="bbox 134 2290 1111 2367; baseline 0.004 -19"><span class='ocrx_word' id='word_1_195' title='bbox 134 2306 221 2349; x_wconf 89' lang='lat' dir='ltr'><strong>voce:</strong></span> <span class='ocrx_word' id='word_1_196' title='bbox 246 2290 298 2350; x_wconf 92' lang='lat' dir='ltr'><strong>sed</strong></span> <span class='ocrx_word' id='word_1_197' title='bbox 322 2309 377 2350; x_wconf 84' lang='lat' dir='ltr'><strong>vox</strong></span> <span class='ocrx_word' id='word_1_198' title='bbox 397 2290 468 2351; x_wconf 90' lang='lat' dir='ltr'><strong>alias</strong></span> <span class='ocrx_word' id='word_1_199' title='bbox 488 2291 606 2367; x_wconf 84' lang='lat' dir='ltr'><strong>gravior</strong></span> <span class='ocrx_word' id='word_1_200' title='bbox 630 2292 768 2361; x_wconf 90' lang='lat' dir='ltr'><strong>mittitur,</strong></span> <span class='ocrx_word' id='word_1_201' title='bbox 791 2290 863 2352; x_wconf 91' lang='lat' dir='ltr'><strong>alias</strong></span> <span class='ocrx_word' id='word_1_202' title='bbox 885 2291 1009 2351; x_wconf 86' lang='lat' dir='ltr'><strong>acutior.</strong></span> <span class='ocrx_word' id='word_1_203' title='bbox 1049 2293 1111 2352; x_wconf 92' lang='lat' dir='ltr'><strong>sin·</strong></span> 
     </span>
     <span class='ocr_line' id='line_1_26' title="bbox 135 2372 1156 2455; baseline 0.003 -23"><span class='ocrx_word' id='word_1_204' title='bbox 135 2372 221 2448; x_wconf 81' lang='lat' dir='ltr'><strong>gulae</strong></span> <span class='ocrx_word' id='word_1_205' title='bbox 237 2381 336 2435; x_wconf 89' lang='lat' dir='ltr'><strong>tamen</strong></span> <span class='ocrx_word' id='word_1_206' title='bbox 347 2392 434 2434; x_wconf 88' lang='lat' dir='ltr'><strong>voces</strong></span> <span class='ocrx_word' id='word_1_207' title='bbox 445 2375 593 2453; x_wconf 89' lang='lat' dir='ltr'><strong>simplices</strong></span> <span class='ocrx_word' id='word_1_208' title='bbox 609 2385 639 2437; x_wconf 92' lang='lat' dir='ltr'><strong>et</strong></span> <span class='ocrx_word' id='word_1_209' title='bbox 653 2383 814 2455; x_wconf 88' lang='lat' dir='ltr'><strong>utcumque</strong></span> <span class='ocrx_word' id='word_1_210' title='bbox 830 2376 954 2436; x_wconf 89' lang='lat' dir='ltr'><strong>emissae</strong></span> <span class='ocrx_word' id='word_1_211' title='bbox 965 2373 1113 2452; x_wconf 87' lang='grc' dir='ltr'>φθόγγοι</span> <span class='ocrx_word' id='word_1_212' title='bbox 1128 2386 1156 2436; x_wconf 75' lang='lat' dir='ltr'><strong>ns</strong></span> 
     </span>
     <span class='ocr_line' id='line_1_27' title="bbox 135 2458 1109 2540; baseline 0.008 -25"><span class='ocrx_word' id='word_1_213' title='bbox 135 2464 291 2518; x_wconf 89' lang='lat' dir='ltr'><strong>vocantur:</strong></span> <span class='ocrx_word' id='word_1_214' title='bbox 317 2458 475 2519; x_wconf 88' lang='lat' dir='ltr'><strong>discrimen</strong></span> <span class='ocrx_word' id='word_1_215' title='bbox 492 2478 576 2530; x_wconf 88' lang='lat' dir='ltr'><strong>vero,</strong></span> <span class='ocrx_word' id='word_1_216' title='bbox 594 2479 651 2540; x_wconf 89' lang='lat' dir='ltr'><strong>quo</strong></span> <span class='ocrx_word' id='word_1_217' title='bbox 668 2460 742 2522; x_wconf 90' lang='lat' dir='ltr'><strong>alter</strong></span> <span class='ocrx_word' id='word_1_218' title='bbox 757 2458 904 2539; x_wconf 68' lang='grc' dir='ltr'>φθόγγος</span> <span class='ocrx_word' id='word_1_219' title='bbox 920 2461 1036 2520; x_wconf 89' lang='lat' dir='ltr'><strong>acutior</strong></span> <span class='ocrx_word' id='word_1_220' title='bbox 1053 2472 1109 2534; x_wconf 90' lang='lat' dir='ltr'><strong>est,</strong></span> 
     </span>
    </p>

    <p class='ocr_par' dir='ltr' id='par_1_8' title="bbox 99 2540 1110 2795">
     <span class='ocr_line' id='line_1_28' title="bbox 99 2540 1110 2623; baseline 0.008 -24"><span class='ocrx_word' id='word_1_221' title='bbox 99 2540 208 2600; x_wconf 86' lang='lat' dir='ltr'><strong>4alter</strong></span> <span class='ocrx_word' id='word_1_222' title='bbox 229 2544 360 2618; x_wconf 85' lang='lat' dir='ltr'><strong>gravior,</strong></span> <span class='ocrx_word' id='word_1_223' title='bbox 383 2542 549 2622; x_wconf 92' lang='lat' dir='ltr'><strong>appellatur</strong></span> <span class='ocrx_word' id='word_1_224' title='bbox 570 2544 730 2623; x_wconf 77' lang='lat' dir='ltr'><strong>btdcmpc.</strong></span> <span class='ocrx_word' id='word_1_225' title='bbox 775 2547 851 2607; x_wconf 90' lang='lat' dir='ltr'><strong>inter</strong></span> <span class='ocrx_word' id='word_1_226' title='bbox 871 2545 1002 2606; x_wconf 87' lang='lat' dir='ltr'><strong>infimam</strong></span> <span class='ocrx_word' id='word_1_227' title='bbox 1026 2564 1110 2607; x_wconf 92' lang='lat' dir='ltr'><strong>sum·</strong></span> 
     </span>
     <span class='ocr_line' id='line_1_29' title="bbox 133 2627 1108 2713; baseline 0.009 -29"><span class='ocrx_word' id='word_1_228' title='bbox 133 2642 273 2705; x_wconf 92' lang='lat' dir='ltr'><strong>mamque</strong></span> <span class='ocrx_word' id='word_1_229' title='bbox 285 2645 387 2688; x_wconf 86' lang='lat' dir='ltr'><strong>vocem</strong></span> <span class='ocrx_word' id='word_1_230' title='bbox 399 2628 490 2689; x_wconf 92' lang='lat' dir='ltr'><strong>multa</strong></span> <span class='ocrx_word' id='word_1_231' title='bbox 506 2647 571 2691; x_wconf 91' lang='lat' dir='ltr'><strong>esse</strong></span> <span class='ocrx_word' id='word_1_232' title='bbox 585 2638 711 2710; x_wconf 89' lang='lat' dir='ltr'><strong>possunt</strong></span> <span class='ocrx_word' id='word_1_233' title='bbox 725 2631 754 2690; x_wconf 95' lang='lat' dir='ltr'><strong>in</strong></span> <span class='ocrx_word' id='word_1_234' title='bbox 771 2631 875 2692; x_wconf 90' lang='lat' dir='ltr'><strong>ordine</strong></span> <span class='ocrx_word' id='word_1_235' title='bbox 886 2631 982 2708; x_wconf 90' lang='lat' dir='ltr'><strong>posita</strong></span> <span class='ocrx_word' id='word_1_236' title='bbox 997 2627 1108 2713; x_wconf 86' lang='lat' dir='ltr'><strong>[quae]</strong></span> 
     </span>
     <span class='ocr_line' id='line_1_30' title="bbox 134 2709 1109 2795; baseline 0.006 -24"><span class='ocrx_word' id='word_1_237' title='bbox 134 2709 306 2772; x_wconf 88' lang='lat' dir='ltr'><strong>diastemata</strong></span> <span class='ocrx_word' id='word_1_238' title='bbox 327 2711 382 2772; x_wconf 91' lang='lat' dir='ltr'><strong>alia</strong></span> <span class='ocrx_word' id='word_1_239' title='bbox 404 2712 467 2774; x_wconf 92' lang='lat' dir='ltr'><strong>aliis</strong></span> <span class='ocrx_word' id='word_1_240' title='bbox 488 2715 601 2776; x_wconf 90' lang='lat' dir='ltr'><strong>maiora</strong></span> <span class='ocrx_word' id='word_1_241' title='bbox 624 2716 792 2786; x_wconf 88' lang='lat' dir='ltr'><strong>minorave,</strong></span> <span class='ocrx_word' id='word_1_242' title='bbox 815 2722 849 2776; x_wconf 89' lang='lat' dir='ltr'><strong>ut</strong></span> <span class='ocrx_word' id='word_1_243' title='bbox 870 2721 921 2795; x_wconf 53' lang='lat' dir='ltr'><strong>est⁸</strong></span> <span class='ocrx_word' id='word_1_244' title='bbox 935 2713 1007 2776; x_wconf 92' lang='lat' dir='ltr'><strong>illud</strong></span> <span class='ocrx_word' id='word_1_245' title='bbox 1026 2718 1109 2795; x_wconf 90' lang='lat' dir='ltr'><strong>quod</strong></span> 
     </span>
    </p>
   </div>
   <div class='ocr_carea' id='block_1_4' title="bbox 131 3018 1205 3559">
    <p class='ocr_par' dir='ltr' id='par_1_9' title="bbox 131 3018 1205 3559">
     <span class='ocr_line' id='line_1_31' title="bbox 202 3018 1108 3086; baseline 0.008 -20"><span class='ocrx_word' id='word_1_246' title='bbox 202 3018 226 3066; x_wconf 89' lang='lat'><strong>1.</strong></span> <span class='ocrx_word' id='word_1_247' title='bbox 246 3029 332 3070; x_wconf 79' lang='lat' dir='ltr'><strong>omnes</strong></span> <span class='ocrx_word' id='word_1_248' title='bbox 351 3033 387 3068; x_wconf 79' lang='lat' dir='ltr'><strong>ex</strong></span> <span class='ocrx_word' id='word_1_249' title='bbox 404 3030 509 3083; x_wconf 82' lang='lat' dir='ltr'><strong>omues,</strong></span> <span class='ocrx_word' id='word_1_250' title='bbox 527 3023 650 3068; x_wconf 82' lang='lat' dir='ltr'><strong>incertum</strong></span> <span class='ocrx_word' id='word_1_251' title='bbox 668 3036 701 3069; x_wconf 82' lang='lat' dir='ltr'><strong>an</strong></span> <span class='ocrx_word' id='word_1_252' title='bbox 719 3035 736 3070; x_wconf 85' lang='lat' dir='ltr'><strong><em>a</em></strong></span> <span class='ocrx_word' id='word_1_253' title='bbox 754 3023 822 3083; x_wconf 86' lang='lat' dir='ltr'><strong>1m.‚</strong></span> <span class='ocrx_word' id='word_1_254' title='bbox 841 3021 866 3068; x_wconf 82' lang='lat' dir='ltr'><strong>J&gt;</strong></span> <span class='ocrx_word' id='word_1_255' title='bbox 934 3021 959 3070; x_wconf 85' lang='lat'><strong>4.</strong></span> <span class='ocrx_word' id='word_1_256' title='bbox 980 3022 1108 3086; x_wconf 77' lang='lat' dir='ltr'><strong>appollo-</strong></span> 
     </span>
     <span class='ocr_line' id='line_1_32' title="bbox 132 3083 1107 3153; baseline 0.008 -20"><span class='ocrx_word' id='word_1_257' title='bbox 132 3083 224 3134; x_wconf 82' lang='lat' dir='ltr'><strong>nietes</strong></span> <span class='ocrx_word' id='word_1_258' title='bbox 247 3084 273 3134; x_wconf 87' lang='lat' dir='ltr'><em>V</em></span> <span class='ocrx_word' id='word_1_259' title='bbox 334 3087 358 3136; x_wconf 86' lang='lat'><strong>5.</strong></span> <span class='ocrx_word' id='word_1_260' title='bbox 377 3086 487 3151; x_wconf 87' lang='lat' dir='ltr'><strong>hyppon</strong></span> <span class='ocrx_word' id='word_1_261' title='bbox 509 3087 536 3136; x_wconf 92' lang='lat' dir='ltr'><em>V</em></span> <span class='ocrx_word' id='word_1_262' title='bbox 596 3088 621 3137; x_wconf 79' lang='lat'><strong>7.</strong></span> <span class='ocrx_word' id='word_1_263' title='bbox 640 3087 824 3153; x_wconf 87' lang='lat' dir='ltr'><strong>capillumque</strong></span> <span class='ocrx_word' id='word_1_264' title='bbox 842 3091 913 3153; x_wconf 73' lang='lat' dir='ltr'><strong>volpe</strong></span> <span class='ocrx_word' id='word_1_265' title='bbox 979 3090 1020 3142; x_wconf 94' lang='lat'><strong>11.</strong></span> <span class='ocrx_word' id='word_1_266' title='bbox 1040 3105 1107 3142; x_wconf 80' lang='lat' dir='ltr'><strong>con-</strong></span> 
     </span>
     <span class='ocr_line' id='line_1_33' title="bbox 131 3153 1108 3221; baseline 0.008 -20"><span class='ocrx_word' id='word_1_267' title='bbox 131 3154 294 3203; x_wconf 79' lang='lat' dir='ltr'><strong>mnmamD</strong></span> <span class='ocrx_word' id='word_1_268' title='bbox 363 3154 404 3203; x_wconf 93' lang='lat'><strong>12.</strong></span> <span class='ocrx_word' id='word_1_269' title='bbox 424 3153 545 3220; x_wconf 75' lang='lat' dir='ltr'><strong>antiquio</strong></span> <span class='ocrx_word' id='word_1_270' title='bbox 564 3155 589 3204; x_wconf 87' lang='lat' dir='ltr'><em>D</em></span> <span class='ocrx_word' id='word_1_271' title='bbox 659 3156 753 3206; x_wconf 88' lang='lat' dir='ltr'><strong>ferunt</strong></span> <span class='ocrx_word' id='word_1_272' title='bbox 779 3157 805 3205; x_wconf 90' lang='lat' dir='ltr'><em>V</em></span> <span class='ocrx_word' id='word_1_273' title='bbox 873 3159 913 3208; x_wconf 75' lang='lat'><strong>17.</strong></span> <span class='ocrx_word' id='word_1_274' title='bbox 937 3171 1108 3221; x_wconf 79' lang='lat' dir='ltr'><strong>quosmren·</strong></span> 
     </span>
     <span class='ocr_line' id='line_1_34' title="bbox 132 3218 1205 3289; baseline 0.009 -21"><span class='ocrx_word' id='word_1_275' title='bbox 132 3221 258 3270; x_wconf 79' lang='lat' dir='ltr'><strong>necruD</strong></span> <span class='ocrx_word' id='word_1_276' title='bbox 311 3222 352 3270; x_wconf 90' lang='lat'><strong>21.</strong></span> <span class='ocrx_word' id='word_1_277' title='bbox 370 3223 472 3272; x_wconf 74' lang='lat' dir='ltr'><strong>tenonis</strong></span> <span class='ocrx_word' id='word_1_278' title='bbox 484 3223 545 3283; x_wconf 88' lang='lat' dir='ltr'><strong>DV,</strong></span> <span class='ocrx_word' id='word_1_279' title='bbox 561 3220 673 3274; x_wconf 88' lang='lat' dir='ltr'><strong>illorum</strong></span> <span class='ocrx_word' id='word_1_280' title='bbox 686 3220 822 3289; x_wconf 83' lang='grc' dir='ltr'>ἁρμονίαν</span> <span class='ocrx_word' id='word_1_281' title='bbox 835 3228 901 3276; x_wconf 86' lang='lat' dir='ltr'><strong>coni.</strong></span> <span class='ocrx_word' id='word_1_282' title='bbox 915 3225 1105 3286; x_wconf 77' lang='lat' dir='ltr'><strong>Lacdmaunus,</strong></span> <span class='ocrx_word' id='word_1_283' title='bbox 1202 3218 1205 3243; x_wconf 76' lang='lat'>²</span> 
     </span>
     <span class='ocr_line' id='line_1_35' title="bbox 132 3286 1105 3358; baseline 0.01 -22"><span class='ocrx_word' id='word_1_284' title='bbox 132 3286 281 3352; x_wconf 74' lang='lat' dir='ltr'><strong>illosoulpo</strong></span> <span class='ocrx_word' id='word_1_285' title='bbox 335 3301 449 3339; x_wconf 80' lang='lat' dir='ltr'><strong>mortum</strong></span> <span class='ocrx_word' id='word_1_286' title='bbox 468 3291 493 3339; x_wconf 84' lang='lat' dir='ltr'><strong>J)</strong></span> <span class='ocrx_word' id='word_1_287' title='bbox 562 3293 603 3343; x_wconf 88' lang='lat'><strong>22.</strong></span> <span class='ocrx_word' id='word_1_288' title='bbox 624 3294 826 3358; x_wconf 62' lang='lat' dir='ltr'><strong>poemenaeli,</strong></span> <span class='ocrx_word' id='word_1_289' title='bbox 846 3296 913 3344; x_wconf 77' lang='lat' dir='ltr'><strong>unde</strong></span> <span class='ocrx_word' id='word_1_290' title='bbox 931 3296 1105 3358; x_wconf 81' lang='lat' dir='ltr'><strong>geometriae</strong></span> 
     </span>
     <span class='ocr_line' id='line_1_36' title="bbox 131 3357 1105 3426; baseline 0.01 -22"><span class='ocrx_word' id='word_1_291' title='bbox 131 3357 194 3420; x_wconf 78' lang='lat' dir='ltr'><strong>feeit</strong></span> <span class='ocrx_word' id='word_1_292' title='bbox 220 3371 251 3409; x_wconf 85' lang='lat' dir='ltr'><strong>m.</strong></span> <span class='ocrx_word' id='word_1_293' title='bbox 279 3359 454 3408; x_wconf 78' lang='lat' dir='ltr'><strong>recentissima</strong></span> <span class='ocrx_word' id='word_1_294' title='bbox 523 3359 563 3410; x_wconf 90' lang='lat'><strong>25.</strong></span> <span class='ocrx_word' id='word_1_295' title='bbox 592 3359 711 3423; x_wconf 75' lang='lat' dir='ltr'><strong>(odorum</strong></span> <span class='ocrx_word' id='word_1_296' title='bbox 733 3362 759 3410; x_wconf 87' lang='grc' dir='ltr'><strong>Ι)</strong></span> <span class='ocrx_word' id='word_1_297' title='bbox 782 3366 807 3410; x_wconf 86' lang='lat' dir='ltr'><strong>et</strong></span> <span class='ocrx_word' id='word_1_298' title='bbox 834 3361 863 3410; x_wconf 90' lang='lat' dir='ltr'><em>V</em></span> <span class='ocrx_word' id='word_1_299' title='bbox 888 3377 957 3413; x_wconf 79' lang='lat' dir='ltr'><strong>corr.</strong></span> <span class='ocrx_word' id='word_1_300' title='bbox 985 3378 1016 3412; x_wconf 86' lang='lat' dir='ltr'><strong>m.</strong></span> <span class='ocrx_word' id='word_1_301' title='bbox 1040 3379 1105 3426; x_wconf 77' lang='lat' dir='ltr'><strong>rec,</strong></span> 
     </span>
     <span class='ocr_line' id='line_1_37' title="bbox 132 3424 1107 3493; baseline 0.01 -21"><span class='ocrx_word' id='word_1_302' title='bbox 132 3424 280 3486; x_wconf 74' lang='lat' dir='ltr'><strong>nmeonroc</strong></span> <span class='ocrx_word' id='word_1_303' title='bbox 306 3425 333 3474; x_wconf 91' lang='lat' dir='ltr'><em>V</em></span> <span class='ocrx_word' id='word_1_304' title='bbox 339 3424 347 3458; x_wconf 87' lang='lat'>¹</span> <span class='ocrx_word' id='word_1_305' title='bbox 417 3429 458 3479; x_wconf 84' lang='lat'><strong>26.</strong></span> <span class='ocrx_word' id='word_1_306' title='bbox 481 3427 607 3491; x_wconf 74' lang='lat' dir='ltr'><strong>mdouroc</strong></span> <span class='ocrx_word' id='word_1_307' title='bbox 624 3429 650 3477; x_wconf 85' lang='grc' dir='ltr'><strong>Ι)</strong></span> <span class='ocrx_word' id='word_1_308' title='bbox 673 3436 699 3480; x_wconf 87' lang='lat' dir='ltr'><strong>et</strong></span> <span class='ocrx_word' id='word_1_309' title='bbox 720 3429 747 3478; x_wconf 89' lang='lat' dir='ltr'><em>V</em></span> <span class='ocrx_word' id='word_1_310' title='bbox 762 3445 831 3483; x_wconf 79' lang='lat' dir='ltr'><strong>corr.</strong></span> <span class='ocrx_word' id='word_1_311' title='bbox 849 3445 882 3480; x_wconf 86' lang='lat' dir='ltr'><strong>m.</strong></span> <span class='ocrx_word' id='word_1_312' title='bbox 900 3445 967 3490; x_wconf 74' lang='lat' dir='ltr'><strong>rec,</strong></span> <span class='ocrx_word' id='word_1_313' title='bbox 992 3431 1107 3493; x_wconf 74' lang='lat' dir='ltr'><strong>nodon-</strong></span> 
     </span>
     <span class='ocr_line' id='line_1_38' title="bbox 132 3491 932 3559; baseline 0.014 -22"><span class='ocrx_word' id='word_1_314' title='bbox 132 3502 176 3540; x_wconf 70' lang='grc' dir='ltr'><strong>τοο</strong></span> <span class='ocrx_word' id='word_1_315' title='bbox 199 3492 225 3539; x_wconf 87' lang='lat' dir='ltr'><em>V</em></span> <span class='ocrx_word' id='word_1_316' title='bbox 229 3491 237 3524; x_wconf 87' lang='lat'><strong>¹</strong></span> <span class='ocrx_word' id='word_1_317' title='bbox 308 3495 349 3544; x_wconf 87' lang='lat'><strong>28.</strong></span> <span class='ocrx_word' id='word_1_318' title='bbox 369 3508 440 3559; x_wconf 87' lang='lat' dir='ltr'><strong>quae</strong></span> <span class='ocrx_word' id='word_1_319' title='bbox 458 3497 562 3548; x_wconf 76' lang='lat' dir='ltr'><strong>seclusit</strong></span> <span class='ocrx_word' id='word_1_320' title='bbox 579 3496 678 3548; x_wconf 80' lang='lat' dir='ltr'><strong>Iodnuc</strong></span> <span class='ocrx_word' id='word_1_321' title='bbox 747 3499 788 3548; x_wconf 83' lang='lat'><strong>29.</strong></span> <span class='ocrx_word' id='word_1_322' title='bbox 807 3498 932 3548; x_wconf 80' lang='lat' dir='ltr'><strong>rnnurll</strong></span> 
     </span>
    </p>
   </div>
   <div class='ocr_carea' id='block_1_5' title="bbox 0 0 1212 3936">
    <p class='ocr_par' dir='ltr' id='par_1_10' title="bbox 0 0 1212 3936">
     <span class='ocr_line' id='line_1_39' title="bbox 0 0 1212 3936; baseline 0 0"><span class='ocrx_word' id='word_1_323' title='bbox 0 0 1212 3936; x_wconf 95' lang='lat' dir='ltr'><strong> </strong></span> 
     </span>
    </p>
   </div>
  </div>
 </body>
</html>
