2414 3924
135 207 197 268 216
432 219 465 264 a.
481 217 511 265 c.
528 216 626 265 euus1
641 215 837 264 uuorcruas

134 373 222 434 melle
239 381 325 433 cocto
344 372 424 431 illita.
459 373 563 452 Neque
578 373 682 448 ignoro
697 372 794 431 multis
811 370 972 450 placuisse,
994 372 1134 434 linamen-

136 468 193 518 tum
204 458 232 515 iu
243 457 357 516 modum
371 456 486 531 collyrii
501 456 691 534 compositum
704 457 820 515 tinctum
833 454 920 515 melle
933 456 1058 516 demitti:
1079 458 1135 518 sed

138 540 264 602 celerius
279 539 307 599 id
322 540 492 617 glutinatur,
512 557 596 617 quam
610 540 754 618 impletur.
783 538 886 617 Neque
901 539 1061 600 verendum
1075 552 1133 616 est,

136 643 172 685 ue
188 642 289 703 purum
315 641 423 701 eorpus
442 640 514 701 puro
535 626 653 702 corpori
666 624 797 697 junctum
812 640 870 682 non
885 633 985 693 coeat;
1008 625 1134 700 adjectis

136 726 252 789 quoque
267 707 483 767 medicamentis
500 706 575 766 adid
591 707 777 776 efficacibus;
801 725 886 786 quum
905 725 995 787 saepe
1012 709 1156 775 exules-s

135 794 207 853 ratio
233 791 404 868 digitorum,
426 791 480 849 nisi
501 808 604 867 magna
621 810 688 850 cura
705 792 928 870 prospeximus,
947 793 1133 852 sanescendo

134 879 262 936 inunum
281 892 333 934 eos
345 878 459 951 jungat.

201 992 249 1052 13.
280 991 333 1051 Est
354 991 438 1050 etiam
459 991 566 1051 ulceris
588 1010 697 1068 genus,
727 991 804 1069 quod
827 1009 842 1049 a
863 992 921 1051 favi
945 992 1132 1052 similitudine

133 1075 253 1156 κηρίον
279 1094 295 1135 a
324 1074 443 1135 Graecis
470 1077 645 1135 nominatur:
677 1075 764 1152 idque
791 1074 861 1134 duas
887 1077 1005 1154 species
1033 1075 1131 1136 babet.

134 1160 266 1219 Alterum
288 1167 333 1217 est
354 1158 550 1234 subalbidum,
578 1159 730 1218 furunculo
752 1158 857 1228 simile;
888 1160 941 1218 sed
964 1161 1074 1237 maius,
1102 1170 1167 1224 etm

136 1262 199 1303 cum
223 1242 324 1301 dolore
349 1244 475 1317 majore:
500 1242 577 1321 quod
600 1241 648 1301 ubi
670 1244 851 1318 maturescit,
872 1241 959 1302 habet
979 1244 1132 1320 foramina,

135 1345 188 1404 per
207 1344 280 1404 quae
296 1326 386 1385 fertur
402 1326 503 1385 humor
514 1326 676 1402 glutinosus
689 1335 717 1385 et
729 1327 910 1406 purulentus:
927 1345 1023 1405 neque
1036 1337 1133 1387 tamen

136 1409 171 1470 ad
188 1411 295 1485 justam
316 1411 506 1469 maturitatem
522 1410 665 1487 pervenit.
702 1409 731 1467 Si
748 1410 867 1469 divisum
883 1419 944 1485 est,
960 1410 1049 1471 multo
1065 1412 1132 1490 plus

134 1496 209 1554 intus
231 1497 376 1572 corrupti,
402 1512 486 1572 quam
507 1494 534 1551 in
555 1493 724 1568 furunculo,
749 1503 887 1573 apparet,
915 1493 1058 1573 altiusque
1080 1495 1131 1554 de·

135 1577 256 1637 scendit.
277 1576 354 1638 Raro
371 1578 401 1637 lit
412 1579 440 1636 iu
453 1577 576 1656 capillis.
600 1576 730 1636 Alterum
743 1586 787 1636 est
799 1578 905 1653 minus,
921 1596 1009 1656 super
1021 1596 1131 1657 eorpus
1142 1607 1166 1647 15

136 1663 280 1738 eminens,
298 1662 415 1737 durum,
431 1660 535 1737 latum,
553 1660 709 1736 subviride,
725 1660 927 1738 subpallidum,
943 1663 1035 1739 magis
1050 1663 1131 1722 exul·

136 1754 278 1806 ceratum:
307 1745 448 1823 siquidem
469 1745 505 1805 ad
525 1744 702 1822 singulorum
718 1743 843 1821 pilorum
859 1745 974 1804 radices
990 1747 1132 1806 foramina

136 1838 220 1906 sunt,
243 1847 297 1908 per
314 1847 387 1908 quae
402 1829 495 1888 fertur
510 1829 610 1888 humor
625 1828 802 1905 glutinosus,
826 1827 1023 1906 subpallidus,
1051 1847 1130 1889 cras-

135 1912 286 1972 situdinem
308 1912 420 1989 mellis,
443 1921 489 1973 aut
508 1914 580 1971 visci
596 1912 744 1986 referens,
766 1912 908 1971 interdum
922 1913 995 1973 olei:
1019 1913 1043 1970 si
1057 1914 1129 1972 inci-

135 1997 224 2072 ditur,
240 1997 339 2056 viridis
355 1997 430 2056 intus
447 2015 515 2056 caro
532 2004 662 2075 apparet.
685 1994 777 2054 Dolor
795 2003 888 2054 autem
901 2004 929 2054 et
944 1995 1128 2056 inflammatio
1139 2021 1166 2061 oo

135 2082 237 2157 ingens
268 2089 329 2156 est,
359 2080 432 2141 adeo
461 2089 491 2139 ut
512 2089 623 2139 acutam
648 2097 762 2158 quoque
786 2077 898 2137 febrem
920 2097 1038 2138 movere
1060 2097 1129 2138 con-

134 2168 252 2224 suerint.
276 2166 371 2242 Super
386 2164 429 2239 id,
445 2163 522 2242 quod
538 2164 628 2221 miuus
646 2163 756 2222 crebris
771 2162 959 2222 foraminibus
972 2181 1129 2242 exaspera·

133 2257 192 2307 tum
215 2257 272 2324 est,
303 2256 384 2305 recte
405 2249 560 2325 imponitur
585 2255 614 2304 et
634 2246 705 2304 licus
724 2247 821 2321 arida,
854 2255 882 2304 et
905 2246 954 2305 lini
975 2264 1075 2305 semen
1100 2249 1129 2306 in

133 2330 226 2388 mulso
251 2339 379 2404 coctum,
410 2340 438 2388 et
459 2329 613 2406 emplastra
637 2347 672 2387 ac
695 2329 863 2406 malagmata
886 2331 1032 2389 materiam
1059 2331 1127 2390 edu-

135 2413 247 2487 centia,
267 2423 314 2473 aut
332 2430 405 2491 quae
423 2413 542 2491 proprie
557 2411 612 2470 huc
628 2414 799 2490 pertinentia
812 2432 897 2491 supra
910 2415 1006 2490 posui.
1029 2415 1126 2493 Super
1136 2441 1163 2482 25

135 2495 254 2553 alterum
277 2505 306 2554 et
327 2494 427 2555 eadem
449 2494 672 2570 medicamenta,
697 2505 726 2554 et
748 2497 839 2555 farina
860 2515 897 2555 ex
914 2497 1006 2556 mulso
1031 2507 1128 2575 cocta,

134 2579 192 2653 sic,
216 2586 247 2638 ut
264 2581 290 2637 ei
306 2579 448 2638 dimidium
464 2581 578 2638 resinae
594 2579 803 2638 terebinthinae
819 2580 988 2649 misceatur;
1012 2589 1041 2639 et
1055 2582 1129 2642 ficus

134 2663 162 2720 in
183 2662 275 2720 mulso
300 2662 435 2739 decocta,
459 2665 504 2722 cui
520 2663 634 2742 paulum
651 2664 772 2742 hyssopi
788 2665 902 2722 contriti
918 2666 954 2722 sit
969 2663 1126 2739 adjectum;

134 2754 164 2804 et
186 2763 259 2804 uvae
280 2748 412 2807 taminiae
436 2765 504 2826 pars
527 2757 636 2825 quarta.
675 2747 757 2821 Quod
780 2749 919 2826 siparum
936 2749 963 2806 in
987 2748 1128 2808 utrolibet

133 2848 242 2906 genere
259 2831 465 2890 medicamenta
483 2832 656 2908 proliciunt,
674 2840 762 2890 totum
778 2831 860 2890 ulcus
875 2850 967 2909 usque
980 2832 1015 2891 ad
1028 2850 1125 2891 sanam
1136 2857 1163 2898 30

135 2932 249 2974 carnem
263 2915 357 2975 excidi
371 2915 643 2993 oportebit-Ulcere
658 2915 768 2991 ablato,
795 2932 883 2993 super
898 2915 1015 2993 plagam
1037 2917 1125 2975 medi-

134 3009 263 3060 camenta
280 2999 371 3060 danda
387 3009 466 3073 sunt,
482 2999 619 3076 primum,
637 3017 710 3076 quae
727 3017 780 3076 pus
796 2999 896 3067 citent;
916 2998 1034 3076 deinde,
1051 3017 1126 3077 quae

133 3095 271 3159 purgent;
295 3094 367 3161 tum,
391 3101 464 3161 quae
480 3082 627 3160 impleant.

200 3217 246 3275 14.
272 3220 342 3278 Sunt
360 3235 431 3277 vero
448 3216 584 3295 quaedam
600 3217 730 3274 verrucis
744 3216 859 3284 similia;
879 3233 997 3294 quorum
1010 3216 1125 3276 diuersa

133 3302 261 3378 nomina,
277 3313 307 3362 ut
321 3303 389 3361 vitia
404 3311 477 3360 suut.
499 3289 742 3377 Ἀκροχορδόνα
754 3299 857 3360 Graeci
873 3309 994 3375 vocant,
1012 3300 1059 3358 ubi
1073 3299 1162 3359 subus

133 3395 199 3444 cute
216 3387 274 3445 coit
290 3384 395 3464 aliquid
412 3385 524 3460 durius,
549 3391 578 3443 et
592 3385 730 3443 interdum
747 3382 832 3461 paulo
847 3385 994 3461 asperius,
1016 3384 1126 3443 coloris

134 3469 276 3542 ejusdem;
303 3483 390 3544 supra
407 3466 510 3544 latius,
527 3467 562 3528 ad
576 3475 671 3526 cutem
688 3475 792 3530 tenue:
813 3466 898 3545 idque
913 3467 1055 3527 modicum
1071 3477 1125 3543 est,
