<?xml version="1.0" encoding="UTF-8"?>
<!DOCTYPE html PUBLIC "-//W3C//DTD XHTML 1.0 Transitional//EN"
    "http://www.w3.org/TR/xhtml1/DTD/xhtml1-transitional.dtd">
<html xmlns="http://www.w3.org/1999/xhtml" xml:lang="en" lang="en">
 <head>
  <title>
</title>
<meta http-equiv="Content-Type" content="text/html;charset=utf-8" />
  <meta name='ocr-system' content='tesseract 3.04.00' />
  <meta name='ocr-capabilities' content='ocr_page ocr_carea ocr_par ocr_line ocrx_word'/>
</head>
<body>
  <div class='ocr_page' id='page_1' title='image "./cassiifelicisde00rosegoog_0432.png"; bbox 0 0 2414 3924; ppageno 0'>
   <div class='ocr_carea' id='block_1_1' title="bbox 372 184 1083 276">
    <p class='ocr_par' dir='ltr' id='par_1_1' title="bbox 372 184 1083 276">
     <span class='ocr_line' id='line_1_1' title="bbox 372 184 1083 276; baseline 0.007 -6"><span class='ocrx_word' id='word_1_1' title='bbox 372 225 442 273; x_wconf 80' lang='lat' dir='ltr'>nra.</span> <span class='ocrx_word' id='word_1_2' title='bbox 457 225 508 272; x_wconf 90' lang='lat'>111.</span> <span class='ocrx_word' id='word_1_3' title='bbox 525 224 599 272; x_wconf 81' lang='lat' dir='ltr'>car.</span> <span class='ocrx_word' id='word_1_4' title='bbox 619 225 790 273; x_wconf 86' lang='lat' dir='ltr'>xxr.xx11.</span> <span class='ocrx_word' id='word_1_5' title='bbox 960 194 962 198; x_wconf 25' lang='lat'>⁸</span> <span class='ocrx_word' id='word_1_6' title='bbox 998 184 1001 191; x_wconf 34' lang='lat'>⁵</span> <span class='ocrx_word' id='word_1_7' title='bbox 1026 213 1083 276; x_wconf 81' lang='lat' dir='ltr'>loa</span> 
     </span>
    </p>
   </div>
   <div class='ocr_carea' id='block_1_2' title="bbox 19 378 1087 962">
    <p class='ocr_par' dir='ltr' id='par_1_2' title="bbox 19 378 1085 709">
     <span class='ocr_line' id='line_1_2' title="bbox 19 378 1085 458; baseline -0.002 -18"><span class='ocrx_word' id='word_1_8' title='bbox 19 392 21 395; x_wconf 83' lang='grc'><strong>“</strong></span> <span class='ocrx_word' id='word_1_9' title='bbox 91 379 198 458; x_wconf 86' lang='lat' dir='ltr'>triplici</span> <span class='ocrx_word' id='word_1_10' title='bbox 218 395 329 457; x_wconf 91' lang='lat' dir='ltr'>panno,</span> <span class='ocrx_word' id='word_1_11' title='bbox 358 378 464 454; x_wconf 88' lang='lat' dir='ltr'>fascia,</span> <span class='ocrx_word' id='word_1_12' title='bbox 492 395 550 437; x_wconf 91' lang='lat' dir='ltr'>non</span> <span class='ocrx_word' id='word_1_13' title='bbox 570 379 682 438; x_wconf 91' lang='lat' dir='ltr'>nimium</span> <span class='ocrx_word' id='word_1_14' title='bbox 709 389 803 439; x_wconf 89' lang='lat' dir='ltr'>tamen</span> <span class='ocrx_word' id='word_1_15' title='bbox 825 379 1012 439; x_wconf 88' lang='lat' dir='ltr'>vehementer</span> <span class='ocrx_word' id='word_1_16' title='bbox 1036 379 1085 438; x_wconf 92' lang='lat' dir='ltr'>ad·</span> 
     </span>
     <span class='ocr_line' id='line_1_3' title="bbox 93 461 1085 546; baseline -0.002 -22"><span class='ocrx_word' id='word_1_17' title='bbox 93 466 251 546; x_wconf 78' lang='lat' dir='ltr'>stringere:</span> <span class='ocrx_word' id='word_1_18' title='bbox 274 461 351 540; x_wconf 94' lang='lat' dir='ltr'>quod</span> <span class='ocrx_word' id='word_1_19' title='bbox 371 461 521 522; x_wconf 81' lang='lat' dir='ltr'>albarria</span> <span class='ocrx_word' id='word_1_20' title='bbox 537 463 715 540; x_wconf 87' lang='lat' dir='ltr'>profectum,</span> <span class='ocrx_word' id='word_1_21' title='bbox 740 472 883 523; x_wconf 83' lang='lat' dir='ltr'>servatum</span> <span class='ocrx_word' id='word_1_22' title='bbox 902 480 969 522; x_wconf 88' lang='lat' dir='ltr'>esse</span> <span class='ocrx_word' id='word_1_23' title='bbox 991 463 1085 540; x_wconf 91' lang='lat' dir='ltr'>aplu-</span> 
     </span>
     <span class='ocr_line' id='line_1_4' title="bbox 92 540 1085 621; baseline -0.001 -16"><span class='ocrx_word' id='word_1_24' title='bbox 92 540 171 607; x_wconf 88' lang='lat' dir='ltr'>ribus</span> <span class='ocrx_word' id='word_1_25' title='bbox 190 546 286 606; x_wconf 85' lang='lat' dir='ltr'>video.</span> <span class='ocrx_word' id='word_1_26' title='bbox 320 545 379 604; x_wconf 90' lang='lat' dir='ltr'>Si</span> <span class='ocrx_word' id='word_1_27' title='bbox 367 563 469 621; x_wconf 81' lang='lat' dir='ltr'>Jecur,</span> <span class='ocrx_word' id='word_1_28' title='bbox 486 555 533 606; x_wconf 87' lang='lat' dir='ltr'>aut</span> <span class='ocrx_word' id='word_1_29' title='bbox 553 547 657 606; x_wconf 91' lang='lat' dir='ltr'>lienem</span> <span class='ocrx_word' id='word_1_30' title='bbox 678 547 810 607; x_wconf 81' lang='lat' dir='ltr'>affectum</span> <span class='ocrx_word' id='word_1_31' title='bbox 825 565 892 608; x_wconf 83' lang='lat' dir='ltr'>esso</span> <span class='ocrx_word' id='word_1_32' title='bbox 906 546 1085 606; x_wconf 91' lang='lat' dir='ltr'>manifestum</span> 
     </span>
     <span class='ocr_line' id='line_1_5' title="bbox 93 631 1084 709; baseline -0.003 -18"><span class='ocrx_word' id='word_1_33' title='bbox 93 641 154 708; x_wconf 89' lang='lat' dir='ltr'>est,</span> <span class='ocrx_word' id='word_1_34' title='bbox 177 632 260 690; x_wconf 91' lang='lat' dir='ltr'>licum</span> <span class='ocrx_word' id='word_1_35' title='bbox 280 631 414 707; x_wconf 81' lang='lat' dir='ltr'><strong>pinguem</strong></span> <span class='ocrx_word' id='word_1_36' title='bbox 431 640 577 690; x_wconf 91' lang='lat' dir='ltr'>contusam</span> <span class='ocrx_word' id='word_1_37' title='bbox 585 631 732 707; x_wconf 89' lang='lat' dir='ltr'>,adjecto</span> <span class='ocrx_word' id='word_1_38' title='bbox 748 631 850 707; x_wconf 89' lang='lat' dir='ltr'>melle,</span> <span class='ocrx_word' id='word_1_39' title='bbox 872 647 1084 709; x_wconf 80' lang='lat' dir='ltr'>superponere.</span> 
     </span>
    </p>

    <p class='ocr_par' dir='ltr' id='par_1_3' title="bbox 66 713 1087 962">
     <span class='ocr_line' id='line_1_6' title="bbox 66 713 1085 793; baseline 0 -20"><span class='ocrx_word' id='word_1_40' title='bbox 66 716 124 775; x_wconf 79' lang='lat' dir='ltr'>sSi</span> <span class='ocrx_word' id='word_1_41' title='bbox 149 732 203 793; x_wconf 89' lang='lat' dir='ltr'>per</span> <span class='ocrx_word' id='word_1_42' title='bbox 222 713 290 773; x_wconf 90' lang='lat' dir='ltr'>talia</span> <span class='ocrx_word' id='word_1_43' title='bbox 304 713 409 786; x_wconf 83' lang='lat' dir='ltr'>auxilia</span> <span class='ocrx_word' id='word_1_44' title='bbox 429 723 531 772; x_wconf 89' lang='lat' dir='ltr'>venter</span> <span class='ocrx_word' id='word_1_45' title='bbox 551 731 608 774; x_wconf 97' lang='lat' dir='ltr'>non</span> <span class='ocrx_word' id='word_1_46' title='bbox 630 717 771 792; x_wconf 89' lang='lat' dir='ltr'>siccatur,</span> <span class='ocrx_word' id='word_1_47' title='bbox 800 715 852 775; x_wconf 90' lang='lat' dir='ltr'>sed</span> <span class='ocrx_word' id='word_1_48' title='bbox 873 714 974 774; x_wconf 90' lang='lat' dir='ltr'>bumor</span> <span class='ocrx_word' id='word_1_49' title='bbox 996 713 1085 773; x_wconf 90' lang='lat' dir='ltr'>nihilo</span> 
     </span>
     <span class='ocr_line' id='line_1_7' title="bbox 92 796 1086 877; baseline -0.002 -20"><span class='ocrx_word' id='word_1_50' title='bbox 92 801 182 858; x_wconf 93' lang='lat' dir='ltr'>minus</span> <span class='ocrx_word' id='word_1_51' title='bbox 205 796 342 870; x_wconf 84' lang='lat' dir='ltr'>abundat,</span> <span class='ocrx_word' id='word_1_52' title='bbox 367 797 502 857; x_wconf 91' lang='lat' dir='ltr'>celeriori</span> <span class='ocrx_word' id='word_1_53' title='bbox 523 800 568 858; x_wconf 93' lang='lat' dir='ltr'>via</span> <span class='ocrx_word' id='word_1_54' title='bbox 579 817 772 875; x_wconf 88' lang='lat' dir='ltr'>succurrere,</span> <span class='ocrx_word' id='word_1_55' title='bbox 795 809 824 859; x_wconf 88' lang='lat' dir='ltr'>ut</span> <span class='ocrx_word' id='word_1_56' title='bbox 843 800 867 858; x_wconf 95' lang='lat' dir='ltr'>is</span> <span class='ocrx_word' id='word_1_57' title='bbox 889 817 943 877; x_wconf 89' lang='lat' dir='ltr'>per</span> <span class='ocrx_word' id='word_1_58' title='bbox 957 807 1086 858; x_wconf 72' lang='lat' dir='ltr'>venmem</span> 
     </span>
     <span class='ocr_line' id='line_1_8' title="bbox 92 878 1087 962; baseline -0.002 -21"><span class='ocrx_word' id='word_1_59' title='bbox 92 884 186 960; x_wconf 90' lang='lat' dir='ltr'>ipsum</span> <span class='ocrx_word' id='word_1_60' title='bbox 201 883 351 940; x_wconf 90' lang='lat' dir='ltr'>emittatur.</span> <span class='ocrx_word' id='word_1_61' title='bbox 384 878 487 959; x_wconf 88' lang='lat' dir='ltr'>Neque</span> <span class='ocrx_word' id='word_1_62' title='bbox 503 883 607 958; x_wconf 82' lang='lat' dir='ltr'>ignoro</span> <span class='ocrx_word' id='word_1_63' title='bbox 621 882 798 942; x_wconf 79' lang='lat' dir='ltr'><strong>Erasistrato</strong></span> <span class='ocrx_word' id='word_1_64' title='bbox 815 883 998 962; x_wconf 79' lang='lat' dir='ltr'>displicuisse</span> <span class='ocrx_word' id='word_1_65' title='bbox 1012 881 1087 940; x_wconf 90' lang='lat' dir='ltr'>hane</span> 
     </span>
    </p>
   </div>
   <div class='ocr_carea' id='block_1_3' title="bbox 94 963 1194 1046">
    <p class='ocr_par' dir='ltr' id='par_1_4' title="bbox 94 963 1194 1046">
     <span class='ocr_line' id='line_1_9' title="bbox 94 963 1194 1046; baseline -0.003 -20"><span class='ocrx_word' id='word_1_66' title='bbox 94 965 210 1026; x_wconf 81' lang='lat' dir='ltr'>curandi</span> <span class='ocrx_word' id='word_1_67' title='bbox 225 965 314 1023; x_wconf 90' lang='lat' dir='ltr'>viam:</span> <span class='ocrx_word' id='word_1_68' title='bbox 340 964 470 1023; x_wconf 82' lang='lat' dir='ltr'>morbum</span> <span class='ocrx_word' id='word_1_69' title='bbox 486 968 558 1024; x_wconf 92' lang='lat' dir='ltr'>enim</span> <span class='ocrx_word' id='word_1_70' title='bbox 574 965 648 1025; x_wconf 89' lang='lat' dir='ltr'>bunc</span> <span class='ocrx_word' id='word_1_71' title='bbox 657 968 799 1041; x_wconf 77' lang='lat' dir='ltr'>Jecinoris</span> <span class='ocrx_word' id='word_1_72' title='bbox 816 969 939 1046; x_wconf 85' lang='lat' dir='ltr'>putavit:</span> <span class='ocrx_word' id='word_1_73' title='bbox 956 968 1002 1025; x_wconf 73' lang='lat' dir='ltr'>&#39;ria</span> <span class='ocrx_word' id='word_1_74' title='bbox 1017 963 1087 1025; x_wconf 91' lang='lat' dir='ltr'>illud</span> <span class='ocrx_word' id='word_1_75' title='bbox 1175 987 1194 1033; x_wconf 65' lang='grc' dir='ltr'><strong><em>χ</em></strong></span> 
     </span>
    </p>
   </div>
   <div class='ocr_carea' id='block_1_4' title="bbox 58 1048 1119 2953">
    <p class='ocr_par' dir='ltr' id='par_1_5' title="bbox 58 1048 1119 2953">
     <span class='ocr_line' id='line_1_10' title="bbox 94 1048 1086 1129; baseline -0.002 -20"><span class='ocrx_word' id='word_1_76' title='bbox 94 1067 162 1109; x_wconf 91' lang='lat' dir='ltr'>esse</span> <span class='ocrx_word' id='word_1_77' title='bbox 178 1048 346 1115; x_wconf 86' lang='lat' dir='ltr'>sanandum;</span> <span class='ocrx_word' id='word_1_78' title='bbox 372 1049 534 1127; x_wconf 73' lang='lat' dir='ltr'>frustraque</span> <span class='ocrx_word' id='word_1_79' title='bbox 556 1068 657 1127; x_wconf 91' lang='lat' dir='ltr'>aquam</span> <span class='ocrx_word' id='word_1_80' title='bbox 673 1052 778 1126; x_wconf 89' lang='lat' dir='ltr'>emitti,</span> <span class='ocrx_word' id='word_1_81' title='bbox 797 1069 886 1129; x_wconf 90' lang='lat' dir='ltr'>quae,</span> <span class='ocrx_word' id='word_1_82' title='bbox 905 1051 1004 1110; x_wconf 84' lang='lat' dir='ltr'>vitiato</span> <span class='ocrx_word' id='word_1_83' title='bbox 1024 1049 1086 1125; x_wconf 94' lang='lat' dir='ltr'>illo,</span> 
     </span>
     <span class='ocr_line' id='line_1_11' title="bbox 58 1132 1087 1210; baseline -0.006 -13"><span class='ocrx_word' id='word_1_84' title='bbox 58 1155 84 1197; x_wconf 90' lang='grc' dir='ltr'>ιο</span> <span class='ocrx_word' id='word_1_85' title='bbox 94 1132 216 1193; x_wconf 90' lang='lat' dir='ltr'>subinde</span> <span class='ocrx_word' id='word_1_86' title='bbox 232 1141 374 1191; x_wconf 87' lang='lat' dir='ltr'>nascatur.</span> <span class='ocrx_word' id='word_1_87' title='bbox 408 1133 466 1192; x_wconf 89' lang='lat' dir='ltr'>Sed</span> <span class='ocrx_word' id='word_1_88' title='bbox 483 1135 601 1210; x_wconf 91' lang='lat' dir='ltr'>primum</span> <span class='ocrx_word' id='word_1_89' title='bbox 621 1152 678 1193; x_wconf 95' lang='lat' dir='ltr'>non</span> <span class='ocrx_word' id='word_1_90' title='bbox 696 1135 780 1208; x_wconf 88' lang='lat' dir='ltr'>hujus</span> <span class='ocrx_word' id='word_1_91' title='bbox 794 1136 916 1196; x_wconf 88' lang='lat' dir='ltr'>visceris</span> <span class='ocrx_word' id='word_1_92' title='bbox 931 1135 1012 1193; x_wconf 88' lang='lat' dir='ltr'>unius</span> <span class='ocrx_word' id='word_1_93' title='bbox 1029 1133 1087 1192; x_wconf 88' lang='lat' dir='ltr'>hoc</span> 
     </span>
     <span class='ocr_line' id='line_1_12' title="bbox 94 1216 1086 1297; baseline -0.003 -19"><span class='ocrx_word' id='word_1_94' title='bbox 94 1219 192 1278; x_wconf 88' lang='lat' dir='ltr'>vitium</span> <span class='ocrx_word' id='word_1_95' title='bbox 207 1225 267 1276; x_wconf 83' lang='lat' dir='ltr'>est:</span> <span class='ocrx_word' id='word_1_96' title='bbox 287 1234 351 1275; x_wconf 91' lang='lat' dir='ltr'>nam</span> <span class='ocrx_word' id='word_1_97' title='bbox 373 1224 402 1274; x_wconf 85' lang='lat' dir='ltr'>et</span> <span class='ocrx_word' id='word_1_98' title='bbox 422 1216 498 1275; x_wconf 89' lang='lat' dir='ltr'>liene</span> <span class='ocrx_word' id='word_1_99' title='bbox 520 1216 641 1294; x_wconf 86' lang='lat' dir='ltr'>affecto,</span> <span class='ocrx_word' id='word_1_100' title='bbox 659 1228 687 1278; x_wconf 90' lang='lat' dir='ltr'>et</span> <span class='ocrx_word' id='word_1_101' title='bbox 706 1220 733 1276; x_wconf 95' lang='lat' dir='ltr'>in</span> <span class='ocrx_word' id='word_1_102' title='bbox 753 1219 841 1286; x_wconf 87' lang='lat' dir='ltr'>totius</span> <span class='ocrx_word' id='word_1_103' title='bbox 862 1219 995 1297; x_wconf 89' lang='lat' dir='ltr'>corporis</span> <span class='ocrx_word' id='word_1_104' title='bbox 1010 1216 1086 1278; x_wconf 93' lang='lat' dir='ltr'>malo</span> 
     </span>
     <span class='ocr_line' id='line_1_13' title="bbox 93 1298 1086 1380; baseline -0.003 -18"><span class='ocrx_word' id='word_1_105' title='bbox 93 1301 190 1362; x_wconf 90' lang='lat' dir='ltr'>babitu</span> <span class='ocrx_word' id='word_1_106' title='bbox 208 1302 246 1359; x_wconf 89' lang='lat' dir='ltr'>fit.</span> <span class='ocrx_word' id='word_1_107' title='bbox 276 1298 403 1375; x_wconf 82' lang='lat' dir='ltr'>Deinde,</span> <span class='ocrx_word' id='word_1_108' title='bbox 422 1299 532 1359; x_wconf 83' lang='lat' dir='ltr'>atinde</span> <span class='ocrx_word' id='word_1_109' title='bbox 548 1304 696 1378; x_wconf 92' lang='lat' dir='ltr'>coeperit,</span> <span class='ocrx_word' id='word_1_110' title='bbox 715 1312 810 1362; x_wconf 89' lang='lat' dir='ltr'>tamen</span> <span class='ocrx_word' id='word_1_111' title='bbox 828 1320 901 1380; x_wconf 89' lang='lat' dir='ltr'>aqua</span> <span class='ocrx_word' id='word_1_112' title='bbox 916 1303 971 1362; x_wconf 86' lang='lat' dir='ltr'>nisi</span> <span class='ocrx_word' id='word_1_113' title='bbox 986 1301 1086 1361; x_wconf 88' lang='lat' dir='ltr'>emitti·</span> 
     </span>
     <span class='ocr_line' id='line_1_14' title="bbox 94 1384 1086 1463; baseline -0.003 -18"><span class='ocrx_word' id='word_1_114' title='bbox 94 1395 139 1445; x_wconf 88' lang='lat' dir='ltr'>tur</span> <span class='ocrx_word' id='word_1_115' title='bbox 147 1403 246 1463; x_wconf 91' lang='lat' dir='ltr'>,quae</span> <span class='ocrx_word' id='word_1_116' title='bbox 264 1392 363 1443; x_wconf 88' lang='lat' dir='ltr'>contra</span> <span class='ocrx_word' id='word_1_117' title='bbox 381 1392 507 1442; x_wconf 91' lang='lat' dir='ltr'>naturam</span> <span class='ocrx_word' id='word_1_118' title='bbox 522 1384 560 1443; x_wconf 94' lang='lat' dir='ltr'>ibi</span> <span class='ocrx_word' id='word_1_119' title='bbox 576 1385 716 1460; x_wconf 74' lang='lat' dir='ltr'>substitit</span> <span class='ocrx_word' id='word_1_120' title='bbox 742 1394 770 1445; x_wconf 90' lang='lat' dir='ltr'>et</span> <span class='ocrx_word' id='word_1_121' title='bbox 786 1387 912 1460; x_wconf 90' lang='lat' dir='ltr'>jecinori</span> <span class='ocrx_word' id='word_1_122' title='bbox 937 1394 967 1445; x_wconf 87' lang='lat' dir='ltr'>et</span> <span class='ocrx_word' id='word_1_123' title='bbox 981 1385 1086 1445; x_wconf 88' lang='lat' dir='ltr'>ceteris</span> 
     </span>
     <span class='ocr_line' id='line_1_15' title="bbox 94 1466 1087 1568; baseline -0.002 -40"><span class='ocrx_word' id='word_1_124' title='bbox 94 1468 281 1528; x_wconf 88' lang='lat' dir='ltr'>interioribus</span> <span class='ocrx_word' id='word_1_125' title='bbox 297 1467 425 1546; x_wconf 93' lang='lat' dir='ltr'>partibus</span> <span class='ocrx_word' id='word_1_126' title='bbox 436 1478 531 1527; x_wconf 91' lang='lat' dir='ltr'>nocet</span> <span class='ocrx_word' id='word_1_127' title='bbox 566 1466 764 1568; x_wconf 80' lang='lat' dir='ltr'>Convenitqpe</span> <span class='ocrx_word' id='word_1_128' title='bbox 778 1487 883 1548; x_wconf 92' lang='lat' dir='ltr'>corpus</span> <span class='ocrx_word' id='word_1_129' title='bbox 897 1469 985 1528; x_wconf 88' lang='lat' dir='ltr'>nihilo</span> <span class='ocrx_word' id='word_1_130' title='bbox 997 1469 1087 1527; x_wconf 95' lang='lat' dir='ltr'>minus</span> 
     </span>
     <span class='ocr_line' id='line_1_16' title="bbox 62 1550 1087 1639; baseline -0.004 -25"><span class='ocrx_word' id='word_1_131' title='bbox 62 1572 162 1614; x_wconf 78' lang='lat' dir='ltr'>messe</span> <span class='ocrx_word' id='word_1_132' title='bbox 178 1551 342 1639; x_wconf 86' lang='lat' dir='ltr'>curandpm</span> <span class='ocrx_word' id='word_1_133' title='bbox 372 1550 475 1628; x_wconf 91' lang='lat' dir='ltr'>Neque</span> <span class='ocrx_word' id='word_1_134' title='bbox 492 1553 565 1611; x_wconf 91' lang='lat' dir='ltr'>enim</span> <span class='ocrx_word' id='word_1_135' title='bbox 586 1563 666 1612; x_wconf 88' lang='lat' dir='ltr'>sanat</span> <span class='ocrx_word' id='word_1_136' title='bbox 684 1555 805 1612; x_wconf 90' lang='lat' dir='ltr'>emissus</span> <span class='ocrx_word' id='word_1_137' title='bbox 821 1553 939 1628; x_wconf 88' lang='lat' dir='ltr'>humor,</span> <span class='ocrx_word' id='word_1_138' title='bbox 964 1552 1025 1612; x_wconf 94' lang='lat' dir='ltr'>sed</span> <span class='ocrx_word' id='word_1_139' title='bbox 1029 1569 1087 1610; x_wconf 92' lang='lat' dir='ltr'>me·</span> 
     </span>
     <span class='ocr_line' id='line_1_17' title="bbox 96 1613 1086 1715; baseline -0.004 -18"><span class='ocrx_word' id='word_1_140' title='bbox 96 1638 208 1697; x_wconf 89' lang='lat' dir='ltr'>dicinae</span> <span class='ocrx_word' id='word_1_141' title='bbox 229 1613 324 1695; x_wconf 90' lang='lat' dir='ltr'>locum</span> <span class='ocrx_word' id='word_1_142' title='bbox 344 1635 428 1711; x_wconf 90' lang='lat' dir='ltr'>facit,</span> <span class='ocrx_word' id='word_1_143' title='bbox 454 1653 536 1713; x_wconf 89' lang='lat' dir='ltr'>quam</span> <span class='ocrx_word' id='word_1_144' title='bbox 555 1637 629 1695; x_wconf 86' lang='lat' dir='ltr'>intus</span> <span class='ocrx_word' id='word_1_145' title='bbox 645 1638 772 1696; x_wconf 86' lang='lat' dir='ltr'>inclusus</span> <span class='ocrx_word' id='word_1_146' title='bbox 788 1638 915 1715; x_wconf 87' lang='lat' dir='ltr'>impedit.</span> <span class='ocrx_word' id='word_1_147' title='bbox 944 1637 989 1696; x_wconf 80' lang='lat' dir='ltr'>Ac</span> <span class='ocrx_word' id='word_1_148' title='bbox 1004 1654 1039 1694; x_wconf 91' lang='lat' dir='ltr'>ne</span> <span class='ocrx_word' id='word_1_149' title='bbox 1054 1634 1086 1693; x_wconf 93' lang='lat' dir='ltr'>il-</span> 
     </span>
     <span class='ocr_line' id='line_1_18' title="bbox 96 1712 1088 1799; baseline -0.005 -19"><span class='ocrx_word' id='word_1_150' title='bbox 96 1722 144 1780; x_wconf 94' lang='lat' dir='ltr'>lud</span> <span class='ocrx_word' id='word_1_151' title='bbox 159 1719 303 1798; x_wconf 91' lang='lat' dir='ltr'>quidem</span> <span class='ocrx_word' id='word_1_152' title='bbox 294 1738 323 1778; x_wconf 91' lang='grc' dir='ltr'>ιιι</span> <span class='ocrx_word' id='word_1_153' title='bbox 344 1721 570 1779; x_wconf 90' lang='lat' dir='ltr'>controversiam</span> <span class='ocrx_word' id='word_1_154' title='bbox 585 1724 663 1780; x_wconf 84' lang='lat' dir='ltr'>venit</span> <span class='ocrx_word' id='word_1_155' title='bbox 671 1724 765 1799; x_wconf 91' lang='lat' dir='ltr'>,quin</span> <span class='ocrx_word' id='word_1_156' title='bbox 784 1739 841 1780; x_wconf 93' lang='lat' dir='ltr'>non</span> <span class='ocrx_word' id='word_1_157' title='bbox 866 1738 965 1780; x_wconf 87' lang='lat' dir='ltr'>omnes</span> <span class='ocrx_word' id='word_1_158' title='bbox 983 1723 1011 1777; x_wconf 90' lang='lat' dir='ltr'>in</span> <span class='ocrx_word' id='word_1_159' title='bbox 1030 1712 1088 1776; x_wconf 90' lang='lat' dir='ltr'>hoc</span> 
     </span>
     <span class='ocr_line' id='line_1_19' title="bbox 96 1798 1088 1882; baseline -0.004 -19"><span class='ocrx_word' id='word_1_160' title='bbox 96 1804 197 1864; x_wconf 91' lang='lat' dir='ltr'>morbo</span> <span class='ocrx_word' id='word_1_161' title='bbox 219 1805 262 1863; x_wconf 86' lang='lat' dir='ltr'>sic</span> <span class='ocrx_word' id='word_1_162' title='bbox 283 1804 377 1863; x_wconf 87' lang='lat' dir='ltr'>curari</span> <span class='ocrx_word' id='word_1_163' title='bbox 399 1805 524 1881; x_wconf 89' lang='lat' dir='ltr'>possint;</span> <span class='ocrx_word' id='word_1_164' title='bbox 550 1798 633 1864; x_wconf 87' lang='lat' dir='ltr'>sed</span> <span class='ocrx_word' id='word_1_165' title='bbox 620 1823 745 1879; x_wconf 70' lang='lat' dir='ltr'>juvenes</span> <span class='ocrx_word' id='word_1_166' title='bbox 764 1805 891 1881; x_wconf 88' lang='lat' dir='ltr'>robusti,</span> <span class='ocrx_word' id='word_1_167' title='bbox 913 1805 960 1882; x_wconf 91' lang='lat' dir='ltr'>qni</span> <span class='ocrx_word' id='word_1_168' title='bbox 981 1801 1028 1860; x_wconf 89' lang='lat' dir='ltr'>vel</span> <span class='ocrx_word' id='word_1_169' title='bbox 1051 1819 1088 1860; x_wconf 84' lang='lat' dir='ltr'>ex</span> 
     </span>
     <span class='ocr_line' id='line_1_20' title="bbox 98 1885 1118 1962; baseline -0.006 -14"><span class='ocrx_word' id='word_1_170' title='bbox 98 1897 158 1948; x_wconf 87' lang='lat' dir='ltr'>toto</span> <span class='ocrx_word' id='word_1_171' title='bbox 174 1887 299 1948; x_wconf 89' lang='lat' dir='ltr'>carenti</span> <span class='ocrx_word' id='word_1_172' title='bbox 285 1885 385 1962; x_wconf 91' lang='lat' dir='ltr'>febre</span> <span class='ocrx_word' id='word_1_173' title='bbox 400 1887 448 1946; x_wconf 85' lang='lat' dir='ltr'>vel</span> <span class='ocrx_word' id='word_1_174' title='bbox 466 1897 545 1946; x_wconf 90' lang='lat' dir='ltr'>certe</span> <span class='ocrx_word' id='word_1_175' title='bbox 560 1891 628 1946; x_wconf 92' lang='lat' dir='ltr'>satis</span> <span class='ocrx_word' id='word_1_176' title='bbox 645 1888 783 1948; x_wconf 91' lang='lat' dir='ltr'>liberales</span> <span class='ocrx_word' id='word_1_177' title='bbox 797 1889 1024 1948; x_wconf 88' lang='lat' dir='ltr'>intermissiones</span> <span class='ocrx_word' id='word_1_178' title='bbox 1039 1885 1087 1943; x_wconf 90' lang='lat' dir='ltr'>ha·</span> <span class='ocrx_word' id='word_1_179' title='bbox 1116 1911 1118 1914; x_wconf 45' lang='lat'><em>⁴</em></span> 
     </span>
     <span class='ocr_line' id='line_1_21' title="bbox 61 1967 1088 2051; baseline -0.007 -16"><span class='ocrx_word' id='word_1_180' title='bbox 61 1996 89 2036; x_wconf 81' lang='lat' dir='ltr'>ao</span> <span class='ocrx_word' id='word_1_181' title='bbox 99 1972 177 2031; x_wconf 92' lang='lat' dir='ltr'>bent.</span> <span class='ocrx_word' id='word_1_182' title='bbox 189 1971 260 2031; x_wconf 92' lang='lat' dir='ltr'>Nam</span> <span class='ocrx_word' id='word_1_183' title='bbox 273 1987 392 2049; x_wconf 90' lang='lat' dir='ltr'>quorum</span> <span class='ocrx_word' id='word_1_184' title='bbox 406 1971 568 2030; x_wconf 83' lang='lat' dir='ltr'>stomachus</span> <span class='ocrx_word' id='word_1_185' title='bbox 582 1982 795 2051; x_wconf 89' lang='lat' dir='ltr'>corruptusest,</span> <span class='ocrx_word' id='word_1_186' title='bbox 810 1974 894 2049; x_wconf 88' lang='lat' dir='ltr'>quive</span> <span class='ocrx_word' id='word_1_187' title='bbox 908 1989 945 2030; x_wconf 84' lang='lat' dir='ltr'>ex</span> <span class='ocrx_word' id='word_1_188' title='bbox 957 1979 1017 2030; x_wconf 88' lang='lat' dir='ltr'>alra</span> <span class='ocrx_word' id='word_1_189' title='bbox 1029 1967 1088 2029; x_wconf 89' lang='lat' dir='ltr'>bile</span> 
     </span>
     <span class='ocr_line' id='line_1_22' title="bbox 97 2054 1089 2133; baseline -0.003 -19"><span class='ocrx_word' id='word_1_190' title='bbox 97 2056 153 2115; x_wconf 91' lang='lat' dir='ltr'>huc</span> <span class='ocrx_word' id='word_1_191' title='bbox 169 2055 347 2129; x_wconf 91' lang='lat' dir='ltr'>deciderunt,</span> <span class='ocrx_word' id='word_1_192' title='bbox 366 2057 450 2132; x_wconf 91' lang='lat' dir='ltr'>quive</span> <span class='ocrx_word' id='word_1_193' title='bbox 462 2056 564 2114; x_wconf 91' lang='lat' dir='ltr'>malum</span> <span class='ocrx_word' id='word_1_194' title='bbox 580 2060 714 2133; x_wconf 90' lang='lat' dir='ltr'>corporis</span> <span class='ocrx_word' id='word_1_195' title='bbox 728 2055 852 2116; x_wconf 90' lang='lat' dir='ltr'>habitum</span> <span class='ocrx_word' id='word_1_196' title='bbox 864 2055 980 2128; x_wconf 89' lang='lat' dir='ltr'>habent,</span> <span class='ocrx_word' id='word_1_197' title='bbox 993 2054 1089 2113; x_wconf 88' lang='lat' dir='ltr'>idonei</span> 
     </span>
     <span class='ocr_line' id='line_1_23' title="bbox 96 2136 1088 2218; baseline -0.005 -18"><span class='ocrx_word' id='word_1_198' title='bbox 96 2140 162 2200; x_wconf 89' lang='lat' dir='ltr'>huic</span> <span class='ocrx_word' id='word_1_199' title='bbox 182 2140 322 2198; x_wconf 89' lang='lat' dir='ltr'>curationi</span> <span class='ocrx_word' id='word_1_200' title='bbox 343 2155 400 2196; x_wconf 90' lang='lat' dir='ltr'>non</span> <span class='ocrx_word' id='word_1_201' title='bbox 423 2148 495 2197; x_wconf 89' lang='lat' dir='ltr'>sunt.</span> <span class='ocrx_word' id='word_1_202' title='bbox 528 2137 616 2198; x_wconf 86' lang='lat' dir='ltr'>Cibus</span> <span class='ocrx_word' id='word_1_203' title='bbox 632 2149 742 2216; x_wconf 88' lang='lat' dir='ltr'>autem,</span> <span class='ocrx_word' id='word_1_204' title='bbox 768 2158 824 2218; x_wconf 90' lang='lat' dir='ltr'>quo</span> <span class='ocrx_word' id='word_1_205' title='bbox 841 2139 888 2199; x_wconf 94' lang='lat' dir='ltr'>die</span> <span class='ocrx_word' id='word_1_206' title='bbox 905 2141 1023 2218; x_wconf 89' lang='lat' dir='ltr'>primum</span> <span class='ocrx_word' id='word_1_207' title='bbox 1039 2136 1088 2195; x_wconf 92' lang='lat' dir='ltr'>bu·</span> 
     </span>
     <span class='ocr_line' id='line_1_24' title="bbox 97 2222 1088 2301; baseline -0.004 -18"><span class='ocrx_word' id='word_1_208' title='bbox 97 2243 160 2283; x_wconf 93' lang='lat' dir='ltr'>mor</span> <span class='ocrx_word' id='word_1_209' title='bbox 176 2225 297 2282; x_wconf 88' lang='lat' dir='ltr'>emissus</span> <span class='ocrx_word' id='word_1_210' title='bbox 316 2231 375 2296; x_wconf 88' lang='lat' dir='ltr'>est,</span> <span class='ocrx_word' id='word_1_211' title='bbox 393 2241 591 2301; x_wconf 89' lang='lat' dir='ltr'>supervacuus</span> <span class='ocrx_word' id='word_1_212' title='bbox 610 2234 668 2300; x_wconf 90' lang='lat' dir='ltr'>est,</span> <span class='ocrx_word' id='word_1_213' title='bbox 690 2225 744 2284; x_wconf 92' lang='lat' dir='ltr'>nisi</span> <span class='ocrx_word' id='word_1_214' title='bbox 766 2226 789 2283; x_wconf 91' lang='lat' dir='ltr'>si</span> <span class='ocrx_word' id='word_1_215' title='bbox 813 2226 891 2284; x_wconf 88' lang='lat' dir='ltr'>vires</span> <span class='ocrx_word' id='word_1_216' title='bbox 909 2223 1025 2283; x_wconf 88' lang='lat' dir='ltr'>desunt:</span> <span class='ocrx_word' id='word_1_217' title='bbox 1048 2222 1088 2279; x_wconf 91' lang='lat' dir='ltr'>in·</span> 
     </span>
     <span class='ocr_line' id='line_1_25' title="bbox 98 2301 1089 2386; baseline -0.005 -19"><span class='ocrx_word' id='word_1_218' title='bbox 98 2305 284 2386; x_wconf 90' lang='lat' dir='ltr'>sequentibus</span> <span class='ocrx_word' id='word_1_219' title='bbox 307 2304 425 2381; x_wconf 87' lang='lat' dir='ltr'>diebus,</span> <span class='ocrx_word' id='word_1_220' title='bbox 451 2316 479 2365; x_wconf 92' lang='lat' dir='ltr'>et</span> <span class='ocrx_word' id='word_1_221' title='bbox 501 2309 550 2382; x_wconf 86' lang='lat' dir='ltr'>is,¹</span> <span class='ocrx_word' id='word_1_222' title='bbox 566 2318 594 2367; x_wconf 90' lang='lat' dir='ltr'>et</span> <span class='ocrx_word' id='word_1_223' title='bbox 614 2310 708 2367; x_wconf 89' lang='lat' dir='ltr'>vinum</span> <span class='ocrx_word' id='word_1_224' title='bbox 725 2310 867 2368; x_wconf 86' lang='lat' dir='ltr'>meracius</span> <span class='ocrx_word' id='word_1_225' title='bbox 884 2307 1013 2386; x_wconf 91' lang='lat' dir='ltr'>quidem,</span> <span class='ocrx_word' id='word_1_226' title='bbox 1037 2301 1089 2363; x_wconf 91' lang='lat' dir='ltr'>sed</span> 
     </span>
     <span class='ocr_line' id='line_1_26' title="bbox 63 2388 1090 2470; baseline -0.007 -17"><span class='ocrx_word' id='word_1_227' title='bbox 63 2416 88 2454; x_wconf 82' lang='lat' dir='ltr'>aa</span> <span class='ocrx_word' id='word_1_228' title='bbox 99 2410 156 2450; x_wconf 94' lang='lat' dir='ltr'>non</span> <span class='ocrx_word' id='word_1_229' title='bbox 170 2393 208 2450; x_wconf 89' lang='lat' dir='ltr'>ita</span> <span class='ocrx_word' id='word_1_230' title='bbox 221 2390 336 2449; x_wconf 89' lang='lat' dir='ltr'>multum</span> <span class='ocrx_word' id='word_1_231' title='bbox 352 2388 412 2448; x_wconf 93' lang='lat' dir='ltr'>dari</span> <span class='ocrx_word' id='word_1_232' title='bbox 427 2390 528 2466; x_wconf 90' lang='lat' dir='ltr'>debet,</span> <span class='ocrx_word' id='word_1_233' title='bbox 550 2392 741 2470; x_wconf 85' lang='lat' dir='ltr'>paulatimque</span> <span class='ocrx_word' id='word_1_234' title='bbox 757 2392 922 2452; x_wconf 85' lang='lat' dir='ltr'>evocandus</span> <span class='ocrx_word' id='word_1_235' title='bbox 937 2407 1027 2466; x_wconf 86' lang='lat' dir='ltr'>aeger</span> <span class='ocrx_word' id='word_1_236' title='bbox 1045 2397 1090 2447; x_wconf 92' lang='lat' dir='ltr'>est</span> 
     </span>
     <span class='ocr_line' id='line_1_27' title="bbox 98 2474 1088 2551; baseline -0.003 -17"><span class='ocrx_word' id='word_1_237' title='bbox 98 2476 132 2534; x_wconf 90' lang='lat' dir='ltr'>ad</span> <span class='ocrx_word' id='word_1_238' title='bbox 148 2475 387 2548; x_wconf 78' lang='lat' dir='ltr'>exercitationes,</span> <span class='ocrx_word' id='word_1_239' title='bbox 411 2474 575 2548; x_wconf 82' lang='lat' dir='ltr'>frictiones,</span> <span class='ocrx_word' id='word_1_240' title='bbox 598 2477 706 2549; x_wconf 91' lang='lat' dir='ltr'>solem,</span> <span class='ocrx_word' id='word_1_241' title='bbox 724 2476 906 2551; x_wconf 88' lang='lat' dir='ltr'>sudationes,</span> <span class='ocrx_word' id='word_1_242' title='bbox 931 2474 1088 2549; x_wconf 82' lang='lat' dir='ltr'>navigatio·</span> 
     </span>
     <span class='ocr_line' id='line_1_28' title="bbox 97 2555 1119 2638; baseline -0.004 -20"><span class='ocrx_word' id='word_1_243' title='bbox 97 2578 150 2617; x_wconf 89' lang='lat' dir='ltr'>nes</span> <span class='ocrx_word' id='word_1_244' title='bbox 167 2559 222 2638; x_wconf 87' lang='lat' dir='ltr'>(cf.</span> <span class='ocrx_word' id='word_1_245' title='bbox 237 2558 260 2632; x_wconf 96' lang='lat' dir='ltr'>l,</span> <span class='ocrx_word' id='word_1_246' title='bbox 276 2556 309 2623; x_wconf 85' lang='lat'>2;</span> <span class='ocrx_word' id='word_1_247' title='bbox 333 2555 413 2616; x_wconf 82' lang='lat' dir='ltr'>Cael.</span> <span class='ocrx_word' id='word_1_248' title='bbox 429 2558 539 2634; x_wconf 77' lang='lat' dir='ltr'>Aurei,</span> <span class='ocrx_word' id='word_1_249' title='bbox 557 2556 657 2620; x_wconf 83' lang='lat' dir='ltr'>Morb.</span> <span class='ocrx_word' id='word_1_250' title='bbox 675 2559 779 2621; x_wconf 80' lang='lat' dir='ltr'>ebron</span> <span class='ocrx_word' id='word_1_251' title='bbox 796 2558 836 2620; x_wconf 84' lang='grc' dir='ltr'>ΠΙ</span> <span class='ocrx_word' id='word_1_252' title='bbox 838 2558 909 2637; x_wconf 92' lang='grc'>,8)</span> <span class='ocrx_word' id='word_1_253' title='bbox 927 2568 955 2618; x_wconf 91' lang='lat' dir='ltr'>et</span> <span class='ocrx_word' id='word_1_254' title='bbox 969 2557 1089 2616; x_wconf 90' lang='lat' dir='ltr'>idoneos</span> <span class='ocrx_word' id='word_1_255' title='bbox 1117 2563 1119 2567; x_wconf 81' lang='grc'>’</span> 
     </span>
     <span class='ocr_line' id='line_1_29' title="bbox 100 2642 1094 2717; baseline -0.004 -15"><span class='ocrx_word' id='word_1_256' title='bbox 100 2643 196 2717; x_wconf 88' lang='lat' dir='ltr'>cibos,</span> <span class='ocrx_word' id='word_1_257' title='bbox 213 2642 306 2700; x_wconf 88' lang='lat' dir='ltr'>donec</span> <span class='ocrx_word' id='word_1_258' title='bbox 322 2660 358 2699; x_wconf 85' lang='lat' dir='ltr'>ex</span> <span class='ocrx_word' id='word_1_259' title='bbox 373 2651 435 2700; x_wconf 92' lang='lat' dir='ltr'>toto</span> <span class='ocrx_word' id='word_1_260' title='bbox 452 2643 647 2703; x_wconf 88' lang='lat' dir='ltr'>convalescat.</span> <span class='ocrx_word' id='word_1_261' title='bbox 675 2643 811 2703; x_wconf 87' lang='lat' dir='ltr'>Balneum</span> <span class='ocrx_word' id='word_1_262' title='bbox 829 2662 921 2703; x_wconf 88' lang='lat' dir='ltr'>rarum</span> <span class='ocrx_word' id='word_1_263' title='bbox 936 2660 985 2700; x_wconf 90' lang='lat' dir='ltr'>res</span> <span class='ocrx_word' id='word_1_264' title='bbox 1002 2649 1094 2707; x_wconf 89' lang='lat' dir='ltr'>amat;</span> 
     </span>
     <span class='ocr_line' id='line_1_30' title="bbox 100 2726 1089 2803; baseline -0.001 -19"><span class='ocrx_word' id='word_1_265' title='bbox 100 2727 347 2803; x_wconf 88' lang='lat' dir='ltr'>frequentiorem</span> <span class='ocrx_word' id='word_1_266' title='bbox 340 2744 367 2782; x_wconf 91' lang='grc' dir='ltr'>ιιι</span> <span class='ocrx_word' id='word_1_267' title='bbox 380 2726 482 2799; x_wconf 84' lang='lat' dir='ltr'>jeJ&#39;uno</span> <span class='ocrx_word' id='word_1_268' title='bbox 500 2729 641 2786; x_wconf 88' lang='lat' dir='ltr'>vomitum.</span> <span class='ocrx_word' id='word_1_269' title='bbox 672 2730 701 2786; x_wconf 88' lang='lat' dir='ltr'>Si</span> <span class='ocrx_word' id='word_1_270' title='bbox 721 2737 818 2788; x_wconf 90' lang='lat' dir='ltr'>aestas</span> <span class='ocrx_word' id='word_1_271' title='bbox 836 2737 896 2802; x_wconf 87' lang='lat' dir='ltr'>est,</span> <span class='ocrx_word' id='word_1_272' title='bbox 912 2729 939 2784; x_wconf 92' lang='lat' dir='ltr'>in</span> <span class='ocrx_word' id='word_1_273' title='bbox 957 2726 1026 2784; x_wconf 91' lang='lat' dir='ltr'>mari</span> <span class='ocrx_word' id='word_1_274' title='bbox 1042 2742 1089 2783; x_wconf 87' lang='lat' dir='ltr'>na·</span> 
     </span>
     <span class='ocr_line' id='line_1_31' title="bbox 67 2800 1090 2889; baseline -0.006 -17"><span class='ocrx_word' id='word_1_275' title='bbox 67 2820 163 2874; x_wconf 87' lang='lat' dir='ltr'>actare</span> <span class='ocrx_word' id='word_1_276' title='bbox 185 2809 362 2868; x_wconf 90' lang='lat' dir='ltr'>commodum</span> <span class='ocrx_word' id='word_1_277' title='bbox 384 2819 437 2868; x_wconf 91' lang='lat' dir='ltr'>est</span> <span class='ocrx_word' id='word_1_278' title='bbox 465 2811 522 2870; x_wconf 91' lang='lat' dir='ltr'>Ubi</span> <span class='ocrx_word' id='word_1_279' title='bbox 537 2812 681 2870; x_wconf 89' lang='lat' dir='ltr'>convaluit</span> <span class='ocrx_word' id='word_1_280' title='bbox 696 2813 815 2889; x_wconf 91' lang='lat' dir='ltr'>aliquis,</span> <span class='ocrx_word' id='word_1_281' title='bbox 838 2811 884 2870; x_wconf 92' lang='lat' dir='ltr'>diu</span> <span class='ocrx_word' id='word_1_282' title='bbox 904 2820 997 2872; x_wconf 82' lang='lat' dir='ltr'>tanen</span> <span class='ocrx_word' id='word_1_283' title='bbox 1004 2800 1090 2866; x_wconf 91' lang='lat' dir='ltr'>alie-</span> 
     </span>
     <span class='ocr_line' id='line_1_32' title="bbox 99 2894 474 2953; baseline 0 -2"><span class='ocrx_word' id='word_1_284' title='bbox 99 2912 152 2952; x_wconf 92' lang='lat' dir='ltr'>nus</span> <span class='ocrx_word' id='word_1_285' title='bbox 167 2894 194 2951; x_wconf 92' lang='lat' dir='ltr'>ei</span> <span class='ocrx_word' id='word_1_286' title='bbox 206 2896 319 2953; x_wconf 89' lang='lat' dir='ltr'>veneris</span> <span class='ocrx_word' id='word_1_287' title='bbox 335 2912 404 2951; x_wconf 88' lang='lat' dir='ltr'>usus</span> <span class='ocrx_word' id='word_1_288' title='bbox 420 2903 474 2952; x_wconf 90' lang='lat' dir='ltr'>est.</span> 
     </span>
    </p>
   </div>
   <div class='ocr_carea' id='block_1_5' title="bbox 417 3106 775 3190">
    <p class='ocr_par' dir='ltr' id='par_1_6' title="bbox 417 3106 775 3190">
     <span class='ocr_line' id='line_1_33' title="bbox 417 3106 775 3190; baseline -0.006 0"><span class='ocrx_word' id='word_1_289' title='bbox 417 3106 605 3190; x_wconf 75' lang='lat' dir='ltr'>capon</span> <span class='ocrx_word' id='word_1_290' title='bbox 633 3131 775 3188; x_wconf 82' lang='lat' dir='ltr'>xxrr.</span> 
     </span>
    </p>
   </div>
   <div class='ocr_carea' id='block_1_6' title="bbox 385 3245 797 3309">
    <p class='ocr_par' dir='ltr' id='par_1_7' title="bbox 385 3245 797 3309">
     <span class='ocr_line' id='line_1_34' title="bbox 385 3245 797 3309; baseline -0.007 -15"><span class='ocrx_word' id='word_1_291' title='bbox 385 3247 421 3295; x_wconf 88' lang='lat' dir='ltr'>De</span> <span class='ocrx_word' id='word_1_292' title='bbox 444 3247 515 3307; x_wconf 89' lang='lat' dir='ltr'>tabe,</span> <span class='ocrx_word' id='word_1_293' title='bbox 535 3247 639 3308; x_wconf 91' lang='lat' dir='ltr'>ejusque</span> <span class='ocrx_word' id='word_1_294' title='bbox 658 3245 797 3309; x_wconf 88' lang='lat' dir='ltr'>speciebus.</span> 
     </span>
    </p>
   </div>
   <div class='ocr_carea' id='block_1_7' title="bbox 65 3391 1072 3560">
    <p class='ocr_par' dir='ltr' id='par_1_8' title="bbox 65 3391 1072 3560">
     <span class='ocr_line' id='line_1_35' title="bbox 161 3391 1072 3476; baseline -0.008 -20"><span class='ocrx_word' id='word_1_295' title='bbox 161 3397 271 3457; x_wconf 85' lang='lat' dir='ltr'>Diutius</span> <span class='ocrx_word' id='word_1_296' title='bbox 286 3416 377 3475; x_wconf 89' lang='lat' dir='ltr'>saepe</span> <span class='ocrx_word' id='word_1_297' title='bbox 396 3408 425 3457; x_wconf 88' lang='lat' dir='ltr'>et</span> <span class='ocrx_word' id='word_1_298' title='bbox 441 3396 634 3476; x_wconf 90' lang='lat' dir='ltr'>periculosius</span> <span class='ocrx_word' id='word_1_299' title='bbox 648 3392 730 3453; x_wconf 84' lang='lat' dir='ltr'>tabes</span> <span class='ocrx_word' id='word_1_300' title='bbox 747 3411 799 3453; x_wconf 89' lang='lat' dir='ltr'>eos</span> <span class='ocrx_word' id='word_1_301' title='bbox 815 3393 888 3452; x_wconf 92' lang='lat' dir='ltr'>male</span> <span class='ocrx_word' id='word_1_302' title='bbox 903 3391 1000 3466; x_wconf 84' lang='lat' dir='ltr'>babel,</span> <span class='ocrx_word' id='word_1_303' title='bbox 1017 3399 1072 3468; x_wconf 83' lang='lat' dir='ltr'>quo</span> 
     </span>
     <span class='ocr_line' id='line_1_36' title="bbox 65 3476 1072 3560; baseline -0.009 -18"><span class='ocrx_word' id='word_1_304' title='bbox 65 3481 215 3542; x_wconf 81' lang='lat' dir='ltr'>aslnvasit.</span> <span class='ocrx_word' id='word_1_305' title='bbox 247 3481 342 3560; x_wconf 84' lang='lat' dir='ltr'>litque</span> <span class='ocrx_word' id='word_1_306' title='bbox 359 3480 443 3555; x_wconf 90' lang='lat' dir='ltr'>hujus</span> <span class='ocrx_word' id='word_1_307' title='bbox 464 3498 579 3559; x_wconf 91' lang='lat' dir='ltr'>quoque</span> <span class='ocrx_word' id='word_1_308' title='bbox 602 3479 699 3557; x_wconf 91' lang='lat' dir='ltr'>plures</span> <span class='ocrx_word' id='word_1_309' title='bbox 720 3478 835 3555; x_wconf 89' lang='lat' dir='ltr'>species</span> <span class='ocrx_word' id='word_1_310' title='bbox 855 3484 928 3535; x_wconf 88' lang='lat' dir='ltr'>sunt.</span> <span class='ocrx_word' id='word_1_311' title='bbox 958 3476 1021 3535; x_wconf 93' lang='lat' dir='ltr'>Una</span> <span class='ocrx_word' id='word_1_312' title='bbox 1035 3486 1072 3533; x_wconf 70' lang='lat' dir='ltr'>ea</span> 
     </span>
    </p>
   </div>
   <div class='ocr_carea' id='block_1_8' title="bbox 0 0 1221 3924">
    <p class='ocr_par' dir='ltr' id='par_1_9' title="bbox 0 0 1221 3924">
     <span class='ocr_line' id='line_1_37' title="bbox 0 0 1221 3924; baseline 0 0"><span class='ocrx_word' id='word_1_313' title='bbox 0 0 1221 3924; x_wconf 95' lang='lat' dir='ltr'> </span> 
     </span>
    </p>
   </div>
  </div>
 </body>
</html>
