2414 3924
477 223 546 271 εεε.
564 224 602 273 11.
625 223 700 272 oar.
716 225 748 272 v.
1071 213 1110 276 35

111 379 174 454 bis,
193 380 217 437 si
230 387 369 459 tamquam
389 396 425 436 ex
441 377 599 438 furfuribus
618 377 709 438 iactas
724 379 882 439 nubeculas
899 390 1109 458 repraesentat.

113 461 209 522 Diluta
232 477 349 540 qnoque
379 471 465 539 atque
488 460 568 540 alba,
600 463 703 521 vitiosa
727 472 786 539 est,
813 464 913 523 sedin
934 464 1111 542 phreneticis

112 546 233 606 maxime
252 541 347 624 (Aplt.
360 544 418 622 Ν,
431 545 486 613 72;
507 544 601 607 Coae.
615 542 691 614 5683
709 546 746 607 ci.
761 545 873 626 Proqu.
887 548 908 623 ς
922 547 987 625 12).
1020 547 1111 607 ΑΙνεε

111 638 206 691 sutem
219 627 294 688 mala
309 637 371 703 est,
396 648 433 688 ex
448 638 510 688 toto
533 648 706 709 suppressa:
727 631 894 708 periculosa
910 633 1011 708 etiam,
1036 649 1111 711 quae

87 715 185 774 slnter
204 711 305 772 iebres
321 712 412 773 duens
433 716 645 792 conquiescere
665 714 808 775 bominem
822 715 850 773 in
866 715 951 775 cubili
968 732 1024 774 uon
1040 718 1110 793 pati-

110 808 170 867 tur;
188 797 287 874 ntique
304 797 421 875 siquod
437 797 601 873 descendit,
623 808 668 857 est
682 799 892 878 perliquidum,
910 809 957 858 aut
974 798 1110 876 albidum,

111 891 158 942 aut
173 880 328 960 pallidum,
345 891 393 940 aut
407 899 552 957 spumans.
583 881 703 942 Praeter
720 883 794 943 baec
809 882 970 961 periculum
986 884 1112 943 ostendit

111 966 156 1041 id,
173 963 251 1044 quod
267 967 446 1041 excernitur,
463 967 486 1024 si
503 975 548 1025 est
566 967 714 1043 exiguum,
735 968 926 1045 glutinosum,
944 967 1045 1039 laeve,
1069 967 1110 1026 al-

112 1050 197 1124 bum,
219 1047 352 1128 idemque
370 1049 573 1129 subpallidum:
589 1050 636 1108 vel
652 1051 676 1109 si
693 1060 738 1111 est
755 1059 803 1110 aut
818 1050 949 1125 lividum,
966 1060 1013 1110 aut
1028 1050 1110 1111 bilio-

78 1151 103 1190 ιε
113 1152 191 1209 sum,
205 1139 253 1192 aut
265 1142 428 1208 cruentum,
445 1142 493 1192 aut
504 1134 615 1213 pejoris
629 1135 728 1194 odoris
741 1153 824 1214 quam
837 1153 874 1194 ex
891 1135 1109 1194 consuetudine.

113 1216 220 1278 illalum
236 1225 281 1276 est
296 1219 395 1291 etism,
420 1217 497 1295 quod
512 1227 580 1296 post
601 1218 702 1295 longas
718 1218 816 1278 febres
831 1221 974 1278 sincerum
993 1227 1038 1278 εει
1055 1217 1109 1296 (cl.

113 1300 262 1380 Proqu.§
282 1302 344 1380 11).

491 1495 675 1557 OAPUT
702 1499 740 1557 V.

450 1609 487 1660 De
500 1611 583 1676 signis
596 1611 667 1675 longi
681 1610 769 1660 morbi.

80 1777 104 1816 rs
176 1762 246 1822 Post
260 1760 333 1820 baec
344 1761 448 1822 indicis
464 1770 560 1821 votum
577 1771 621 1821 εει
634 1762 751 1837 longum
765 1760 894 1819 morbum
911 1761 989 1820 lieri:
1009 1761 1060 1820 sed
1080 1768 1111 1819 et

114 1862 239 1905 necesse
259 1852 318 1920 est,
343 1845 397 1904 nisi
420 1846 536 1905 occidit.
571 1844 673 1922 Neque
695 1845 772 1904 vitae
788 1844 842 1903 alia
863 1861 931 1921 spes
954 1846 980 1902 in
1000 1845 1109 1920 magnis

114 1928 197 1988 malis
216 1936 276 2004 est,
295 1945 378 2006 quam
393 1938 423 1988 ut
440 1930 575 2007 impetum
589 1929 681 1988 morbi
697 1927 836 1987 trahendo
857 1927 959 2006 aliquis
980 1927 1109 2004 effugiat,

116 2012 337 2090 porrigaturque
360 2014 388 2071 in
409 2014 436 2073 id
460 2022 588 2090 tempus,
613 2012 689 2089 quod
705 2012 843 2071 curationi
860 2011 954 2070 locum
969 2019 1108 2089 praestet.

115 2096 246 2156 Protinus
262 2104 355 2156 tamen
373 2100 452 2174 signa
471 2098 610 2174 quaedam
625 2105 699 2171 sunt,
717 2114 754 2154 ex
772 2095 874 2173 quibus
887 2095 1029 2171 colligere
1042 2111 1108 2172 pos-

77 2201 104 2240 co
115 2181 220 2253 simus,
237 2178 381 2255 morbum,
399 2183 452 2239 etsi
472 2199 528 2241 non
543 2182 736 2254 interemerit,
760 2180 873 2257 longius
887 2188 981 2238 tamen
996 2189 1109 2257 tempus

115 2264 290 2324 habiturum:
312 2263 360 2322 ubi
380 2264 500 2341 frigidus
522 2265 609 2325 sudor
630 2266 703 2324 inter
724 2263 822 2324 iebres
842 2280 899 2323 non
917 2273 1016 2323 acutas
1032 2265 1109 2322 circa

114 2358 200 2426 eaput
215 2356 321 2407 tantum
336 2357 365 2406 et
374 2350 506 2407 cervices
519 2350 616 2417 oritur;
634 2359 680 2408 εει
692 2348 752 2423 ubi,
762 2347 845 2407 febre
857 2365 914 2406 non
927 2348 1107 2426 quiescente,

114 2449 221 2509 corpus
242 2431 355 2490 insudat
377 2432 430 2509 (cl.
448 2430 527 2511 Aple.
553 2433 609 2505 IV,
633 2433 689 2499 56:
717 2429 811 2493 Coae.
836 2429 912 2499 562;
934 2431 971 2490 ci.
993 2429 1107 2510 Proqo.

113 2516 204 2593 §6);
230 2516 340 2575 rutubi
356 2534 462 2594 corpus
482 2517 568 2576 modo
590 2516 738 2591 frigidum,
760 2515 844 2575 modo
861 2515 981 2576 calidum
998 2524 1059 2589 εει,
1080 2523 1109 2572 ot

77 2601 197 2661 recolor
219 2599 291 2658 alius
316 2619 352 2659 ex
374 2600 430 2660 alio
455 2601 486 2660 lit
507 2598 600 2679 (Aple.
618 2599 673 2676 Ν,
695 2601 768 2677 40);
790 2609 836 2658 εει
855 2599 913 2674 ubi,
938 2599 1013 2678 quod
1036 2599 1110 2656 inter

114 2684 213 2744 lebres
234 2683 329 2761 aliqua
353 2694 435 2762 parte
451 2685 603 2759 abscessit,
622 2685 657 2744 ad
669 2686 816 2744 sanitatem
835 2701 891 2743 non
906 2684 1040 2762 pervenit
1052 2680 1107 2762 (cl.

113 2765 193 2844 Apu.
213 2767 267 2842 Ν,
289 2767 362 2845 51);
384 2778 431 2827 εει
452 2768 499 2826 ubi
521 2787 610 2844 aeger
632 2786 684 2846 pro
707 2770 800 2847 spatio
823 2786 921 2846 parum
938 2765 1110 2826 emacrescit

114 2851 169 2932 (cl.
189 2846 267 2927 Apu.
282 2849 320 2928 ΙΙ,
339 2851 411 2930 28):
434 2854 517 2927 item,
537 2853 560 2909 si
580 2853 659 2910 urina
682 2851 767 2911 modo
792 2852 897 2929 liquida
916 2861 944 2909 et
962 2868 1030 2928 pura
1052 2857 1108 2922 εει,

113 2934 199 2994 modo
211 2935 298 2996 babet
311 2936 452 3012 quaedam
463 2935 654 3001 subsidentia;
669 2937 693 2993 si
702 2935 796 2994 laevia
808 2945 893 3010 atque
906 2934 971 2993 alba
983 2933 1109 2991 rubrave

77 3029 194 3095 εοεεει,
218 3021 342 3100 quaein
365 3039 400 3080 ea
425 3019 587 3083 subsidunt:
611 3028 657 3076 εει
678 3021 701 3076 si
726 3019 863 3096 quasdam
886 3019 967 3095 quasi
990 3015 1108 3073 miculos

112 3113 329 3181 repraesentat;
356 3113 402 3163 aut
424 3105 447 3163 si
463 3102 588 3162 bullulas
602 3103 707 3161 excitat
723 3101 777 3178 (cl.
794 3100 905 3178 Proqu.
922 3101 943 3174 ᾗ
963 3097 1025 3173 12).
