2414 3924
425 189 756 265 1-22-

141 336 247 399 Graeci
273 335 386 415 lepidas
412 345 527 397 vocant.
568 335 647 397 rrnde
676 352 784 394 nomen
810 351 827 392 a
850 332 973 394 Graecis
1002 333 1086 414 lepra
1109 353 1156 397 ac-

141 428 228 505 cepit.
270 433 389 486 creatur
412 443 454 486 ex·
471 423 684 486 melancholico
707 422 846 504 humore,
868 431 900 484 et
922 431 968 483 est
991 425 1156 485 curationis

140 513 278 575 difficilis.

231 601 286 662 alia
313 620 383 662 vero
411 604 543 663 nascitur
569 600 694 682 simplex
722 600 847 662 veniens'
871 619 908 662 ex
935 600 1061 662 humore
1095 603 1157 663 acri

114 691 186 752 ovet
205 691 290 751 salso.
327 699 357 751 et
380 698 503 750 curatur
522 690 737 750 medicamento
757 688 890 750 scabioso
913 689 991 768 quod
1014 692 1156 770 psoricon

140 781 263 860 dicitur,
287 787 317 840 et
340 779 498 839 conficitur
521 780 573 839 sic.
610 777 762 857 sulphuris
785 779 843 838 vivi
866 777 1049 860 ÷1etS,
1079 781 1155 860 picis

140 870 237 930 siccae
260 879 295 929 ÷
323 866 363 948 ΙΙ,
393 885 479 929 cerae
502 865 613 948 4111,
642 866 765 946 squillae
800 866 891 927 medii
918 879 952 929 ÷
980 865 1007 926 ll
1035 875 1065 928 et
1099 867 1156 930 olci

139 955 246 1018 libram
268 955 294 1018 l:
317 957 486 1017 minutatim
508 955 622 1016 incides
650 955 786 1033 squillam
810 963 841 1014 et
867 955 959 1033 trigas
981 957 1011 1015 in
1036 954 1103 1016 oleo
1126 966 1157 1017 et

139 1045 267 1126 liquabis
290 1045 389 1106 oleum
412 1051 443 1105 et
470 1045 675 1124 supermittes,
704 1052 735 1104 et
757 1042 889 1104 resolves
918 1061 993 1122 quae
1016 1043 1157 1105 solvenda

100 1148 126 1188 10
139 1143 224 1216 sunt,
252 1141 283 1195 et
308 1142 467 1213 postquam
489 1133 601 1195 luerint
622 1131 754 1193 resoluta
776 1130 812 1191 ab
840 1133 908 1210 igne
933 1130 1020 1193 tolles
1043 1141 1074 1192 et
1097 1131 1155 1193 sul·

138 1223 218 1302 phur
254 1222 290 1282 ad
327 1221 461 1283 ultimam
498 1223 674 1283 tenuitatem
706 1222 810 1282 tritum
843 1238 1089 1302 superasperges,
1127 1229 1156 1281 et

139 1309 272 1370 movebis
296 1311 391 1371 donec
414 1310 596 1389 coaguletur.

228 1398 307 1459 aliud
343 1401 484 1478 psoricon
520 1398 712 1478 emplastrum
745 1399 857 1459 iaciens
889 1397 925 1459 ad
957 1396 1088 1459 scabiem
1126 1403 1157 1459 et

138 1485 259 1566 lepram.
297 1487 395 1548 salicis
418 1489 538 1565 corticis
562 1486 710 1548 combusti
731 1492 762 1547 et
784 1486 842 1547 olei
865 1488 980 1548 rosacei
1003 1501 1037 1548 ÷
1060 1485 1157 1566 binas,

100 1590 225 1636 lacerae
254 1585 284 1636 et
312 1578 462 1654 aeruginis
490 1594 574 1637 rasae
598 1588 632 1638 ÷
658 1574 802 1654 singulas:
835 1575 931 1636 solves
959 1593 1059 1635 ceram
1087 1593 1156 1636 oum

139 1663 204 1724 oleo
227 1682 359 1745 rosaceo,
384 1667 563 1726 cerotarium
586 1665 675 1726 siccis
695 1666 847 1743 praetritis
866 1663 1043 1724 admiscebis
1063 1671 1093 1723 et
1110 1665 1158 1724 in·‘

139 1751 231 1813 duces
254 1755 284 1813 in
307 1751 462 1813 linteolum
485 1761 515 1813 et
538 1771 682 1833 appones,
710 1761 740 1813 et
768 1762 837 1832 post
860 1754 983 1814 tertium
1006 1751 1086 1812 diem
1108 1769 1154 1811 re·

138 1840 235 1902 solves
257 1849 288 1901 et
311 1840 560 1902 medicamentum
586 1842 704 1903 auleres
733 1847 764 1901 et
790 1858 922 1922 appones
945 1838 1095 1919 polentam
1118 1858 1154 1899 ex

138 1937 222 1991 aceto
250 1937 365 1992 coctam
392 1939 423 1991 et
449 1929 608 2009 diligenter
634 1931 748 2011 tritam,
776 1937 807 1990 et
834 1931 897 2009 ipsa
924 1931 1018 1990 uteris
1048 1927 1154 1989 diebus

99 2034 125 2076 ao
138 2018 247 2100 tribua,
283 2026 315 2080 et
346 2021 456 2080 iterum
483 2026 552 2099 post
580 2018 731 2098 polentam
763 2017 967 2099 supradictum
998 2016 1155 2077 inductum

35 2185 37 2189 y
138 2124 277 2185 appones.
314 2107 439 2168 ethaeo
463 2108 553 2167 iacies
576 2125 672 2185 usque
696 2105 733 2167 ad
755 2108 919 2186 perfectam
944 2107 1108 2166 sanitatem.

208 2315 225 2363 2
249 2311 279 2364 61
302 2312 345 2365 est
363 2310 515 2365 curationis
538 2310 663 2366 difficilis
681 2329 708 2368 c:
733 2314 844 2366 etcum
863 2313 898 2382 (ὅ)
916 2309 1062 2366 curatione
1081 2309 1153 2364 diffi-

139 2380 185 2435 cili
199 2396 230 2449 ρ.
303 2386 403 2436 tacto
422 2397 444 2436 c.
525 2381 690 2452 osporicon
703 2398 749 2452 pc.
840 2388 888 2439 cet.
907 2383 943 2449 cf.
962 2382 1030 2438 Octo.
1049 2380 1089 2450 V,
1108 2386 1153 2449 28,

140 2457 179 2505 16.
255 2452 505 2523 6÷:⁷,-c,†p.
577 2453 695 2523 picia—
711 2457 748 2522 (7)
764 2457 793 2508 61
806 2470 856 2510 orn.
866 2471 897 2523 p.
970 2452 1154 2521 aliquasque.

138 2523 231 2576 oleum
249 2539 278 2577 c:
306 2539 356 2578 om.
371 2541 402 2594 p.
492 2526 614 2582 resolves
637 2541 664 2581 c:
689 2524 774 2580 solvis
792 2541 823 2594 p.
921 2530 954 2578 10
976 2525 1101 2579 resoluta
1118 2540 1153 2592 p:

138 2593 229 2647 soluta
249 2611 271 2648 e.
345 2602 377 2649 11
397 2596 523 2665 aspergis
537 2613 567 2667 p.
648 2601 681 2650 12
700 2611 794 2650 moves
808 2613 852 2665 pc.
944 2596 1108 2664 coaguletur
1126 2611 1154 2648 c:

137 2665 320 2733 coagolentur
333 2682 365 2735 p.
474 2673 506 2722 13
530 2667 660 2737 aporicon
673 2683 712 2736 pc
734 2667 790 2736 (sed
803 2673 839 2736 1⁹⁰
861 2665 1010 2735 psoricon).
1097 2682 1154 2719 em-

135 2735 294 2803 plaustrum
307 2753 338 2807 p.
375 2738 410 2804 ef.
425 2739 502 2808 empi.
520 2740 558 2794 ud
576 2740 679 2808 lepram
697 2739 774 2806 apud
785 2737 831 2792 Pa
849 2738 925 2792 Pila.
940 2737 961 2803 f.
976 2735 1036 2792 791’.
1120 2741 1154 2790 14

137 2806 287 2862 combusta
307 2810 372 2864 -16
391 2826 431 2878 cp.
523 2811 552 2866 61
568 2811 636 2877 (bra)
653 2825 703 2864 om.
718 2824 749 2877 p.
834 2825 874 2863 ro.
889 2825 920 2877 p,
939 2806 1013 2862 rosei
1031 2823 1053 2860 o.
1130 2808 1154 2875 ²,-

136 2876 260 2932 binuso:
290 2881 470 2950 ari.†IIp.
564 2886 596 2934 15
616 2885 660 2936 air.
680 2883 707 2946 ἢ
725 2879 738 2932 Ι
751 2896 783 2948 p.
874 2884 908 2933 16
926 2895 965 2933 ro.
981 2893 1112 2948 proauo
1131 2895 1153 2934 c.

137 2947 217 3028 siccis
244 2965 271 3002 e:
298 2949 368 3004 facia
392 2968 423 3020 p.
514 2950 655 3022 preteritis
679 2949 853 3021 (pt*1t1a)pc.
944 2948 1082 3004 admisces
1106 2966 1152 3019 pc.

135 3017 245 3072 inducis
258 3036 305 3088 pc.
397 3028 429 3077 1⁷
448 3021 616 3078 lintheolum
634 3039 661 3078 c:
686 3021 806 3088 lacteolo
819 3037 851 3090 p.
942 3021 973 3074 61
988 3019 1112 3076 resolves
1130 3038 1153 3076 o.

138 3095 170 3144 18
195 3090 302 3145 auferes
322 3109 348 3148 c:
375 3091 473 3148 afferes
488 3111 518 3163 p.
610 3096 640 3149 61
661 3109 787 3163 appones
810 3108 837 3146 c:
866 3091 941 3159 quod
960 3092 1001 3160 (q)
1018 3106 1107 3160 pones
1121 3108 1153 3160 p.

134 3160 279 3228 polentam
299 3162 431 3228 (larinum
453 3165 639 3220 hordeaceam
662 3181 696 3220 ex
714 3165 794 3218 aceto
812 3161 901 3218 Scrib.
921 3161 1006 3233 Lorp.
1026 3178 1049 3217 c.
1068 3166 1153 3231 252):

134 3231 283 3298 polenium
302 3251 327 3302 e,
353 3236 551 3307 zoppolentum
564 3252 595 3306 p.
680 3252 713 3291 ex
728 3251 755 3289 o:
773 3233 843 3302 inp.
935 3239 969 3287 19
989 3235 1153 3288 coctum...

135 3301 276 3357 tritum..
293 3301 433 3376 .ipsope.
538 3313 573 3362 20
592 3310 621 3362 61
638 3306 741 3362 iberum
759 3305 906 3374 polenium
920 3321 952 3374 p,
972 3306 1068 3359 catera
1087 3307 1154 3373 post

135 3371 282 3439 putantum
300 3392 321 3432 c.
403 3377 551 3433 inductum
569 3394 618 3434 om.
634 3395 664 3447 p.
738 3382 771 3430 21
790 3375 878 3431 facies
896 3391 926 3431 c:
945 3375 1015 3430 iacis
1035 3375 1099 3445 (icis
1118 3400 1153 3421 ει

134 3441 218 3497 factis
237 3449 301 3501 6616
318 3448 399 3516 corr.)
414 3464 445 3517 p.
