2414 3924
456 223 796 275 presumendum.
1088 218 1125 279 11

124 376 260 441 dieinalis
270 394 319 441 ars
329 378 436 457 recipit
447 377 502 455 (ci.
510 375 548 452 11,
562 377 681 455 10;111‚
695 381 741 459 l),
755 379 829 441 idem
841 390 916 459 sunt,
928 383 1007 460 quod
1016 384 1046 460 ii,
1054 402 1128 464 qnos

123 462 326 543 experimenta
337 460 401 523 sola
416 462 570 522 sustinent:
592 479 630 522 eo
640 465 751 541 magis,
763 466 907 542 qnoniam,
920 470 1127 546 compresserit

124 544 388 627 aliquemmcrbus,
400 544 559 620 anfnderit‚
567 545 688 624 quilibet
699 548 783 607 etiam
796 549 1024 626 imperitissimus
1032 551 1125 612 ridet:
1179 592 1183 599 .

122 628 192 710 quid
208 637 305 705 autem
320 645 520 706 compressum
534 644 641 707 corpus
653 629 793 708 resolvat,
806 631 873 710 quid
885 632 1009 693 solutum
1018 642 1125 710 teneat,

98 715 148 775 ssi
163 713 307 774 aratione
321 720 443 773 tractum
461 720 516 789 est,
531 712 680 775 rationalis
691 713 890 785 estmedicus;
906 717 942 793 si,
954 726 984 777 ut
994 719 1022 778 ei
1031 720 1080 796 qui
1092 736 1125 779 se

122 796 295 857 rationalem
314 803 417 874 negat,
434 796 566 855 confiteri
579 814 704 859 necesse
719 807 776 876 cst,
798 798 833 859 ab
850 801 1045 879 experientia,
1067 820 1124 861 em·

121 880 244 961 pirieus.
275 879 319 940 lta
332 878 409 959 apnd
424 896 488 940 eum
504 879 597 939 morbi
612 882 741 959 cognitio
761 893 844 944 extra
859 892 965 961 artem,
982 882 1124 945 medicina

121 965 197 1024 intra
212 980 293 1023 usum
309 973 363 1023 est.
395 961 498 1042 Neque
513 963 656 1039 adjectum
672 965 825 1047 quidquam
839 969 1041 1047 empiricorum
1057 984 1123 1048 pro-

121 1047 255 1124 fessioni,
272 1046 324 1107 sed
340 1046 463 1107 demtum
481 1055 541 1116 est;
562 1049 696 1126 qnoniam
717 1049 758 1110 illi
773 1051 860 1111 multa
882 1053 1122 1131 circumspiciunt,

85 1130 442 1207 sternutamentum,
466 1139 497 1191 et
513 1148 570 1191 non
593 1131 672 1210 plus,
691 1150 776 1211 qnam
796 1135 944 1214 vulgaria;
968 1154 1033 1197 nam
1048 1144 1077 1196 et
1091 1137 1123 1213 ii,

121 1215 172 1294 qui
187 1213 345 1293 pecoribus
360 1232 396 1276 ac
410 1215 544 1274 iumentis
563 1215 729 1294 medentur,
745 1236 831 1297 quum
847 1221 966 1299 propria
983 1221 1123 1299 cujusque

122 1316 162 1359 ex
176 1299 261 1359 mutis
277 1297 447 1359 animalibus
462 1315 551 1358 nosse
567 1316 624 1359 non
644 1303 771 1380 possint,
794 1304 989 1365 communibus
1003 1312 1122 1365 tantum·

120 1380 209 1441 modo
224 1383 370 1450 insistunt;
387 1391 418 1442 et
436 1391 556 1442 exterae
570 1393 692 1462 gentes,
709 1403 794 1464 quum
811 1385 944 1448 subtilem
962 1388 1122 1449 medicinae

120 1467 264 1526 rationem
279 1482 336 1527 non
352 1467 495 1542 noverint,
512 1469 671 1528 communia
692 1477 799 1529 tantum
817 1470 930 1541 vident;
952 1482 982 1532 et
1001 1472 1050 1551 qui
1064 1490 1121 1532 am·

68 1548 170 1629 ‘tepla
188 1548 394 1610 valetudinaria
410 1551 551 1626 nutriunt,
569 1553 634 1629 qnia
655 1552 776 1629 singulis
798 1571 905 1614 summa
929 1573 997 1616 cura
1020 1572 1121 1615 consu·

120 1632 184 1693 lere
200 1650 258 1693 uon
270 1634 419 1711 sustinent,
436 1633 471 1693 ad
488 1635 646 1694 communia
660 1637 714 1695 ista
727 1637 905 1714 confugiunt.
928 1637 1042 1716 Neque,
1056 1638 1120 1698 ber·

120 1716 219 1793 eules,
237 1716 312 1777 istud
331 1718 439 1795 antiqui
457 1717 562 1778 medici
583 1720 765 1795 nescierunt,
787 1719 839 1780 sed
853 1719 898 1780 bis
915 1723 1042 1781 contenti
1063 1738 1121 1781 non

119 1799 244 1860 fuerunt.
267 1799 348 1878 Ergo
361 1804 445 1860 etiam
456 1802 666 1861 vetustissimus
684 1803 990 1881 auctorllippocrates
1008 1801 1118 1882 (lipsa.

119 1883 144 1960 l,
158 1892 230 1944 sect.
247 1884 277 1962 3,
292 1884 314 1960 §
331 1884 387 1962 10)
403 1885 486 1961 dixit,
502 1885 610 1945 mederi
629 1894 767 1964 oportere
787 1895 816 1947 et
832 1887 990 1946 communia
1006 1894 1035 1946 et
1052 1903 1119 1965 pro·

83 1981 110 2021 ao
122 1969 184 2048 pria
196 1968 360 2029 intuentem.
373 1968 418 2029 Ac
429 1986 465 2028 ne
477 1970 523 2029 isti
537 1970 650 2048 quidem
662 1971 717 2047 ipsi
730 1971 803 2031 intra
816 1988 895 2030 suam
907 1969 1119 2048 professionem

120 2053 282 2112 consistere
299 2052 458 2113 ullomodo
475 2063 609 2133 possunt:
633 2053 772 2132 siquidem
790 2064 819 2114 et
842 2070 1074 2132 compressorum
1091 2062 1119 2113 ct

120 2136 265 2195 fluentium
279 2136 445 2197 morborum
459 2155 569 2214 genera
588 2138 701 2198 diversa
716 2147 794 2208 sunt;
810 2137 982 2216 faciliusque
994 2136 1022 2196 id
1033 2138 1061 2196 iu
1072 2138 1117 2211 iis,

121 2236 194 2298 quae
210 2220 308 2296 fluunt,
323 2221 425 2300 inspici
442 2230 549 2300 potest.
579 2221 665 2282 Aliud
687 2232 731 2282 est
744 2225 819 2282 enim
836 2224 1020 2299 sanguinem,
1043 2219 1118 2280 aliud

120 2302 218 2381 bilem,
235 2304 310 2364 aliud
326 2304 417 2364 cibum
435 2322 568 2374 vomerc;
590 2306 665 2366 aliud
679 2307 905 2384 dejectionibus,
924 2305 999 2366 aliud
1021 2305 1116 2365 tormi-

83 2404 111 2447 ss
121 2386 205 2447 nibus
219 2387 368 2458 laborare;
386 2388 463 2449 alind
478 2388 584 2449 sudore
603 2390 705 2468 digeri,
726 2390 802 2451 aliud
820 2391 886 2452 tabe
899 2390 1037 2451 consumi.
1065 2389 1116 2449 At·

121 2473 219 2550 quein
235 2480 334 2550 partes
351 2490 466 2551 quoque
482 2473 583 2533 humor
597 2476 729 2552 erumpit,
747 2485 776 2534 ut
788 2476 816 2535 in
827 2475 943 2551 oculos,
958 2489 1115 2551 auresque:

120 2572 177 2633 quo
197 2556 329 2633 periculo
346 2556 452 2616 nullum
469 2556 619 2617 bumannm
633 2557 789 2619 membrum
806 2568 899 2619 vacat.
930 2557 1007 2618 Nihil
1023 2566 1116 2617 antem

120 2638 221 2699 horum
237 2641 296 2716 sio,
319 2650 349 2699 ut
365 2639 454 2716 alind,
480 2649 602 2701 curatur.
632 2641 674 2702 lta
689 2645 819 2722 protinus
841 2645 869 2703 in
883 2641 927 2702 bis
943 2659 959 2702 a
975 2641 1115 2702 communi

121 2722 233 2782 liuentis
248 2722 342 2784 morbi
358 2725 602 2804 contemplatione
624 2725 659 2786 ad
674 2728 821 2805 propriam
841 2726 982 2786 medicina
994 2723 1114 2786 descen·

85 2821 111 2862 so
121 2805 169 2865 dit.
194 2806 290 2885 Atque
302 2811 331 2866 in
345 2807 399 2867 hac
411 2825 528 2887 quoqne
539 2828 637 2868 rursus
648 2810 704 2870 alia
716 2811 902 2890 proprietatis
913 2811 1012 2870 notitia
1024 2824 1114 2885 saepe

120 2892 285 2950 necessaria
302 2899 361 2960 est;
381 2895 518 2970 quianon
534 2893 634 2952 eadem
651 2894 797 2971 omnibus,
820 2897 904 2954 etiam
925 2896 953 2953 in
976 2890 1115 2952 similibus

120 2972 245 3051 casibus,
263 2974 452 3053 opitulantur:
470 2977 609 3055 siquidem
627 2986 725 3037 certae
740 2977 878 3057 quaedam
890 2995 938 3037 res
951 2985 1026 3051 sunt,
1041 2992 1114 3053 quae

118 3059 147 3116 in
164 3057 293 3135 pluribus
313 3067 443 3118 ventrem
458 3069 506 3120 aut
522 3060 711 3138 adstringunt,
729 3071 777 3122 aut
787 3060 951 3128 resolvunt;
967 3060 1113 3118 inveniun-

119 3151 163 3200 tur
179 3150 283 3219 tamen,
298 3143 326 3201 in
341 3143 443 3221 quibus
461 3144 558 3221 aliter,
578 3154 663 3223 atque
685 3147 714 3203 in
737 3147 861 3220 ceteris,
883 3143 911 3202 id
928 3141 1050 3202 eveniat.
1082 3138 1113 3197 ln

83 3225 162 3283 achis
178 3243 251 3303 ergo
267 3228 455 3287 communium
471 3229 613 3306 inspectio
630 3228 772 3287 contraria
787 3236 841 3302 est,
855 3226 1038 3305 propriorum
1054 3231 1113 3281 tan-

118 3317 175 3367 tum
191 3311 334 3369 salutaris.
370 3310 407 3370 Et
427 3329 533 3372 causae
555 3328 670 3390 quoque
692 3310 851 3370 aestimatio
873 3326 963 3387 saepe
985 3304 1113 3366 morbum
1172 3379 1178 3387 η

118 3391 216 3453 solvit.
249 3393 331 3472 llrgo
351 3397 436 3455 etiam
458 3396 707 3472 ingeniosissimus
735 3393 843 3453 saeculi
862 3393 952 3453 nostri
977 3389 1113 3468 medicus,

121 3494 205 3553 quern
220 3495 313 3556 nuper
328 3477 459 3555 vidimus,
476 3479 603 3556 Cassius,
624 3476 797 3538 febricitanti
818 3476 944 3554 cuidam,
964 3485 993 3536 et
1012 3492 1114 3551 magna
