2414 3924
138 225 158 287 6
438 233 471 279 Δ.
484 232 515 282 (l.
529 232 628 281 eichst
639 232 835 282 memoriosis

139 408 238 466 causa,
253 389 342 449 multo
359 392 451 449 minus
467 407 529 449 eam
547 406 636 467 posse
653 387 816 465 subjicere,
838 406 912 467 quae
935 390 963 447 in
980 388 1067 448 dubio
1086 400 1141 448 est.

138 474 230 550 Quum
248 474 336 551 igitur
353 473 403 533 illa
418 474 538 549 incerta,
560 471 862 551 incomprehensibilis
877 474 930 548 sit,
953 491 969 532 a
986 473 1075 532 certis
1089 491 1142 552 po·

137 561 193 618 tius
208 567 237 618 et
256 557 419 636 exploratis
434 558 590 636 petendum
604 575 671 616 esse
684 556 872 635 praesidium;
894 557 986 634 idest,
1002 558 1048 634 iis,
1066 574 1142 634 qnae

137 644 319 720 experientia
341 644 371 702 in
393 643 463 720 ipsis
487 640 682 701 curationibus
706 639 852 710 docuerit;
882 643 957 701 sicut
979 643 1007 700 in
1034 643 1142 701 ceteris

137 725 269 786 omnibus
292 725 416 795 artibus;
438 743 502 785 nam
523 743 559 784 nc
580 724 741 802 agricolam
762 723 875 803 quidem
896 735 944 786 aut
965 723 1164 802 gubcmato·⁵

136 830 197 870 rem
211 810 424 888 disputatione,
449 808 500 869 sed
520 827 573 868 usu
594 810 666 869 lieri.
699 809 745 869 Ac
764 809 833 869 nihil
852 811 924 869 istas
947 811 1141 887 cogitationes

137 894 173 955 ad
190 894 361 954 medicinam
377 894 541 972 pertinere,
558 910 593 952 eo
611 910 729 972 quoque
746 893 833 969 disci,
856 892 933 972 quod
955 896 1003 973 qui
1024 893 1140 954 diversa

136 979 172 1040 de
188 978 234 1038 his
249 979 408 1054 senserint,
434 977 470 1037 ad
493 976 622 1037 eamdem
643 987 736 1037 tamen
758 980 908 1037 sanitatem
927 977 1057 1038 homines
1074 996 1140 1056 per·

136 1063 279 1124 duxerint.
312 1062 345 1122 ld
361 1063 435 1122 enim
451 1062 575 1138 iecisse,
594 1064 658 1139 quia
674 1080 731 1122 non
745 1062 781 1121 ab
797 1061 931 1122 obscuris
956 1063 1068 1137 causis,
1091 1080 1139 1121 ne·

137 1166 193 1227 que
214 1166 230 1206 a
246 1146 423 1207 naturalibus
442 1145 618 1222 actionibus,
637 1164 711 1225 quae
728 1146 802 1226 apud
822 1163 875 1205 eos
893 1146 1028 1206 diversae
1047 1156 1175 1222 erant,ro

136 1231 188 1291 scd
210 1232 246 1292 ab
269 1231 490 1308 experimentis,
519 1239 605 1308 prout
627 1232 730 1308 cuique
750 1231 980 1308 responderant,
1007 1229 1140 1290 medendi

135 1317 199 1375 vias
214 1315 365 1374 traxerint.
400 1314 446 1374 Ne
464 1315 540 1374 inter
557 1315 636 1374 initia
659 1314 772 1393 quidem
794 1314 829 1375 ab
845 1315 907 1375 istis
922 1312 1140 1393 quaestionibus

136 1397 287 1458 deductam
303 1416 370 1458 esse
386 1398 569 1475 medicinam,
589 1398 642 1458 sed
664 1398 700 1458 ab
723 1400 939 1476 experimentis.
976 1399 1139 1476 Aegrorum

137 1485 223 1559 enim,
242 1482 290 1561 qui
308 1485 371 1543 sine
386 1482 508 1543 medicis
522 1492 615 1560 erant,
635 1482 709 1543 alios
724 1492 846 1563 propter
861 1482 1025 1543 aviditatem
1039 1483 1139 1562 primis

136 1566 238 1627 diebus
250 1569 382 1645 protinus
398 1567 491 1627 cibum
505 1569 687 1643 assumsisse,
704 1567 777 1629 alios
793 1577 916 1647 propter
930 1566 1074 1627 fastidium
1090 1566 1138 1626 ab·
1150 1587 1174 1627 rr

136 1653 287 1718 minuisse:
306 1651 490 1730 levatumque
509 1653 602 1728 magis
617 1668 717 1710 corum
735 1651 864 1711 morbum
885 1669 968 1728 esse,
985 1653 1033 1730 qui
1052 1651 1138 1713 absti-

102 1812 105 1816 .
135 1745 264 1796 nuerant.
290 1735 420 1814 ltcmque
432 1737 507 1796 alios
519 1738 546 1795 in
558 1737 621 1814 ipsa
632 1735 715 1796 febre
728 1734 836 1813 aliquid
849 1734 955 1811 edisse,
966 1735 1041 1796 alios
1051 1736 1138 1813 paulo

135 1829 201 1881 ante
215 1838 288 1897 eam,
305 1820 379 1882 alios
392 1830 459 1899 post
472 1822 672 1881 remissionem
690 1821 768 1894 ejus;
785 1820 893 1898 optime
906 1819 1009 1879 deinde
1025 1820 1061 1879 iis
1074 1837 1137 1878 ocs-

135 1907 226 1982 sisse,
246 1906 295 1983 qui
313 1915 380 1983 post
398 1907 483 1965 finem
500 1904 591 1965 febris
606 1903 634 1964 id
655 1904 795 1964 fecerant.
840 1903 1008 1983 Eademque
1026 1904 1138 1964 ratione

135 1989 208 2050 alios
221 1992 295 2049 inter
306 1990 446 2068 principia
459 1992 590 2069 protinus
601 2006 671 2049 usos
684 2007 750 2048 esse
761 1988 827 2048 cibo
837 1990 978 2067 pleniore,
992 1987 1064 2049 alios
1077 1989 1137 2047 exi·
1147 2001 1174 2040 so

134 2093 207 2151 guo;
224 2075 435 2153 gravioresque
454 2091 507 2133 eos
525 2075 638 2149 iactos,
652 2073 700 2151 qui
718 2092 750 2132 se
767 2073 929 2152 implerant.
965 2073 1045 2133 Haec
1063 2074 1138 2131 simi-

135 2159 230 2236 liaque
245 2175 330 2235 quum
343 2158 472 2236 quotidie
491 2157 666 2233 inciderent,
685 2156 840 2235 diligentes
860 2157 990 2216 homines
1008 2165 1136 2231 notasse,

135 2260 209 2319 quae
228 2240 399 2319 plerumque
418 2241 520 2301 melius
538 2241 764 2321 responderent:
792 2240 895 2301 deinde
919 2239 1137 2318 aegrotantibus

135 2343 169 2384 ea
184 2325 358 2402 praecipere
374 2326 518 2403 coepisse.
550 2327 598 2385 Sic
615 2325 784 2385 medicinam
803 2334 908 2401 ortam,
928 2324 1047 2384 subinde
1066 2324 1135 2384 alio-

134 2426 195 2466 rum
207 2406 318 2483 salute,
340 2408 461 2469 aliorum
473 2410 604 2486 interitu,
623 2412 787 2488 perniciosa
806 2409 1015 2469 discernentem
1033 2408 1171 2468 aratu-rr

134 2491 251 2552 taribus.
281 2492 419 2569 Repertis
432 2492 535 2553 deinde
543 2494 604 2568 jam
617 2494 770 2570 remediis,
789 2495 919 2554 homines
931 2493 967 2552 de
977 2491 1136 2553 rationibus

134 2593 234 2635 eorum
249 2575 395 2637 disserere
409 2580 563 2656 coepisse:
579 2597 635 2638 nec
653 2589 721 2657 post
736 2579 876 2638 rationem
887 2577 1055 2637 medicinam
1067 2594 1135 2635 esse

134 2662 293 2728 inventam;
320 2660 372 2719 sed
389 2671 457 2739 post
469 2664 614 2723 inventam
626 2663 796 2723 medicinam
809 2663 947 2722 rationem
968 2678 1034 2720 esse
1047 2677 1135 2739 quae-

134 2744 226 2803 sitam.
261 2744 424 2821 Requirere
449 2748 533 2805 etiam
551 2748 624 2806 ratio
644 2747 717 2807 idem
743 2747 847 2807 doceat
879 2745 955 2826 quod
980 2745 1134 2823 experien-

133 2828 188 2904 tia,
213 2845 248 2887 an
266 2828 356 2889 aliud:
382 2831 405 2888 si
430 2830 521 2907 idem,
546 2850 755 2911 supervacuam
779 2851 862 2899 esse;
886 2833 909 2890 si
935 2829 1025 2906 aliud,
1050 2830 1171 2888 etiamen

134 2914 315 2971 contrariam.
353 2913 448 2974 Primo
467 2924 560 2974 tamen
581 2916 707 2975 remedia
731 2915 910 2995 exploranda
935 2932 1041 2976 summa
1067 2931 1133 2972 cura

132 2995 234 3072 inisse,
247 3015 322 3056 nunc
334 3015 405 3057 vero
419 3000 479 3074 jam
495 3000 644 3077 explorata
658 3019 740 3068 esse;
757 3018 852 3078 neque
871 3009 918 3060 aut
935 3016 1010 3058 nova
1024 3015 1134 3075 genera

132 3080 299 3141 morborum
310 3084 445 3161 reperiri,
460 3093 506 3143 aut
518 3101 620 3144 novam
633 3084 790 3145 desiderari
802 3083 980 3143 medicinam.
1013 3080 1097 3157 Quod
1111 3081 1133 3138 si

128 3166 189 3240 jam
202 3166 307 3226 incidat
318 3167 385 3226 mali
397 3187 490 3244 genus
504 3168 620 3246 aliquod
632 3170 775 3245 ignotum,
794 3185 852 3228 non
870 3168 936 3228 ideo
956 3176 1050 3230 tamen
1068 3165 1133 3224 lore

132 3249 246 3309 medico
259 3250 295 3310 de
308 3251 394 3311 rebus
408 3252 592 3328 cogitandum
606 3253 751 3312 obscuris:
769 3252 820 3311 sed
832 3271 896 3312 eum
908 3253 1038 3331 protinus
1057 3251 1132 3308 risu·
1144 3265 1168 3305 ss

132 3352 203 3408 rum,
217 3337 261 3393 cui
273 3335 376 3396 morbo
388 3335 416 3395 id
429 3339 590 3414 proximum
603 3338 651 3404 sit;
671 3344 898 3415 tentaturumque
916 3334 1042 3396 remedia
1058 3335 1132 3393 simi·

133 3415 169 3475 lia
182 3415 250 3492 illis,
264 3436 338 3495 quae
351 3421 446 3479 vicino
459 3420 534 3480 malo
547 3438 637 3499 saepe
651 3422 855 3496 succurrerint,
873 3431 902 3480 et
915 3439 968 3499 per
980 3421 1043 3494 ejus
1056 3420 1131 3478 simi·

131 3497 277 3559 litudinem
292 3518 378 3580 opem
390 3513 581 3582 reperturum.
615 3503 719 3583 Neque
734 3504 853 3564 enimse
878 3504 992 3581 dicere,
1010 3503 1132 3562 consilio
