<?xml version="1.0" encoding="UTF-8"?>
<!DOCTYPE html PUBLIC "-//W3C//DTD XHTML 1.0 Transitional//EN"
    "http://www.w3.org/TR/xhtml1/DTD/xhtml1-transitional.dtd">
<html xmlns="http://www.w3.org/1999/xhtml" xml:lang="en" lang="en">
 <head>
  <title>
</title>
<meta http-equiv="Content-Type" content="text/html;charset=utf-8" />
  <meta name='ocr-system' content='tesseract 3.04.00' />
  <meta name='ocr-capabilities' content='ocr_page ocr_carea ocr_par ocr_line ocrx_word'/>
</head>
<body>
  <div class='ocr_page' id='page_1' title='image "./cassiifelicisde00rosegoog_0370.png"; bbox 0 0 2414 3924; ppageno 0'>
   <div class='ocr_carea' id='block_1_1' title="bbox 445 168 1159 259">
    <p class='ocr_par' dir='ltr' id='par_1_1' title="bbox 445 168 1159 259">
     <span class='ocr_line' id='line_1_1' title="bbox 445 168 1159 259; baseline 0.015 -10"><span class='ocrx_word' id='word_1_1' title='bbox 445 202 751 252; x_wconf 64' lang='lat' dir='ltr'><strong>muraenarum.</strong></span> <span class='ocrx_word' id='word_1_2' title='bbox 1047 197 1099 259; x_wconf 82' lang='grc'><strong>-47</strong></span> <span class='ocrx_word' id='word_1_3' title='bbox 1157 168 1159 173; x_wconf 66' lang='lat'><strong>,</strong></span> 
     </span>
    </p>
   </div>
   <div class='ocr_carea' id='block_1_2' title="bbox 56 357 1099 3552">
    <p class='ocr_par' dir='ltr' id='par_1_2' title="bbox 58 357 1099 2120">
     <span class='ocr_line' id='line_1_2' title="bbox 98 357 1098 438; baseline 0.003 -19"><span class='ocrx_word' id='word_1_4' title='bbox 98 376 162 419; x_wconf 91' lang='lat' dir='ltr'><strong>nam</strong></span> <span class='ocrx_word' id='word_1_5' title='bbox 184 366 214 417; x_wconf 92' lang='lat' dir='ltr'><strong>et</strong></span> <span class='ocrx_word' id='word_1_6' title='bbox 229 358 464 435; x_wconf 81' lang='lat' dir='ltr'><strong>praecordiorum</strong></span> <span class='ocrx_word' id='word_1_7' title='bbox 488 357 619 434; x_wconf 92' lang='lat' dir='ltr'><strong>dolores,</strong></span> <span class='ocrx_word' id='word_1_8' title='bbox 640 359 664 418; x_wconf 92' lang='lat' dir='ltr'><strong>si</strong></span> <span class='ocrx_word' id='word_1_9' title='bbox 687 360 750 419; x_wconf 89' lang='lat' dir='ltr'><strong>sine</strong></span> <span class='ocrx_word' id='word_1_10' title='bbox 777 359 997 422; x_wconf 82' lang='lat' dir='ltr'><strong>inflammatione</strong></span> <span class='ocrx_word' id='word_1_11' title='bbox 1022 371 1098 438; x_wconf 90' lang='lat' dir='ltr'><strong>sunt,</strong></span> 
     </span>
     <span class='ocr_line' id='line_1_3' title="bbox 99 439 1098 527; baseline 0.004 -25"><span class='ocrx_word' id='word_1_12' title='bbox 99 443 159 502; x_wconf 88' lang='lat' dir='ltr'><strong>linit</strong></span> <span class='ocrx_word' id='word_1_13' title='bbox 181 439 277 523; x_wconf 75' lang='lat' dir='ltr'><strong>(Apin.</strong></span> <span class='ocrx_word' id='word_1_14' title='bbox 292 440 349 517; x_wconf 89' lang='lat' dir='ltr'><strong>Vl,</strong></span> <span class='ocrx_word' id='word_1_15' title='bbox 371 441 446 521; x_wconf 83' lang='lat'><strong>40);</strong></span> <span class='ocrx_word' id='word_1_16' title='bbox 462 451 492 502; x_wconf 89' lang='lat' dir='ltr'><strong>et</strong></span> <span class='ocrx_word' id='word_1_17' title='bbox 501 443 642 519; x_wconf 74' lang='lat' dir='ltr'><strong>Jecinoris</strong></span> <span class='ocrx_word' id='word_1_18' title='bbox 657 442 752 504; x_wconf 90' lang='lat' dir='ltr'><strong>dolori</strong></span> <span class='ocrx_word' id='word_1_19' title='bbox 768 445 911 504; x_wconf 74' lang='lat' dir='ltr'><strong>succurrit</strong></span> <span class='ocrx_word' id='word_1_20' title='bbox 927 443 1022 527; x_wconf 75' lang='lat' dir='ltr'><strong>(Apin.</strong></span> <span class='ocrx_word' id='word_1_21' title='bbox 1034 445 1098 522; x_wconf 89' lang='lat' dir='ltr'><strong>Vll,</strong></span> 
     </span>
     <span class='ocr_line' id='line_1_4' title="bbox 98 527 1098 608; baseline 0.003 -21"><span class='ocrx_word' id='word_1_22' title='bbox 98 527 170 607; x_wconf 80' lang='lat'>42);</span> <span class='ocrx_word' id='word_1_23' title='bbox 190 535 218 586; x_wconf 93' lang='lat' dir='ltr'><strong>et</strong></span> <span class='ocrx_word' id='word_1_24' title='bbox 229 542 383 586; x_wconf 86' lang='lat' dir='ltr'><strong>nervorum</strong></span> <span class='ocrx_word' id='word_1_25' title='bbox 396 527 599 587; x_wconf 73' lang='lat' dir='ltr'><strong>distentionem</strong></span> <span class='ocrx_word' id='word_1_26' title='bbox 618 527 814 605; x_wconf 82' lang='lat' dir='ltr'><strong>rigoremque,</strong></span> <span class='ocrx_word' id='word_1_27' title='bbox 830 530 855 587; x_wconf 90' lang='lat' dir='ltr'><strong>si</strong></span> <span class='ocrx_word' id='word_1_28' title='bbox 871 539 974 607; x_wconf 90' lang='lat' dir='ltr'><strong>postea</strong></span> <span class='ocrx_word' id='word_1_29' title='bbox 989 531 1098 608; x_wconf 88' lang='lat' dir='ltr'><strong>coepit,</strong></span> 
     </span>
     <span class='ocr_line' id='line_1_5' title="bbox 99 607 1098 690; baseline 0 -18"><span class='ocrx_word' id='word_1_30' title='bbox 99 630 137 672; x_wconf 86' lang='lat' dir='ltr'><strong>ex</strong></span> <span class='ocrx_word' id='word_1_31' title='bbox 151 620 213 671; x_wconf 89' lang='lat' dir='ltr'><strong>toto</strong></span> <span class='ocrx_word' id='word_1_32' title='bbox 229 610 304 670; x_wconf 92' lang='lat' dir='ltr'><strong>tollit</strong></span> <span class='ocrx_word' id='word_1_33' title='bbox 325 607 421 690; x_wconf 75' lang='lat' dir='ltr'><strong>(Apin.</strong></span> <span class='ocrx_word' id='word_1_34' title='bbox 438 609 489 685; x_wconf 99' lang='grc' dir='ltr'><strong>Ν,</strong></span> <span class='ocrx_word' id='word_1_35' title='bbox 506 611 560 678; x_wconf 85' lang='grc'><strong>57;</strong></span> <span class='ocrx_word' id='word_1_36' title='bbox 587 608 682 671; x_wconf 81' lang='lat' dir='ltr'><strong>Coae.</strong></span> <span class='ocrx_word' id='word_1_37' title='bbox 702 611 794 690; x_wconf 84' lang='lat'>346);</span> <span class='ocrx_word' id='word_1_38' title='bbox 820 621 848 671; x_wconf 91' lang='lat' dir='ltr'><strong>et</strong></span> <span class='ocrx_word' id='word_1_39' title='bbox 870 630 907 672; x_wconf 83' lang='lat' dir='ltr'><strong>ex</strong></span> <span class='ocrx_word' id='word_1_40' title='bbox 928 613 1098 674; x_wconf 80' lang='lat' dir='ltr'><strong>difficultate</strong></span> 
     </span>
     <span class='ocr_line' id='line_1_6' title="bbox 76 694 1099 777; baseline 0.007 -26"><span class='ocrx_word' id='word_1_41' title='bbox 76 697 197 756; x_wconf 81' lang='lat' dir='ltr'><strong>carinae</strong></span> <span class='ocrx_word' id='word_1_42' title='bbox 213 694 343 755; x_wconf 89' lang='lat' dir='ltr'><strong>morbum</strong></span> <span class='ocrx_word' id='word_1_43' title='bbox 359 695 499 753; x_wconf 83' lang='lat' dir='ltr'><strong>tenuioris</strong></span> <span class='ocrx_word' id='word_1_44' title='bbox 520 696 645 754; x_wconf 89' lang='lat' dir='ltr'><strong>intestini</strong></span> <span class='ocrx_word' id='word_1_45' title='bbox 661 705 769 771; x_wconf 90' lang='lat' dir='ltr'><strong>ortum,</strong></span> <span class='ocrx_word' id='word_1_46' title='bbox 786 697 811 756; x_wconf 93' lang='lat' dir='ltr'><strong>si</strong></span> <span class='ocrx_word' id='word_1_47' title='bbox 826 698 934 758; x_wconf 86' lang='lat' dir='ltr'><strong>urinam</strong></span> <span class='ocrx_word' id='word_1_48' title='bbox 948 715 1002 777; x_wconf 92' lang='lat' dir='ltr'><strong>per</strong></span> <span class='ocrx_word' id='word_1_49' title='bbox 1020 698 1099 758; x_wconf 88' lang='lat' dir='ltr'><strong>calo·</strong></span> 
     </span>
     <span class='ocr_line' id='line_1_7' title="bbox 96 777 1098 860; baseline 0.001 -20"><span class='ocrx_word' id='word_1_50' title='bbox 96 798 157 840; x_wconf 93' lang='lat' dir='ltr'><strong>rem</strong></span> <span class='ocrx_word' id='word_1_51' title='bbox 175 788 289 854; x_wconf 86' lang='lat' dir='ltr'><strong>movet,</strong></span> <span class='ocrx_word' id='word_1_52' title='bbox 312 779 389 838; x_wconf 89' lang='lat' dir='ltr'><strong>levat</strong></span> <span class='ocrx_word' id='word_1_53' title='bbox 412 777 508 859; x_wconf 68' lang='lat' dir='ltr'><strong>(Aple.</strong></span> <span class='ocrx_word' id='word_1_54' title='bbox 529 778 580 852; x_wconf 89' lang='lat' dir='ltr'><strong>Vl,</strong></span> <span class='ocrx_word' id='word_1_55' title='bbox 603 781 659 847; x_wconf 90' lang='grc'><strong>44;</strong></span> <span class='ocrx_word' id='word_1_56' title='bbox 684 777 779 841; x_wconf 79' lang='lat' dir='ltr'><strong>Gooc.</strong></span> <span class='ocrx_word' id='word_1_57' title='bbox 796 780 884 860; x_wconf 86' lang='grc'><strong>465).</strong></span> <span class='ocrx_word' id='word_1_58' title='bbox 919 781 959 841; x_wconf 89' lang='lat' dir='ltr'><strong>llt</strong></span> <span class='ocrx_word' id='word_1_59' title='bbox 979 782 1098 843; x_wconf 91' lang='lat' dir='ltr'><strong>dolores</strong></span> 
     </span>
     <span class='ocr_line' id='line_1_8' title="bbox 98 863 1096 944; baseline -0.001 -19"><span class='ocrx_word' id='word_1_60' title='bbox 98 864 218 943; x_wconf 90' lang='lat' dir='ltr'><strong>capitis,</strong></span> <span class='ocrx_word' id='word_1_61' title='bbox 235 863 338 941; x_wconf 90' lang='lat' dir='ltr'><strong>quibus</strong></span> <span class='ocrx_word' id='word_1_62' title='bbox 355 863 507 923; x_wconf 89' lang='lat' dir='ltr'><strong>oculorum</strong></span> <span class='ocrx_word' id='word_1_63' title='bbox 523 863 637 939; x_wconf 90' lang='lat' dir='ltr'><strong>caligo,</strong></span> <span class='ocrx_word' id='word_1_64' title='bbox 653 871 683 922; x_wconf 92' lang='lat' dir='ltr'><strong>et</strong></span> <span class='ocrx_word' id='word_1_65' title='bbox 699 864 789 924; x_wconf 93' lang='lat' dir='ltr'><strong>rubor</strong></span> <span class='ocrx_word' id='word_1_66' title='bbox 804 883 867 925; x_wconf 86' lang='lat' dir='ltr'><strong>cum</strong></span> <span class='ocrx_word' id='word_1_67' title='bbox 883 866 1005 944; x_wconf 82' lang='lat' dir='ltr'><strong>quadam</strong></span> <span class='ocrx_word' id='word_1_68' title='bbox 1020 866 1096 926; x_wconf 84' lang='lat' dir='ltr'><strong>iron-</strong></span> 
     </span>
     <span class='ocr_line' id='line_1_9' title="bbox 97 947 1099 1026; baseline 0.002 -19"><span class='ocrx_word' id='word_1_69' title='bbox 97 951 133 1007; x_wconf 92' lang='lat' dir='ltr'><strong>tis</strong></span> <span class='ocrx_word' id='word_1_70' title='bbox 149 948 295 1026; x_wconf 84' lang='lat' dir='ltr'><strong>prurigine</strong></span> <span class='ocrx_word' id='word_1_71' title='bbox 313 947 466 1023; x_wconf 89' lang='lat' dir='ltr'><strong>accedunt,</strong></span> <span class='ocrx_word' id='word_1_72' title='bbox 483 948 632 1024; x_wconf 88' lang='lat' dir='ltr'><strong>sanguinis</strong></span> <span class='ocrx_word' id='word_1_73' title='bbox 647 948 827 1025; x_wconf 81' lang='lat' dir='ltr'><strong>profusione,</strong></span> <span class='ocrx_word' id='word_1_74' title='bbox 843 949 892 1009; x_wconf 86' lang='lat' dir='ltr'><strong>vel</strong></span> <span class='ocrx_word' id='word_1_75' title='bbox 908 949 1034 1025; x_wconf 86' lang='lat' dir='ltr'><strong>fortuita,</strong></span> <span class='ocrx_word' id='word_1_76' title='bbox 1049 949 1099 1010; x_wconf 86' lang='lat' dir='ltr'><strong>vel</strong></span> 
     </span>
     <span class='ocr_line' id='line_1_10' title="bbox 98 1030 1099 1110; baseline 0.001 -18"><span class='ocrx_word' id='word_1_77' title='bbox 98 1034 182 1093; x_wconf 88' lang='lat' dir='ltr'><strong>etiam</strong></span> <span class='ocrx_word' id='word_1_78' title='bbox 204 1033 294 1110; x_wconf 89' lang='lat' dir='ltr'><strong>petita</strong></span> <span class='ocrx_word' id='word_1_79' title='bbox 316 1030 532 1091; x_wconf 87' lang='lat' dir='ltr'><strong>submoventur.</strong></span> <span class='ocrx_word' id='word_1_80' title='bbox 562 1032 593 1090; x_wconf 92' lang='lat' dir='ltr'><strong>Si</strong></span> <span class='ocrx_word' id='word_1_81' title='bbox 615 1033 717 1110; x_wconf 88' lang='lat' dir='ltr'><strong>capitis</strong></span> <span class='ocrx_word' id='word_1_82' title='bbox 742 1049 776 1092; x_wconf 91' lang='lat' dir='ltr'><strong>ac</strong></span> <span class='ocrx_word' id='word_1_83' title='bbox 797 1033 899 1093; x_wconf 85' lang='lat' dir='ltr'><strong>frontis</strong></span> <span class='ocrx_word' id='word_1_84' title='bbox 919 1033 1039 1094; x_wconf 87' lang='lat' dir='ltr'><strong>dolores</strong></span> <span class='ocrx_word' id='word_1_85' title='bbox 1061 1051 1099 1094; x_wconf 85' lang='lat' dir='ltr'><strong>ex</strong></span> 
     </span>
     <span class='ocr_line' id='line_1_11' title="bbox 60 1115 1097 1192; baseline 0.005 -20"><span class='ocrx_word' id='word_1_86' title='bbox 60 1124 200 1191; x_wconf 80' lang='lat' dir='ltr'><strong>roveuto,</strong></span> <span class='ocrx_word' id='word_1_87' title='bbox 217 1115 265 1174; x_wconf 90' lang='lat' dir='ltr'><strong>vel</strong></span> <span class='ocrx_word' id='word_1_88' title='bbox 278 1115 404 1192; x_wconf 81' lang='lat' dir='ltr'><strong>frigore,</strong></span> <span class='ocrx_word' id='word_1_89' title='bbox 423 1123 471 1174; x_wconf 88' lang='lat' dir='ltr'><strong>aut</strong></span> <span class='ocrx_word' id='word_1_90' title='bbox 483 1124 563 1176; x_wconf 91' lang='lat' dir='ltr'><strong>aestu</strong></span> <span class='ocrx_word' id='word_1_91' title='bbox 579 1125 658 1191; x_wconf 89' lang='lat' dir='ltr'><strong>sunt,</strong></span> <span class='ocrx_word' id='word_1_92' title='bbox 677 1117 836 1192; x_wconf 87' lang='lat' dir='ltr'><strong>gravedine</strong></span> <span class='ocrx_word' id='word_1_93' title='bbox 849 1126 878 1177; x_wconf 90' lang='lat' dir='ltr'><strong>et</strong></span> <span class='ocrx_word' id='word_1_94' title='bbox 889 1127 1097 1178; x_wconf 88' lang='lat' dir='ltr'><strong>sternutamen-</strong></span> 
     </span>
     <span class='ocr_line' id='line_1_12' title="bbox 96 1198 1097 1278; baseline 0.002 -18"><span class='ocrx_word' id='word_1_95' title='bbox 96 1202 131 1260; x_wconf 89' lang='lat' dir='ltr'><strong>tis</strong></span> <span class='ocrx_word' id='word_1_96' title='bbox 154 1200 286 1259; x_wconf 93' lang='lat' dir='ltr'><strong>liniuntur</strong></span> <span class='ocrx_word' id='word_1_97' title='bbox 310 1198 453 1278; x_wconf 83' lang='lat' dir='ltr'><strong>(Prorrb.</strong></span> <span class='ocrx_word' id='word_1_98' title='bbox 479 1199 519 1272; x_wconf 82' lang='lat' dir='ltr'><strong>ll,</strong></span> <span class='ocrx_word' id='word_1_99' title='bbox 540 1199 645 1277; x_wconf 83' lang='lat'><strong>§30).</strong></span> <span class='ocrx_word' id='word_1_100' title='bbox 679 1198 803 1260; x_wconf 85' lang='lat' dir='ltr'><strong>Febrem</strong></span> <span class='ocrx_word' id='word_1_101' title='bbox 823 1211 917 1262; x_wconf 89' lang='lat' dir='ltr'><strong>autem</strong></span> <span class='ocrx_word' id='word_1_102' title='bbox 939 1202 1097 1278; x_wconf 83' lang='lat' dir='ltr'><strong>ardentem,</strong></span> 
     </span>
     <span class='ocr_line' id='line_1_13' title="bbox 97 1277 1096 1367; baseline 0.003 -23"><span class='ocrx_word' id='word_1_103' title='bbox 97 1302 179 1364; x_wconf 86' lang='lat' dir='ltr'><strong>quam</strong></span> <span class='ocrx_word' id='word_1_104' title='bbox 194 1281 299 1344; x_wconf 82' lang='lat' dir='ltr'><strong>Graeci</strong></span> <span class='ocrx_word' id='word_1_105' title='bbox 312 1277 470 1362; x_wconf 74' lang='grc' dir='ltr'><em>καυσώδη</em></span> <span class='ocrx_word' id='word_1_106' title='bbox 481 1293 602 1359; x_wconf 87' lang='lat' dir='ltr'><strong>vocant,</strong></span> <span class='ocrx_word' id='word_1_107' title='bbox 622 1282 731 1344; x_wconf 89' lang='lat' dir='ltr'><strong>subitus</strong></span> <span class='ocrx_word' id='word_1_108' title='bbox 742 1286 848 1345; x_wconf 92' lang='lat' dir='ltr'><strong>horror</strong></span> <span class='ocrx_word' id='word_1_109' title='bbox 858 1287 984 1346; x_wconf 83' lang='lat' dir='ltr'><strong>exsolvit</strong></span> <span class='ocrx_word' id='word_1_110' title='bbox 1000 1285 1096 1367; x_wconf 75' lang='lat' dir='ltr'><strong>(Apa.</strong></span> 
     </span>
     <span class='ocr_line' id='line_1_14' title="bbox 95 1364 1098 1446; baseline 0 -17"><span class='ocrx_word' id='word_1_111' title='bbox 95 1368 145 1445; x_wconf 90' lang='grc' dir='ltr'><strong>Ν,</strong></span> <span class='ocrx_word' id='word_1_112' title='bbox 161 1368 217 1434; x_wconf 87' lang='grc'><strong>58;</strong></span> <span class='ocrx_word' id='word_1_113' title='bbox 235 1365 329 1428; x_wconf 80' lang='lat' dir='ltr'><strong>Coae.</strong></span> <span class='ocrx_word' id='word_1_114' title='bbox 349 1368 436 1446; x_wconf 82' lang='lat'>132).</span> <span class='ocrx_word' id='word_1_115' title='bbox 467 1370 498 1429; x_wconf 91' lang='lat' dir='ltr'><strong>Si</strong></span> <span class='ocrx_word' id='word_1_116' title='bbox 512 1369 541 1427; x_wconf 93' lang='lat' dir='ltr'><strong>in</strong></span> <span class='ocrx_word' id='word_1_117' title='bbox 555 1364 639 1428; x_wconf 86' lang='lat' dir='ltr'><strong>febre</strong></span> <span class='ocrx_word' id='word_1_118' title='bbox 655 1386 741 1428; x_wconf 88' lang='lat' dir='ltr'><strong>aures</strong></span> <span class='ocrx_word' id='word_1_119' title='bbox 756 1369 878 1432; x_wconf 86' lang='lat' dir='ltr'><strong>obtusae</strong></span> <span class='ocrx_word' id='word_1_120' title='bbox 896 1380 976 1446; x_wconf 89' lang='lat' dir='ltr'><strong>sunt,</strong></span> <span class='ocrx_word' id='word_1_121' title='bbox 992 1372 1017 1430; x_wconf 93' lang='lat' dir='ltr'><strong>si</strong></span> <span class='ocrx_word' id='word_1_122' title='bbox 1033 1388 1098 1432; x_wconf 90' lang='lat' dir='ltr'><strong>san·</strong></span> 
     </span>
     <span class='ocr_line' id='line_1_15' title="bbox 97 1451 1096 1532; baseline 0.003 -20"><span class='ocrx_word' id='word_1_123' title='bbox 97 1453 161 1532; x_wconf 88' lang='lat' dir='ltr'><strong>guis</strong></span> <span class='ocrx_word' id='word_1_124' title='bbox 176 1451 321 1512; x_wconf 91' lang='lat' dir='ltr'><strong>enaribus</strong></span> <span class='ocrx_word' id='word_1_125' title='bbox 332 1451 424 1528; x_wconf 86' lang='lat' dir='ltr'><strong>duxit,</strong></span> <span class='ocrx_word' id='word_1_126' title='bbox 440 1462 488 1512; x_wconf 90' lang='lat' dir='ltr'><strong>ant</strong></span> <span class='ocrx_word' id='word_1_127' title='bbox 500 1461 604 1512; x_wconf 86' lang='lat' dir='ltr'><strong>uenter</strong></span> <span class='ocrx_word' id='word_1_128' title='bbox 615 1453 761 1513; x_wconf 88' lang='lat' dir='ltr'><strong>resolutus</strong></span> <span class='ocrx_word' id='word_1_129' title='bbox 774 1463 829 1530; x_wconf 89' lang='lat' dir='ltr'><strong>cst,</strong></span> <span class='ocrx_word' id='word_1_130' title='bbox 846 1455 916 1514; x_wconf 92' lang='lat' dir='ltr'><strong>illud</strong></span> <span class='ocrx_word' id='word_1_131' title='bbox 928 1455 1031 1514; x_wconf 88' lang='lat' dir='ltr'><strong>malum</strong></span> <span class='ocrx_word' id='word_1_132' title='bbox 1047 1455 1096 1514; x_wconf 93' lang='lat' dir='ltr'><strong>de·</strong></span> 
     </span>
     <span class='ocr_line' id='line_1_16' title="bbox 62 1534 1097 1617; baseline 0 -19"><span class='ocrx_word' id='word_1_133' title='bbox 62 1557 87 1598; x_wconf 80' lang='lat' dir='ltr'><strong>rs</strong></span> <span class='ocrx_word' id='word_1_134' title='bbox 98 1538 163 1598; x_wconf 87' lang='lat' dir='ltr'><strong>sinit</strong></span> <span class='ocrx_word' id='word_1_135' title='bbox 179 1555 216 1597; x_wconf 89' lang='lat' dir='ltr'><strong>ex</strong></span> <span class='ocrx_word' id='word_1_136' title='bbox 232 1545 293 1597; x_wconf 90' lang='lat' dir='ltr'><strong>toto</strong></span> <span class='ocrx_word' id='word_1_137' title='bbox 310 1534 405 1617; x_wconf 78' lang='lat' dir='ltr'><strong>(Apu.</strong></span> <span class='ocrx_word' id='word_1_138' title='bbox 422 1536 472 1610; x_wconf 92' lang='grc' dir='ltr'><strong>Ν,</strong></span> <span class='ocrx_word' id='word_1_139' title='bbox 489 1536 544 1605; x_wconf 83' lang='grc' dir='ltr'><strong>6ος</strong></span> <span class='ocrx_word' id='word_1_140' title='bbox 563 1535 658 1598; x_wconf 85' lang='lat' dir='ltr'><strong>Cocc.</strong></span> <span class='ocrx_word' id='word_1_141' title='bbox 676 1537 764 1617; x_wconf 83' lang='lat'><strong>207).</strong></span> <span class='ocrx_word' id='word_1_142' title='bbox 783 1537 860 1598; x_wconf 89' lang='lat' dir='ltr'><strong>Nihil</strong></span> <span class='ocrx_word' id='word_1_143' title='bbox 877 1538 942 1616; x_wconf 92' lang='lat' dir='ltr'><strong>plus</strong></span> <span class='ocrx_word' id='word_1_144' title='bbox 958 1539 1097 1599; x_wconf 86' lang='lat' dir='ltr'><strong>adversus</strong></span> 
     </span>
     <span class='ocr_line' id='line_1_17' title="bbox 96 1620 1095 1704; baseline 0.001 -22"><span class='ocrx_word' id='word_1_145' title='bbox 96 1620 272 1696; x_wconf 87' lang='lat' dir='ltr'><strong>surditatem,</strong></span> <span class='ocrx_word' id='word_1_146' title='bbox 295 1639 378 1699; x_wconf 90' lang='lat' dir='ltr'><strong>quam</strong></span> <span class='ocrx_word' id='word_1_147' title='bbox 395 1620 500 1680; x_wconf 85' lang='lat' dir='ltr'><strong>biliosa</strong></span> <span class='ocrx_word' id='word_1_148' title='bbox 517 1620 600 1680; x_wconf 89' lang='lat' dir='ltr'><strong>alvus</strong></span> <span class='ocrx_word' id='word_1_149' title='bbox 622 1631 720 1699; x_wconf 89' lang='lat' dir='ltr'><strong>potest</strong></span> <span class='ocrx_word' id='word_1_150' title='bbox 737 1620 833 1704; x_wconf 77' lang='lat' dir='ltr'><strong>(Apu.</strong></span> <span class='ocrx_word' id='word_1_151' title='bbox 849 1622 906 1698; x_wconf 90' lang='lat' dir='ltr'><strong>IV,</strong></span> <span class='ocrx_word' id='word_1_152' title='bbox 924 1621 980 1689; x_wconf 81' lang='lat'><strong>28;</strong></span> <span class='ocrx_word' id='word_1_153' title='bbox 1000 1621 1095 1686; x_wconf 79' lang='lat' dir='ltr'><strong>Cotto.</strong></span> 
     </span>
     <span class='ocr_line' id='line_1_18' title="bbox 96 1697 1098 1786; baseline 0.001 -19"><span class='ocrx_word' id='word_1_154' title='bbox 96 1706 185 1785; x_wconf 85' lang='lat'><strong>617).</strong></span> <span class='ocrx_word' id='word_1_155' title='bbox 205 1703 315 1778; x_wconf 82' lang='lat' dir='ltr'><strong>Quibus</strong></span> <span class='ocrx_word' id='word_1_156' title='bbox 327 1707 355 1764; x_wconf 92' lang='lat' dir='ltr'><strong>in</strong></span> <span class='ocrx_word' id='word_1_157' title='bbox 367 1705 460 1764; x_wconf 91' lang='lat' dir='ltr'><strong>listula</strong></span> <span class='ocrx_word' id='word_1_158' title='bbox 473 1706 572 1766; x_wconf 89' lang='lat' dir='ltr'><strong>urinae</strong></span> <span class='ocrx_word' id='word_1_159' title='bbox 582 1707 681 1766; x_wconf 92' lang='lat' dir='ltr'><strong>minuti</strong></span> <span class='ocrx_word' id='word_1_160' title='bbox 692 1705 859 1783; x_wconf 88' lang='lat' dir='ltr'><strong>abscessus,</strong></span> <span class='ocrx_word' id='word_1_161' title='bbox 873 1724 946 1786; x_wconf 90' lang='lat' dir='ltr'><strong>quos</strong></span> <span class='ocrx_word' id='word_1_162' title='bbox 960 1697 1098 1785; x_wconf 84' lang='grc' dir='ltr'><strong><em>φύματα</em></strong></span> 
     </span>
     <span class='ocr_line' id='line_1_19' title="bbox 96 1788 1095 1869; baseline 0 -19"><span class='ocrx_word' id='word_1_163' title='bbox 96 1788 202 1851; x_wconf 81' lang='lat' dir='ltr'><strong>Graeci</strong></span> <span class='ocrx_word' id='word_1_164' title='bbox 216 1797 331 1864; x_wconf 89' lang='lat' dir='ltr'><strong>vocant,</strong></span> <span class='ocrx_word' id='word_1_165' title='bbox 348 1807 416 1849; x_wconf 88' lang='lat' dir='ltr'><strong>esse</strong></span> <span class='ocrx_word' id='word_1_166' title='bbox 431 1798 600 1866; x_wconf 89' lang='lat' dir='ltr'><strong>coeperunt,</strong></span> <span class='ocrx_word' id='word_1_167' title='bbox 615 1790 661 1863; x_wconf 93' lang='lat' dir='ltr'><strong>iis,</strong></span> <span class='ocrx_word' id='word_1_168' title='bbox 675 1788 722 1849; x_wconf 94' lang='lat' dir='ltr'><strong>ubi</strong></span> <span class='ocrx_word' id='word_1_169' title='bbox 740 1809 794 1869; x_wconf 90' lang='lat' dir='ltr'><strong>pus</strong></span> <span class='ocrx_word' id='word_1_170' title='bbox 808 1810 842 1852; x_wconf 89' lang='lat' dir='ltr'><strong>ea</strong></span> <span class='ocrx_word' id='word_1_171' title='bbox 854 1800 936 1869; x_wconf 89' lang='lat' dir='ltr'><strong>parte</strong></span> <span class='ocrx_word' id='word_1_172' title='bbox 948 1791 1095 1868; x_wconf 86' lang='lat' dir='ltr'><strong>profluxit,</strong></span> 
     </span>
     <span class='ocr_line' id='line_1_20' title="bbox 97 1870 1096 1954; baseline 0 -20"><span class='ocrx_word' id='word_1_173' title='bbox 97 1876 203 1934; x_wconf 89' lang='lat' dir='ltr'><strong>sanitas</strong></span> <span class='ocrx_word' id='word_1_174' title='bbox 220 1872 350 1933; x_wconf 87' lang='lat' dir='ltr'><strong>redditur</strong></span> <span class='ocrx_word' id='word_1_175' title='bbox 365 1870 461 1952; x_wconf 75' lang='lat' dir='ltr'><strong>(Aple.</strong></span> <span class='ocrx_word' id='word_1_176' title='bbox 474 1872 524 1949; x_wconf 95' lang='grc' dir='ltr'><strong>Ν,</strong></span> <span class='ocrx_word' id='word_1_177' title='bbox 537 1873 592 1941; x_wconf 82' lang='grc'><strong>82;</strong></span> <span class='ocrx_word' id='word_1_178' title='bbox 610 1871 705 1934; x_wconf 78' lang='lat' dir='ltr'><strong>coac.</strong></span> <span class='ocrx_word' id='word_1_179' title='bbox 718 1874 808 1954; x_wconf 89' lang='grc'><strong>463).</strong></span> <span class='ocrx_word' id='word_1_180' title='bbox 831 1874 876 1935; x_wconf 83' lang='lat' dir='ltr'><strong>Ex</strong></span> <span class='ocrx_word' id='word_1_181' title='bbox 889 1874 992 1953; x_wconf 85' lang='lat' dir='ltr'><strong>quibus</strong></span> <span class='ocrx_word' id='word_1_182' title='bbox 1011 1892 1096 1952; x_wconf 87' lang='lat' dir='ltr'><strong>quum</strong></span> 
     </span>
     <span class='ocr_line' id='line_1_21' title="bbox 58 1957 1096 2038; baseline 0 -21"><span class='ocrx_word' id='word_1_183' title='bbox 58 1977 87 2017; x_wconf 75' lang='lat' dir='ltr'><strong>no</strong></span> <span class='ocrx_word' id='word_1_184' title='bbox 97 1959 238 2038; x_wconf 88' lang='lat' dir='ltr'><strong>pleraque</strong></span> <span class='ocrx_word' id='word_1_185' title='bbox 252 1975 306 2035; x_wconf 91' lang='lat' dir='ltr'><strong>per</strong></span> <span class='ocrx_word' id='word_1_186' title='bbox 318 1976 351 2016; x_wconf 93' lang='lat' dir='ltr'><strong>se</strong></span> <span class='ocrx_word' id='word_1_187' title='bbox 365 1958 547 2036; x_wconf 87' lang='lat' dir='ltr'><strong>proveniant,</strong></span> <span class='ocrx_word' id='word_1_188' title='bbox 564 1959 640 2016; x_wconf 89' lang='lat' dir='ltr'><strong>scire</strong></span> <span class='ocrx_word' id='word_1_189' title='bbox 653 1957 733 2029; x_wconf 90' lang='lat' dir='ltr'><strong>licet,</strong></span> <span class='ocrx_word' id='word_1_190' title='bbox 746 1959 821 2019; x_wconf 90' lang='lat' dir='ltr'><strong>inter</strong></span> <span class='ocrx_word' id='word_1_191' title='bbox 833 1978 867 2019; x_wconf 91' lang='lat' dir='ltr'><strong>ea</strong></span> <span class='ocrx_word' id='word_1_192' title='bbox 879 1975 1007 2038; x_wconf 85' lang='lat' dir='ltr'><strong>quoqne,</strong></span> <span class='ocrx_word' id='word_1_193' title='bbox 1021 1975 1096 2036; x_wconf 83' lang='lat' dir='ltr'><strong>quae</strong></span> 
     </span>
     <span class='ocr_line' id='line_1_22' title="bbox 96 2041 718 2120; baseline -0.003 -18"><span class='ocrx_word' id='word_1_194' title='bbox 96 2061 143 2102; x_wconf 93' lang='lat' dir='ltr'><strong>ars</strong></span> <span class='ocrx_word' id='word_1_195' title='bbox 161 2041 294 2119; x_wconf 89' lang='lat' dir='ltr'><strong>adhibet,</strong></span> <span class='ocrx_word' id='word_1_196' title='bbox 311 2051 438 2101; x_wconf 90' lang='lat' dir='ltr'><strong>naturam</strong></span> <span class='ocrx_word' id='word_1_197' title='bbox 453 2041 602 2120; x_wconf 91' lang='lat' dir='ltr'><strong>plurimum</strong></span> <span class='ocrx_word' id='word_1_198' title='bbox 618 2058 718 2119; x_wconf 90' lang='lat' dir='ltr'><strong>posse.</strong></span> 
     </span>
    </p>

    <p class='ocr_par' dir='ltr' id='par_1_3' title="bbox 95 2125 1097 2373">
     <span class='ocr_line' id='line_1_23' title="bbox 160 2125 1097 2205; baseline 0 -20"><span class='ocrx_word' id='word_1_199' title='bbox 160 2125 278 2200; x_wconf 86' lang='lat' dir='ltr'><strong>Contra,</strong></span> <span class='ocrx_word' id='word_1_200' title='bbox 290 2128 314 2184; x_wconf 92' lang='lat' dir='ltr'><strong>si</strong></span> <span class='ocrx_word' id='word_1_201' title='bbox 325 2128 425 2186; x_wconf 82' lang='lat' dir='ltr'><strong>vesica</strong></span> <span class='ocrx_word' id='word_1_202' title='bbox 438 2145 500 2185; x_wconf 95' lang='lat' dir='ltr'><strong>cum</strong></span> <span class='ocrx_word' id='word_1_203' title='bbox 513 2125 596 2185; x_wconf 79' lang='lat' dir='ltr'><strong>febre</strong></span> <span class='ocrx_word' id='word_1_204' title='bbox 610 2126 766 2185; x_wconf 87' lang='lat' dir='ltr'><strong>continenti</strong></span> <span class='ocrx_word' id='word_1_205' title='bbox 777 2125 867 2201; x_wconf 92' lang='lat' dir='ltr'><strong>dolet,</strong></span> <span class='ocrx_word' id='word_1_206' title='bbox 887 2144 981 2205; x_wconf 90' lang='lat' dir='ltr'><strong>neque</strong></span> <span class='ocrx_word' id='word_1_207' title='bbox 993 2135 1097 2186; x_wconf 90' lang='lat' dir='ltr'><strong>venter</strong></span> 
     </span>
     <span class='ocr_line' id='line_1_24' title="bbox 96 2210 1095 2290; baseline -0.001 -19"><span class='ocrx_word' id='word_1_208' title='bbox 96 2211 248 2290; x_wconf 87' lang='lat' dir='ltr'><strong>quidquam</strong></span> <span class='ocrx_word' id='word_1_209' title='bbox 266 2210 377 2285; x_wconf 89' lang='lat' dir='ltr'><strong>reddit,</strong></span> <span class='ocrx_word' id='word_1_210' title='bbox 400 2210 503 2269; x_wconf 92' lang='lat' dir='ltr'><strong>malum</strong></span> <span class='ocrx_word' id='word_1_211' title='bbox 525 2219 610 2288; x_wconf 87' lang='lat' dir='ltr'><strong>atque</strong></span> <span class='ocrx_word' id='word_1_212' title='bbox 633 2210 811 2270; x_wconf 85' lang='lat' dir='ltr'><strong>mortiferum</strong></span> <span class='ocrx_word' id='word_1_213' title='bbox 833 2220 893 2279; x_wconf 91' lang='lat' dir='ltr'><strong>est;</strong></span> <span class='ocrx_word' id='word_1_214' title='bbox 915 2211 1095 2289; x_wconf 87' lang='lat' dir='ltr'><strong>maximeque</strong></span> 
     </span>
     <span class='ocr_line' id='line_1_25' title="bbox 95 2293 1096 2373; baseline 0.002 -20"><span class='ocrx_word' id='word_1_215' title='bbox 95 2296 123 2355; x_wconf 93' lang='lat' dir='ltr'><strong>id</strong></span> <span class='ocrx_word' id='word_1_216' title='bbox 140 2295 298 2373; x_wconf 93' lang='lat' dir='ltr'><strong>periculum</strong></span> <span class='ocrx_word' id='word_1_217' title='bbox 315 2303 360 2353; x_wconf 88' lang='lat' dir='ltr'><strong>est</strong></span> <span class='ocrx_word' id='word_1_218' title='bbox 381 2297 479 2373; x_wconf 89' lang='lat' dir='ltr'><strong>pueris</strong></span> <span class='ocrx_word' id='word_1_219' title='bbox 499 2313 514 2353; x_wconf 88' lang='lat' dir='ltr'><strong>a</strong></span> <span class='ocrx_word' id='word_1_220' title='bbox 531 2296 653 2372; x_wconf 88' lang='lat' dir='ltr'><strong>septimo</strong></span> <span class='ocrx_word' id='word_1_221' title='bbox 671 2311 744 2353; x_wconf 94' lang='lat' dir='ltr'><strong>anuo</strong></span> <span class='ocrx_word' id='word_1_222' title='bbox 767 2293 801 2353; x_wconf 94' lang='lat' dir='ltr'><strong>ad</strong></span> <span class='ocrx_word' id='word_1_223' title='bbox 824 2295 1096 2372; x_wconf 89' lang='lat' dir='ltr'><strong>quartumdecimum</strong></span> 
     </span>
    </p>

    <p class='ocr_par' dir='ltr' id='par_1_4' title="bbox 56 2378 1095 3552">
     <span class='ocr_line' id='line_1_26' title="bbox 59 2378 1095 2460; baseline 0.001 -23"><span class='ocrx_word' id='word_1_224' title='bbox 59 2396 86 2437; x_wconf 77' lang='lat' dir='ltr'><strong>aa</strong></span> <span class='ocrx_word' id='word_1_225' title='bbox 97 2379 225 2460; x_wconf 81' lang='lat' dir='ltr'><strong>(Propo.</strong></span> <span class='ocrx_word' id='word_1_226' title='bbox 243 2379 264 2454; x_wconf 58' lang='grc' dir='ltr'><strong>ς</strong></span> <span class='ocrx_word' id='word_1_227' title='bbox 281 2379 345 2457; x_wconf 81' lang='grc'><strong>19).</strong></span> <span class='ocrx_word' id='word_1_228' title='bbox 370 2378 401 2439; x_wconf 97' lang='lat' dir='ltr'><strong>ln</strong></span> <span class='ocrx_word' id='word_1_229' title='bbox 416 2379 560 2457; x_wconf 84' lang='lat' dir='ltr'><strong>pulmonis</strong></span> <span class='ocrx_word' id='word_1_230' title='bbox 574 2378 688 2452; x_wconf 90' lang='lat' dir='ltr'><strong>morbo,</strong></span> <span class='ocrx_word' id='word_1_231' title='bbox 704 2380 728 2437; x_wconf 93' lang='lat' dir='ltr'><strong>si</strong></span> <span class='ocrx_word' id='word_1_232' title='bbox 746 2386 859 2457; x_wconf 88' lang='lat' dir='ltr'><strong>sputum</strong></span> <span class='ocrx_word' id='word_1_233' title='bbox 876 2380 976 2457; x_wconf 92' lang='lat' dir='ltr'><strong>primis</strong></span> <span class='ocrx_word' id='word_1_234' title='bbox 993 2378 1095 2438; x_wconf 89' lang='lat' dir='ltr'><strong>diebus</strong></span> 
     </span>
     <span class='ocr_line' id='line_1_27' title="bbox 95 2462 1094 2541; baseline -0.001 -19"><span class='ocrx_word' id='word_1_235' title='bbox 95 2482 151 2523; x_wconf 93' lang='lat' dir='ltr'><strong>non</strong></span> <span class='ocrx_word' id='word_1_236' title='bbox 164 2464 226 2538; x_wconf 85' lang='lat' dir='ltr'><strong>luit,</strong></span> <span class='ocrx_word' id='word_1_237' title='bbox 246 2463 350 2522; x_wconf 85' lang='lat' dir='ltr'><strong>deindo</strong></span> <span class='ocrx_word' id='word_1_238' title='bbox 365 2482 380 2522; x_wconf 92' lang='lat' dir='ltr'><strong>a</strong></span> <span class='ocrx_word' id='word_1_239' title='bbox 396 2465 520 2541; x_wconf 84' lang='lat' dir='ltr'><strong>septimo</strong></span> <span class='ocrx_word' id='word_1_240' title='bbox 534 2464 581 2522; x_wconf 92' lang='lat' dir='ltr'><strong>die</strong></span> <span class='ocrx_word' id='word_1_241' title='bbox 597 2465 711 2541; x_wconf 89' lang='lat' dir='ltr'><strong>coepit,</strong></span> <span class='ocrx_word' id='word_1_242' title='bbox 727 2471 756 2522; x_wconf 92' lang='lat' dir='ltr'><strong>et</strong></span> <span class='ocrx_word' id='word_1_243' title='bbox 768 2462 840 2521; x_wconf 91' lang='lat' dir='ltr'><strong>ultra</strong></span> <span class='ocrx_word' id='word_1_244' title='bbox 855 2464 1006 2540; x_wconf 90' lang='lat' dir='ltr'><strong>septimum</strong></span> <span class='ocrx_word' id='word_1_245' title='bbox 1018 2481 1094 2523; x_wconf 94' lang='lat' dir='ltr'><strong>man·</strong></span> 
     </span>
     <span class='ocr_line' id='line_1_28' title="bbox 96 2546 1095 2626; baseline 0.001 -19"><span class='ocrx_word' id='word_1_246' title='bbox 96 2551 147 2623; x_wconf 88' lang='lat' dir='ltr'><strong>sit,</strong></span> <span class='ocrx_word' id='word_1_247' title='bbox 175 2547 370 2626; x_wconf 90' lang='lat' dir='ltr'><strong>periculosum</strong></span> <span class='ocrx_word' id='word_1_248' title='bbox 398 2556 442 2606; x_wconf 90' lang='lat' dir='ltr'><strong>cst</strong></span> <span class='ocrx_word' id='word_1_249' title='bbox 465 2547 518 2622; x_wconf 83' lang='lat' dir='ltr'><strong>(cl.</strong></span> <span class='ocrx_word' id='word_1_250' title='bbox 543 2546 691 2626; x_wconf 78' lang='lat' dir='ltr'><strong>Propn.§</strong></span> <span class='ocrx_word' id='word_1_251' title='bbox 713 2547 782 2625; x_wconf 86' lang='lat'>15);</span> <span class='ocrx_word' id='word_1_252' title='bbox 812 2557 977 2625; x_wconf 90' lang='lat' dir='ltr'><strong>quantoque</strong></span> <span class='ocrx_word' id='word_1_253' title='bbox 1003 2550 1095 2624; x_wconf 91' lang='lat' dir='ltr'><strong>magis</strong></span> 
     </span>
     <span class='ocr_line' id='line_1_29' title="bbox 95 2630 1093 2710; baseline 0.001 -20"><span class='ocrx_word' id='word_1_254' title='bbox 95 2633 216 2710; x_wconf 85' lang='lat' dir='ltr'><strong>mixtos,</strong></span> <span class='ocrx_word' id='word_1_255' title='bbox 233 2650 328 2708; x_wconf 84' lang='lat' dir='ltr'><strong>neque</strong></span> <span class='ocrx_word' id='word_1_256' title='bbox 345 2633 419 2690; x_wconf 89' lang='lat' dir='ltr'><strong>inter</strong></span> <span class='ocrx_word' id='word_1_257' title='bbox 432 2651 465 2691; x_wconf 91' lang='lat' dir='ltr'><strong>se</strong></span> <span class='ocrx_word' id='word_1_258' title='bbox 475 2632 605 2692; x_wconf 89' lang='lat' dir='ltr'><strong>diductos</strong></span> <span class='ocrx_word' id='word_1_259' title='bbox 619 2631 736 2690; x_wconf 90' lang='lat' dir='ltr'><strong>colores</strong></span> <span class='ocrx_word' id='word_1_260' title='bbox 748 2630 846 2706; x_wconf 91' lang='lat' dir='ltr'><strong>babet,</strong></span> <span class='ocrx_word' id='word_1_261' title='bbox 863 2640 941 2690; x_wconf 90' lang='lat' dir='ltr'><strong>tanto</strong></span> <span class='ocrx_word' id='word_1_262' title='bbox 954 2632 1093 2691; x_wconf 88' lang='lat' dir='ltr'><strong>deterius.</strong></span> 
     </span>
     <span class='ocr_line' id='line_1_30' title="bbox 96 2715 1095 2793; baseline -0.001 -18"><span class='ocrx_word' id='word_1_263' title='bbox 96 2715 133 2775; x_wconf 87' lang='lat' dir='ltr'><strong>Et</strong></span> <span class='ocrx_word' id='word_1_264' title='bbox 154 2726 248 2775; x_wconf 84' lang='lat' dir='ltr'><strong>tamen</strong></span> <span class='ocrx_word' id='word_1_265' title='bbox 269 2715 338 2775; x_wconf 90' lang='lat' dir='ltr'><strong>nihil</strong></span> <span class='ocrx_word' id='word_1_266' title='bbox 357 2718 441 2793; x_wconf 86' lang='lat' dir='ltr'><strong>pejus</strong></span> <span class='ocrx_word' id='word_1_267' title='bbox 457 2724 518 2787; x_wconf 92' lang='lat' dir='ltr'><strong>est,</strong></span> <span class='ocrx_word' id='word_1_268' title='bbox 536 2733 619 2793; x_wconf 90' lang='lat' dir='ltr'><strong>quam</strong></span> <span class='ocrx_word' id='word_1_269' title='bbox 637 2717 780 2774; x_wconf 90' lang='lat' dir='ltr'><strong>sincerum</strong></span> <span class='ocrx_word' id='word_1_270' title='bbox 796 2715 823 2774; x_wconf 94' lang='lat' dir='ltr'><strong>id</strong></span> <span class='ocrx_word' id='word_1_271' title='bbox 840 2715 902 2788; x_wconf 86' lang='lat' dir='ltr'><strong>edi,</strong></span> <span class='ocrx_word' id='word_1_272' title='bbox 926 2716 988 2774; x_wconf 89' lang='lat' dir='ltr'><strong>sive</strong></span> <span class='ocrx_word' id='word_1_273' title='bbox 1003 2715 1095 2774; x_wconf 85' lang='lat' dir='ltr'><strong>rufum</strong></span> 
     </span>
     <span class='ocr_line' id='line_1_31' title="bbox 59 2797 1094 2877; baseline -0.004 -15"><span class='ocrx_word' id='word_1_274' title='bbox 59 2821 86 2862; x_wconf 79' lang='lat' dir='ltr'><strong>so</strong></span> <span class='ocrx_word' id='word_1_275' title='bbox 96 2809 151 2875; x_wconf 91' lang='lat' dir='ltr'><strong>cst,</strong></span> <span class='ocrx_word' id='word_1_276' title='bbox 165 2803 227 2859; x_wconf 90' lang='lat' dir='ltr'><strong>sive</strong></span> <span class='ocrx_word' id='word_1_277' title='bbox 238 2808 396 2873; x_wconf 90' lang='lat' dir='ltr'><strong>cruentum,</strong></span> <span class='ocrx_word' id='word_1_278' title='bbox 411 2801 472 2857; x_wconf 87' lang='lat' dir='ltr'><strong>sive</strong></span> <span class='ocrx_word' id='word_1_279' title='bbox 486 2797 590 2874; x_wconf 92' lang='lat' dir='ltr'><strong>album,</strong></span> <span class='ocrx_word' id='word_1_280' title='bbox 603 2800 664 2857; x_wconf 90' lang='lat' dir='ltr'><strong>sive</strong></span> <span class='ocrx_word' id='word_1_281' title='bbox 677 2800 860 2875; x_wconf 88' lang='lat' dir='ltr'><strong>glutinosum,</strong></span> <span class='ocrx_word' id='word_1_282' title='bbox 874 2800 936 2857; x_wconf 87' lang='lat' dir='ltr'><strong>sive</strong></span> <span class='ocrx_word' id='word_1_283' title='bbox 946 2800 1094 2877; x_wconf 91' lang='lat' dir='ltr'><strong>pallidum,</strong></span> 
     </span>
     <span class='ocr_line' id='line_1_32' title="bbox 96 2882 1094 2961; baseline -0.002 -18"><span class='ocrx_word' id='word_1_284' title='bbox 96 2886 157 2943; x_wconf 87' lang='lat' dir='ltr'><strong>siue</strong></span> <span class='ocrx_word' id='word_1_285' title='bbox 169 2903 321 2961; x_wconf 90' lang='lat' dir='ltr'><strong>spumans:</strong></span> <span class='ocrx_word' id='word_1_286' title='bbox 339 2885 450 2959; x_wconf 84' lang='lat' dir='ltr'><strong>nigrum</strong></span> <span class='ocrx_word' id='word_1_287' title='bbox 462 2891 556 2942; x_wconf 87' lang='lat' dir='ltr'><strong>tamen</strong></span> <span class='ocrx_word' id='word_1_288' title='bbox 569 2884 724 2960; x_wconf 89' lang='lat' dir='ltr'><strong>pessimum</strong></span> <span class='ocrx_word' id='word_1_289' title='bbox 738 2892 783 2941; x_wconf 89' lang='lat' dir='ltr'><strong>est</strong></span> <span class='ocrx_word' id='word_1_290' title='bbox 799 2882 855 2960; x_wconf 87' lang='lat' dir='ltr'><strong>(cl.</strong></span> <span class='ocrx_word' id='word_1_291' title='bbox 868 2882 981 2961; x_wconf 79' lang='lat' dir='ltr'><strong>Propo.</strong></span> <span class='ocrx_word' id='word_1_292' title='bbox 994 2884 1015 2958; x_wconf 58' lang='grc' dir='ltr'><strong>δ</strong></span> <span class='ocrx_word' id='word_1_293' title='bbox 1029 2883 1094 2960; x_wconf 88' lang='grc'><strong>14).</strong></span> 
     </span>
     <span class='ocr_line' id='line_1_33' title="bbox 94 2965 1094 3044; baseline -0.002 -17"><span class='ocrx_word' id='word_1_294' title='bbox 94 2968 243 3028; x_wconf 89' lang='lat' dir='ltr'><strong>lneodem</strong></span> <span class='ocrx_word' id='word_1_295' title='bbox 266 2967 368 3026; x_wconf 89' lang='lat' dir='ltr'><strong>morbo</strong></span> <span class='ocrx_word' id='word_1_296' title='bbox 390 2966 555 3044; x_wconf 89' lang='lat' dir='ltr'><strong>periculosa</strong></span> <span class='ocrx_word' id='word_1_297' title='bbox 580 2976 645 3024; x_wconf 91' lang='lat' dir='ltr'><strong>sunt</strong></span> <span class='ocrx_word' id='word_1_298' title='bbox 665 2968 768 3040; x_wconf 90' lang='lat' dir='ltr'><strong>tussis,</strong></span> <span class='ocrx_word' id='word_1_299' title='bbox 799 2965 973 3033; x_wconf 84' lang='lat' dir='ltr'><strong>destillatio;</strong></span> <span class='ocrx_word' id='word_1_300' title='bbox 998 2968 1094 3042; x_wconf 93' lang='lat' dir='ltr'><strong>etiam,</strong></span> 
     </span>
     <span class='ocr_line' id='line_1_34' title="bbox 95 3049 1094 3132; baseline -0.004 -20"><span class='ocrx_word' id='word_1_301' title='bbox 95 3053 173 3132; x_wconf 86' lang='lat' dir='ltr'><strong>quod</strong></span> <span class='ocrx_word' id='word_1_302' title='bbox 191 3053 261 3112; x_wconf 89' lang='lat' dir='ltr'><strong>alias</strong></span> <span class='ocrx_word' id='word_1_303' title='bbox 284 3051 408 3111; x_wconf 89' lang='lat' dir='ltr'><strong>salutare</strong></span> <span class='ocrx_word' id='word_1_304' title='bbox 431 3049 567 3124; x_wconf 89' lang='lat' dir='ltr'><strong>habetur,</strong></span> <span class='ocrx_word' id='word_1_305' title='bbox 589 3058 857 3109; x_wconf 88' lang='lat' dir='ltr'><strong>sternutamentum:</strong></span> <span class='ocrx_word' id='word_1_306' title='bbox 882 3049 1094 3127; x_wconf 90' lang='lat' dir='ltr'><strong>periculosissi-</strong></span> 
     </span>
     <span class='ocr_line' id='line_1_35' title="bbox 94 3130 1092 3215; baseline -0.006 -19"><span class='ocrx_word' id='word_1_307' title='bbox 94 3154 226 3215; x_wconf 89' lang='lat' dir='ltr'><strong>mumque</strong></span> <span class='ocrx_word' id='word_1_308' title='bbox 245 3145 302 3212; x_wconf 91' lang='lat' dir='ltr'><strong>est,</strong></span> <span class='ocrx_word' id='word_1_309' title='bbox 329 3137 352 3194; x_wconf 93' lang='lat' dir='ltr'><strong>si</strong></span> <span class='ocrx_word' id='word_1_310' title='bbox 373 3134 447 3194; x_wconf 93' lang='lat' dir='ltr'><strong>haec</strong></span> <span class='ocrx_word' id='word_1_311' title='bbox 465 3142 586 3211; x_wconf 85' lang='lat' dir='ltr'><strong>sequuta</strong></span> <span class='ocrx_word' id='word_1_312' title='bbox 607 3131 701 3192; x_wconf 89' lang='lat' dir='ltr'><strong>subita</strong></span> <span class='ocrx_word' id='word_1_313' title='bbox 727 3133 853 3208; x_wconf 90' lang='lat' dir='ltr'><strong>dejectio</strong></span> <span class='ocrx_word' id='word_1_314' title='bbox 878 3142 922 3191; x_wconf 89' lang='lat' dir='ltr'><strong>est</strong></span> <span class='ocrx_word' id='word_1_315' title='bbox 941 3133 996 3209; x_wconf 90' lang='lat' dir='ltr'><strong>(ci.</strong></span> <span class='ocrx_word' id='word_1_316' title='bbox 1013 3130 1092 3209; x_wconf 82' lang='lat' dir='ltr'><strong>Apu.</strong></span> 
     </span>
     <span class='ocr_line' id='line_1_36' title="bbox 56 3215 1094 3299; baseline -0.006 -20"><span class='ocrx_word' id='word_1_317' title='bbox 56 3219 149 3296; x_wconf 81' lang='lat' dir='ltr'><strong>teVl,</strong></span> <span class='ocrx_word' id='word_1_318' title='bbox 167 3221 231 3299; x_wconf 86' lang='grc'><strong>16).</strong></span> <span class='ocrx_word' id='word_1_319' title='bbox 262 3219 337 3278; x_wconf 88' lang='lat' dir='ltr'><strong>Fere</strong></span> <span class='ocrx_word' id='word_1_320' title='bbox 353 3236 424 3278; x_wconf 90' lang='lat' dir='ltr'><strong>vero</strong></span> <span class='ocrx_word' id='word_1_321' title='bbox 441 3237 514 3296; x_wconf 88' lang='lat' dir='ltr'><strong>quae</strong></span> <span class='ocrx_word' id='word_1_322' title='bbox 527 3219 554 3276; x_wconf 94' lang='lat' dir='ltr'><strong>in</strong></span> <span class='ocrx_word' id='word_1_323' title='bbox 567 3217 720 3295; x_wconf 86' lang='lat' dir='ltr'><strong>pulmonis,</strong></span> <span class='ocrx_word' id='word_1_324' title='bbox 741 3217 843 3276; x_wconf 92' lang='lat' dir='ltr'><strong>eadem</strong></span> <span class='ocrx_word' id='word_1_325' title='bbox 860 3217 887 3274; x_wconf 93' lang='lat' dir='ltr'><strong>in</strong></span> <span class='ocrx_word' id='word_1_326' title='bbox 901 3216 999 3274; x_wconf 88' lang='lat' dir='ltr'><strong>lateris</strong></span> <span class='ocrx_word' id='word_1_327' title='bbox 1012 3215 1094 3275; x_wconf 92' lang='lat' dir='ltr'><strong>dolo-</strong></span> 
     </span>
     <span class='ocr_line' id='line_1_37' title="bbox 93 3297 1093 3380; baseline -0.006 -17"><span class='ocrx_word' id='word_1_328' title='bbox 93 3305 189 3379; x_wconf 92' lang='lat' dir='ltr'><strong>ribus,</strong></span> <span class='ocrx_word' id='word_1_329' title='bbox 211 3315 240 3363; x_wconf 88' lang='lat' dir='ltr'><strong>ct</strong></span> <span class='ocrx_word' id='word_1_330' title='bbox 262 3305 373 3363; x_wconf 94' lang='lat' dir='ltr'><strong>mitiora</strong></span> <span class='ocrx_word' id='word_1_331' title='bbox 392 3305 489 3380; x_wconf 85' lang='lat' dir='ltr'><strong>signa,</strong></span> <span class='ocrx_word' id='word_1_332' title='bbox 513 3311 542 3361; x_wconf 89' lang='lat' dir='ltr'><strong>ct</strong></span> <span class='ocrx_word' id='word_1_333' title='bbox 563 3302 713 3380; x_wconf 89' lang='lat' dir='ltr'><strong>asperiora</strong></span> <span class='ocrx_word' id='word_1_334' title='bbox 732 3319 799 3361; x_wconf 90' lang='lat' dir='ltr'><strong>esse</strong></span> <span class='ocrx_word' id='word_1_335' title='bbox 819 3308 1002 3359; x_wconf 89' lang='lat' dir='ltr'><strong>consuerunt.</strong></span> <span class='ocrx_word' id='word_1_336' title='bbox 1049 3297 1093 3357; x_wconf 81' lang='lat' dir='ltr'><strong>Ex</strong></span> 
     </span>
     <span class='ocr_line' id='line_1_38' title="bbox 88 3381 1093 3466; baseline -0.006 -18"><span class='ocrx_word' id='word_1_337' title='bbox 88 3390 223 3465; x_wconf 86' lang='lat' dir='ltr'><strong>jecinore</strong></span> <span class='ocrx_word' id='word_1_338' title='bbox 237 3390 261 3446; x_wconf 91' lang='lat' dir='ltr'><strong>si</strong></span> <span class='ocrx_word' id='word_1_339' title='bbox 274 3406 326 3466; x_wconf 93' lang='lat' dir='ltr'><strong>pus</strong></span> <span class='ocrx_word' id='word_1_340' title='bbox 341 3398 488 3447; x_wconf 91' lang='lat' dir='ltr'><strong>cruentum</strong></span> <span class='ocrx_word' id='word_1_341' title='bbox 498 3388 567 3460; x_wconf 83' lang='lat' dir='ltr'><strong>exit,</strong></span> <span class='ocrx_word' id='word_1_342' title='bbox 581 3385 758 3446; x_wconf 84' lang='lat' dir='ltr'><strong>mortiferum</strong></span> <span class='ocrx_word' id='word_1_343' title='bbox 771 3393 816 3444; x_wconf 91' lang='lat' dir='ltr'><strong>est</strong></span> <span class='ocrx_word' id='word_1_344' title='bbox 830 3384 883 3462; x_wconf 87' lang='lat' dir='ltr'><strong>(cl.</strong></span> <span class='ocrx_word' id='word_1_345' title='bbox 894 3381 989 3443; x_wconf 82' lang='lat' dir='ltr'><strong>Coae.</strong></span> <span class='ocrx_word' id='word_1_346' title='bbox 1003 3381 1093 3460; x_wconf 83' lang='grc'><strong>442).</strong></span> 
     </span>
     <span class='ocr_line' id='line_1_39' title="bbox 94 3467 1094 3552; baseline -0.005 -22"><span class='ocrx_word' id='word_1_347' title='bbox 94 3471 133 3531; x_wconf 81' lang='lat' dir='ltr'><strong>At</strong></span> <span class='ocrx_word' id='word_1_348' title='bbox 150 3491 187 3532; x_wconf 90' lang='lat' dir='ltr'><strong>ex</strong></span> <span class='ocrx_word' id='word_1_349' title='bbox 201 3473 454 3552; x_wconf 90' lang='lat' dir='ltr'><strong>suppurationibus</strong></span> <span class='ocrx_word' id='word_1_350' title='bbox 472 3490 525 3532; x_wconf 88' lang='lat' dir='ltr'><strong>eae</strong></span> <span class='ocrx_word' id='word_1_351' title='bbox 541 3472 686 3550; x_wconf 86' lang='lat' dir='ltr'><strong>pessimae</strong></span> <span class='ocrx_word' id='word_1_352' title='bbox 699 3479 774 3546; x_wconf 91' lang='lat' dir='ltr'><strong>sunt,</strong></span> <span class='ocrx_word' id='word_1_353' title='bbox 791 3486 865 3547; x_wconf 90' lang='lat' dir='ltr'><strong>quae</strong></span> <span class='ocrx_word' id='word_1_354' title='bbox 878 3469 952 3527; x_wconf 87' lang='lat' dir='ltr'><strong>intus</strong></span> <span class='ocrx_word' id='word_1_355' title='bbox 964 3467 1094 3540; x_wconf 89' lang='lat' dir='ltr'><strong>tendunt,</strong></span> 
     </span>
    </p>
   </div>
   <div class='ocr_carea' id='block_1_3' title="bbox 0 0 1212 3924">
    <p class='ocr_par' dir='ltr' id='par_1_5' title="bbox 0 0 1212 3924">
     <span class='ocr_line' id='line_1_40' title="bbox 0 0 1212 3924; baseline 0 1"><span class='ocrx_word' id='word_1_356' title='bbox 0 0 1212 3924; x_wconf 95' lang='lat' dir='ltr'><strong> </strong></span> 
     </span>
    </p>
   </div>
  </div>
 </body>
</html>
