<?xml version="1.0" encoding="UTF-8"?>
<!DOCTYPE html PUBLIC "-//W3C//DTD XHTML 1.0 Transitional//EN"
    "http://www.w3.org/TR/xhtml1/DTD/xhtml1-transitional.dtd">
<html xmlns="http://www.w3.org/1999/xhtml" xml:lang="en" lang="en">
 <head>
  <title>
</title>
<meta http-equiv="Content-Type" content="text/html;charset=utf-8" />
  <meta name='ocr-system' content='tesseract 3.04.00' />
  <meta name='ocr-capabilities' content='ocr_page ocr_carea ocr_par ocr_line ocrx_word'/>
</head>
<body>
  <div class='ocr_page' id='page_1' title='image "./cassiifelicisde00rosegoog_0404.png"; bbox 0 0 2414 3924; ppageno 0'>
   <div class='ocr_carea' id='block_1_1' title="bbox 444 198 1086 260">
    <p class='ocr_par' dir='ltr' id='par_1_1' title="bbox 444 198 1086 260">
     <span class='ocr_line' id='line_1_1' title="bbox 444 198 1086 260; baseline 0.011 -7"><span class='ocrx_word' id='word_1_1' title='bbox 444 207 737 258; x_wconf 60' lang='lat' dir='ltr'><strong>mmmm</strong></span> <span class='ocrx_word' id='word_1_2' title='bbox 1048 198 1086 260; x_wconf 68' lang='grc' dir='ltr'><em>Μ</em></span> 
     </span>
    </p>
   </div>
   <div class='ocr_carea' id='block_1_2' title="bbox 93 361 1185 442">
    <p class='ocr_par' dir='ltr' id='par_1_2' title="bbox 93 361 1185 442">
     <span class='ocr_line' id='line_1_2' title="bbox 93 361 1185 442; baseline 0.002 -21"><span class='ocrx_word' id='word_1_3' title='bbox 93 362 178 422; x_wconf 87' lang='lat' dir='ltr'><strong>etiam</strong></span> <span class='ocrx_word' id='word_1_4' title='bbox 193 361 222 419; x_wconf 91' lang='lat' dir='ltr'><strong>in</strong></span> <span class='ocrx_word' id='word_1_5' title='bbox 237 362 302 438; x_wconf 91' lang='lat' dir='ltr'><strong>ipso</strong></span> <span class='ocrx_word' id='word_1_6' title='bbox 317 361 419 421; x_wconf 89' lang='lat' dir='ltr'><strong>morbo</strong></span> <span class='ocrx_word' id='word_1_7' title='bbox 435 361 544 421; x_wconf 90' lang='lat' dir='ltr'><strong>dierum</strong></span> <span class='ocrx_word' id='word_1_8' title='bbox 558 363 631 422; x_wconf 91' lang='lat' dir='ltr'><strong>ratio</strong></span> <span class='ocrx_word' id='word_1_9' title='bbox 646 371 781 430; x_wconf 69' lang='lat' dir='ltr'><strong>mutatum</strong></span> <span class='ocrx_word' id='word_1_10' title='bbox 797 363 885 438; x_wconf 90' lang='lat' dir='ltr'><strong>litque</strong></span> <span class='ocrx_word' id='word_1_11' title='bbox 896 364 1025 439; x_wconf 79' lang='lat' dir='ltr'><strong>gravior,</strong></span> <span class='ocrx_word' id='word_1_12' title='bbox 1042 366 1089 441; x_wconf 92' lang='lat' dir='ltr'><strong>qui</strong></span> <span class='ocrx_word' id='word_1_13' title='bbox 1182 437 1185 442; x_wconf 84' lang='lat'>.</span> 
     </span>
    </p>
   </div>
   <div class='ocr_carea' id='block_1_3' title="bbox 56 445 1092 3346">
    <p class='ocr_par' dir='ltr' id='par_1_3' title="bbox 56 445 1092 3346">
     <span class='ocr_line' id='line_1_3' title="bbox 91 445 1090 524; baseline 0.001 -19"><span class='ocrx_word' id='word_1_14' title='bbox 91 446 243 505; x_wconf 81' lang='lat' dir='ltr'><strong>remissior</strong></span> <span class='ocrx_word' id='word_1_15' title='bbox 263 463 329 504; x_wconf 89' lang='lat' dir='ltr'><strong>esse</strong></span> <span class='ocrx_word' id='word_1_16' title='bbox 345 453 546 505; x_wconf 86' lang='lat' dir='ltr'><strong>consueverat.</strong></span> <span class='ocrx_word' id='word_1_17' title='bbox 578 445 675 523; x_wconf 80' lang='lat' dir='ltr'><strong>Atque</strong></span> <span class='ocrx_word' id='word_1_18' title='bbox 696 447 761 524; x_wconf 90' lang='lat' dir='ltr'><strong>ipse</strong></span> <span class='ocrx_word' id='word_1_19' title='bbox 777 445 1022 523; x_wconf 89' lang='lat' dir='ltr'><strong>quartusdecimus</strong></span> <span class='ocrx_word' id='word_1_20' title='bbox 1037 464 1090 524; x_wconf 90' lang='lat' dir='ltr'><strong>par</strong></span> 
     </span>
     <span class='ocr_line' id='line_1_4' title="bbox 93 528 1089 608; baseline 0.002 -21"><span class='ocrx_word' id='word_1_21' title='bbox 93 537 152 604; x_wconf 85' lang='lat' dir='ltr'><strong>est,</strong></span> <span class='ocrx_word' id='word_1_22' title='bbox 176 529 204 585; x_wconf 94' lang='lat' dir='ltr'><strong>in</strong></span> <span class='ocrx_word' id='word_1_23' title='bbox 226 546 282 605; x_wconf 95' lang='lat' dir='ltr'><strong>quo</strong></span> <span class='ocrx_word' id='word_1_24' title='bbox 307 547 374 587; x_wconf 90' lang='lat' dir='ltr'><strong>esse</strong></span> <span class='ocrx_word' id='word_1_25' title='bbox 395 546 526 605; x_wconf 80' lang='lat' dir='ltr'><strong>magnam</strong></span> <span class='ocrx_word' id='word_1_26' title='bbox 539 530 597 587; x_wconf 86' lang='lat' dir='ltr'><strong>vim</strong></span> <span class='ocrx_word' id='word_1_27' title='bbox 612 529 719 606; x_wconf 78' lang='lat' dir='ltr'><strong>antiqui</strong></span> <span class='ocrx_word' id='word_1_28' title='bbox 734 528 906 588; x_wconf 78' lang='lat' dir='ltr'><strong>fatebantur.</strong></span> <span class='ocrx_word' id='word_1_29' title='bbox 937 530 992 603; x_wconf 83' lang='lat' dir='ltr'><strong>Qui</strong></span> <span class='ocrx_word' id='word_1_30' title='bbox 1007 547 1089 608; x_wconf 92' lang='lat' dir='ltr'><strong>quum</strong></span> 
     </span>
     <span class='ocr_line' id='line_1_5' title="bbox 93 611 1090 689; baseline 0 -17"><span class='ocrx_word' id='word_1_31' title='bbox 93 621 227 672; x_wconf 88' lang='lat' dir='ltr'><strong>octavum</strong></span> <span class='ocrx_word' id='word_1_32' title='bbox 248 613 330 689; x_wconf 89' lang='lat' dir='ltr'><strong>primi</strong></span> <span class='ocrx_word' id='word_1_33' title='bbox 352 620 480 670; x_wconf 84' lang='lat' dir='ltr'><strong>naturam</strong></span> <span class='ocrx_word' id='word_1_34' title='bbox 501 611 609 670; x_wconf 91' lang='lat' dir='ltr'><strong>habere</strong></span> <span class='ocrx_word' id='word_1_35' title='bbox 631 611 852 687; x_wconf 86' lang='lat' dir='ltr'><strong>contenderent,</strong></span> <span class='ocrx_word' id='word_1_36' title='bbox 875 621 905 671; x_wconf 94' lang='lat' dir='ltr'><strong>ut</strong></span> <span class='ocrx_word' id='word_1_37' title='bbox 927 613 963 672; x_wconf 92' lang='lat' dir='ltr'><strong>ab</strong></span> <span class='ocrx_word' id='word_1_38' title='bbox 984 629 1021 672; x_wconf 91' lang='lat' dir='ltr'><strong>co</strong></span> <span class='ocrx_word' id='word_1_39' title='bbox 1044 631 1090 672; x_wconf 93' lang='lat' dir='ltr'><strong>se-</strong></span> 
     </span>
     <span class='ocr_line' id='line_1_6' title="bbox 66 694 1090 774; baseline 0.003 -21"><span class='ocrx_word' id='word_1_40' title='bbox 66 715 79 753; x_wconf 84' lang='lat' dir='ltr'><strong>s</strong></span> <span class='ocrx_word' id='word_1_41' title='bbox 94 695 202 755; x_wconf 91' lang='lat' dir='ltr'><strong>cundus</strong></span> <span class='ocrx_word' id='word_1_42' title='bbox 214 697 396 773; x_wconf 79' lang='lat' dir='ltr'><strong>septenarius</strong></span> <span class='ocrx_word' id='word_1_43' title='bbox 409 696 563 772; x_wconf 80' lang='lat' dir='ltr'><strong>inciperet,</strong></span> <span class='ocrx_word' id='word_1_44' title='bbox 579 696 635 774; x_wconf 92' lang='lat' dir='ltr'><strong>ipsi</strong></span> <span class='ocrx_word' id='word_1_45' title='bbox 652 694 706 753; x_wconf 87' lang='lat' dir='ltr'><strong>sibi</strong></span> <span class='ocrx_word' id='word_1_46' title='bbox 718 694 928 774; x_wconf 80' lang='lat' dir='ltr'><strong>repugnabant,</strong></span> <span class='ocrx_word' id='word_1_47' title='bbox 943 714 1001 755; x_wconf 94' lang='lat' dir='ltr'><strong>non</strong></span> <span class='ocrx_word' id='word_1_48' title='bbox 1012 704 1090 757; x_wconf 88' lang='lat' dir='ltr'><strong>octa·</strong></span> 
     </span>
     <span class='ocr_line' id='line_1_7' title="bbox 92 777 1090 856; baseline 0.001 -19"><span class='ocrx_word' id='word_1_49' title='bbox 92 798 172 855; x_wconf 87' lang='lat' dir='ltr'><strong>vurn,</strong></span> <span class='ocrx_word' id='word_1_50' title='bbox 200 797 293 856; x_wconf 92' lang='lat' dir='ltr'><strong>neque</strong></span> <span class='ocrx_word' id='word_1_51' title='bbox 316 778 472 853; x_wconf 90' lang='lat' dir='ltr'><strong>decimum,</strong></span> <span class='ocrx_word' id='word_1_52' title='bbox 499 796 593 855; x_wconf 89' lang='lat' dir='ltr'><strong>neque</strong></span> <span class='ocrx_word' id='word_1_53' title='bbox 614 777 812 837; x_wconf 89' lang='lat' dir='ltr'><strong>duodecimum</strong></span> <span class='ocrx_word' id='word_1_54' title='bbox 839 779 913 838; x_wconf 90' lang='lat' dir='ltr'><strong>diem</strong></span> <span class='ocrx_word' id='word_1_55' title='bbox 941 779 1090 855; x_wconf 92' lang='lat' dir='ltr'><strong>sumendo,</strong></span> 
     </span>
     <span class='ocr_line' id='line_1_8' title="bbox 92 861 1090 940; baseline 0.002 -20"><span class='ocrx_word' id='word_1_56' title='bbox 92 865 173 940; x_wconf 88' lang='lat' dir='ltr'><strong>quasi</strong></span> <span class='ocrx_word' id='word_1_57' title='bbox 190 864 398 939; x_wconf 89' lang='lat' dir='ltr'><strong>potentiorem:</strong></span> <span class='ocrx_word' id='word_1_58' title='bbox 423 862 488 940; x_wconf 91' lang='lat' dir='ltr'><strong>plus</strong></span> <span class='ocrx_word' id='word_1_59' title='bbox 504 863 578 920; x_wconf 92' lang='lat' dir='ltr'><strong>enim</strong></span> <span class='ocrx_word' id='word_1_60' title='bbox 591 861 754 920; x_wconf 84' lang='lat' dir='ltr'><strong>tribuebant</strong></span> <span class='ocrx_word' id='word_1_61' title='bbox 770 879 862 939; x_wconf 93' lang='lat' dir='ltr'><strong>nono,</strong></span> <span class='ocrx_word' id='word_1_62' title='bbox 887 872 915 922; x_wconf 90' lang='lat' dir='ltr'><strong>et</strong></span> <span class='ocrx_word' id='word_1_63' title='bbox 929 863 1090 922; x_wconf 87' lang='lat' dir='ltr'><strong>undecimo.</strong></span> 
     </span>
     <span class='ocr_line' id='line_1_9' title="bbox 93 945 1090 1023; baseline 0.003 -19"><span class='ocrx_word' id='word_1_64' title='bbox 93 945 177 1020; x_wconf 83' lang='lat' dir='ltr'><strong>Quod</strong></span> <span class='ocrx_word' id='word_1_65' title='bbox 190 963 274 1023; x_wconf 90' lang='lat' dir='ltr'><strong>quum</strong></span> <span class='ocrx_word' id='word_1_66' title='bbox 288 945 426 1004; x_wconf 89' lang='lat' dir='ltr'><strong>iecissent</strong></span> <span class='ocrx_word' id='word_1_67' title='bbox 442 945 570 1004; x_wconf 88' lang='lat' dir='ltr'><strong>sineulla</strong></span> <span class='ocrx_word' id='word_1_68' title='bbox 585 945 729 1022; x_wconf 86' lang='lat' dir='ltr'><strong>probabili</strong></span> <span class='ocrx_word' id='word_1_69' title='bbox 743 948 865 1023; x_wconf 85' lang='lat' dir='ltr'><strong>ratione,</strong></span> <span class='ocrx_word' id='word_1_70' title='bbox 880 945 916 1006; x_wconf 90' lang='lat' dir='ltr'><strong>ab</strong></span> <span class='ocrx_word' id='word_1_71' title='bbox 928 946 1090 1022; x_wconf 88' lang='lat' dir='ltr'><strong>undecimo,</strong></span> 
     </span>
     <span class='ocr_line' id='line_1_10' title="bbox 92 1028 1089 1106; baseline 0 -19"><span class='ocrx_word' id='word_1_72' title='bbox 92 1046 150 1088; x_wconf 93' lang='lat' dir='ltr'><strong>non</strong></span> <span class='ocrx_word' id='word_1_73' title='bbox 164 1028 201 1088; x_wconf 91' lang='lat' dir='ltr'><strong>ad</strong></span> <span class='ocrx_word' id='word_1_74' title='bbox 221 1028 493 1105; x_wconf 81' lang='lat' dir='ltr'><strong>tertiumdecimum,</strong></span> <span class='ocrx_word' id='word_1_75' title='bbox 517 1028 570 1086; x_wconf 92' lang='lat' dir='ltr'><strong>sed</strong></span> <span class='ocrx_word' id='word_1_76' title='bbox 584 1028 620 1088; x_wconf 94' lang='lat' dir='ltr'><strong>ad</strong></span> <span class='ocrx_word' id='word_1_77' title='bbox 636 1028 906 1106; x_wconf 90' lang='lat' dir='ltr'><strong>quartumdecimum</strong></span> <span class='ocrx_word' id='word_1_78' title='bbox 923 1029 1089 1090; x_wconf 86' lang='lat' dir='ltr'><strong>transibant.</strong></span> 
     </span>
     <span class='ocr_line' id='line_1_11' title="bbox 57 1096 1090 1190; baseline 0.002 -20"><span class='ocrx_word' id='word_1_79' title='bbox 57 1129 83 1170; x_wconf 81' lang='lat' dir='ltr'><strong>ro</strong></span> <span class='ocrx_word' id='word_1_80' title='bbox 92 1112 144 1172; x_wconf 86' lang='lat' dir='ltr'><strong>Est</strong></span> <span class='ocrx_word' id='word_1_81' title='bbox 160 1113 243 1170; x_wconf 91' lang='lat' dir='ltr'><strong>etiam</strong></span> <span class='ocrx_word' id='word_1_82' title='bbox 259 1096 572 1190; x_wconf 78' lang='lat' dir='ltr'><strong>apndJlippocratem,</strong></span> <span class='ocrx_word' id='word_1_83' title='bbox 589 1114 632 1186; x_wconf 88' lang='lat' dir='ltr'><strong>ei,</strong></span> <span class='ocrx_word' id='word_1_84' title='bbox 657 1129 741 1189; x_wconf 91' lang='lat' dir='ltr'><strong>quem</strong></span> <span class='ocrx_word' id='word_1_85' title='bbox 756 1115 894 1190; x_wconf 89' lang='lat' dir='ltr'><strong>septimus</strong></span> <span class='ocrx_word' id='word_1_86' title='bbox 910 1112 972 1171; x_wconf 88' lang='lat' dir='ltr'><strong>dies</strong></span> <span class='ocrx_word' id='word_1_87' title='bbox 987 1113 1090 1172; x_wconf 91' lang='lat' dir='ltr'><strong>libera·</strong></span> 
     </span>
     <span class='ocr_line' id='line_1_12' title="bbox 92 1194 1089 1274; baseline 0.002 -20"><span class='ocrx_word' id='word_1_88' title='bbox 92 1205 171 1254; x_wconf 91' lang='lat' dir='ltr'><strong>turns</strong></span> <span class='ocrx_word' id='word_1_89' title='bbox 193 1197 242 1271; x_wconf 90' lang='lat' dir='ltr'><strong>sit,</strong></span> <span class='ocrx_word' id='word_1_90' title='bbox 265 1204 395 1272; x_wconf 90' lang='lat' dir='ltr'><strong>quartum</strong></span> <span class='ocrx_word' id='word_1_91' title='bbox 411 1213 478 1253; x_wconf 89' lang='lat' dir='ltr'><strong>esse</strong></span> <span class='ocrx_word' id='word_1_92' title='bbox 500 1197 702 1270; x_wconf 81' lang='lat' dir='ltr'><strong>gravissimum</strong></span> <span class='ocrx_word' id='word_1_93' title='bbox 718 1194 774 1273; x_wconf 82' lang='lat' dir='ltr'><strong>(ci.</strong></span> <span class='ocrx_word' id='word_1_94' title='bbox 791 1194 871 1272; x_wconf 80' lang='lat' dir='ltr'><strong>Apu.</strong></span> <span class='ocrx_word' id='word_1_95' title='bbox 888 1195 925 1271; x_wconf 95' lang='lat' dir='ltr'><strong>ll,</strong></span> <span class='ocrx_word' id='word_1_96' title='bbox 942 1196 1008 1274; x_wconf 84' lang='lat'><strong>24).</strong></span> <span class='ocrx_word' id='word_1_97' title='bbox 1036 1196 1089 1272; x_wconf 91' lang='lat' dir='ltr'><strong>lta,</strong></span> 
     </span>
     <span class='ocr_line' id='line_1_13' title="bbox 91 1278 1090 1359; baseline 0 -21"><span class='ocrx_word' id='word_1_98' title='bbox 91 1278 144 1338; x_wconf 93' lang='lat' dir='ltr'><strong>illo</strong></span> <span class='ocrx_word' id='word_1_99' title='bbox 160 1295 276 1356; x_wconf 92' lang='lat' dir='ltr'><strong>quoque</strong></span> <span class='ocrx_word' id='word_1_100' title='bbox 290 1288 419 1354; x_wconf 89' lang='lat' dir='ltr'><strong>auctore,</strong></span> <span class='ocrx_word' id='word_1_101' title='bbox 437 1281 465 1336; x_wconf 91' lang='lat' dir='ltr'><strong>in</strong></span> <span class='ocrx_word' id='word_1_102' title='bbox 480 1278 526 1337; x_wconf 93' lang='lat' dir='ltr'><strong>die</strong></span> <span class='ocrx_word' id='word_1_103' title='bbox 542 1279 604 1356; x_wconf 92' lang='lat' dir='ltr'><strong>pari</strong></span> <span class='ocrx_word' id='word_1_104' title='bbox 622 1288 650 1337; x_wconf 91' lang='lat' dir='ltr'><strong>et</strong></span> <span class='ocrx_word' id='word_1_105' title='bbox 664 1280 783 1354; x_wconf 80' lang='lat' dir='ltr'><strong>gravior</strong></span> <span class='ocrx_word' id='word_1_106' title='bbox 797 1278 888 1338; x_wconf 90' lang='lat' dir='ltr'><strong>lebris</strong></span> <span class='ocrx_word' id='word_1_107' title='bbox 904 1298 970 1338; x_wconf 90' lang='lat' dir='ltr'><strong>esse</strong></span> <span class='ocrx_word' id='word_1_108' title='bbox 984 1288 1090 1359; x_wconf 86' lang='lat' dir='ltr'><strong>potest,</strong></span> 
     </span>
     <span class='ocr_line' id='line_1_14' title="bbox 93 1360 1090 1441; baseline 0.003 -21"><span class='ocrx_word' id='word_1_109' title='bbox 93 1371 121 1420; x_wconf 91' lang='lat' dir='ltr'><strong>et</strong></span> <span class='ocrx_word' id='word_1_110' title='bbox 140 1371 218 1421; x_wconf 86' lang='lat' dir='ltr'><strong>certa</strong></span> <span class='ocrx_word' id='word_1_111' title='bbox 233 1361 319 1420; x_wconf 88' lang='lat' dir='ltr'><strong>futuri</strong></span> <span class='ocrx_word' id='word_1_112' title='bbox 336 1372 413 1421; x_wconf 89' lang='lat' dir='ltr'><strong>nota.</strong></span> <span class='ocrx_word' id='word_1_113' title='bbox 440 1360 537 1438; x_wconf 82' lang='lat' dir='ltr'><strong>Atque</strong></span> <span class='ocrx_word' id='word_1_114' title='bbox 552 1361 627 1420; x_wconf 89' lang='lat' dir='ltr'><strong>idem</strong></span> <span class='ocrx_word' id='word_1_115' title='bbox 641 1361 698 1421; x_wconf 89' lang='lat' dir='ltr'><strong>alio</strong></span> <span class='ocrx_word' id='word_1_116' title='bbox 715 1362 784 1421; x_wconf 92' lang='lat' dir='ltr'><strong>loco</strong></span> <span class='ocrx_word' id='word_1_117' title='bbox 802 1363 856 1439; x_wconf 91' lang='lat' dir='ltr'><strong>(cl.</strong></span> <span class='ocrx_word' id='word_1_118' title='bbox 873 1361 986 1441; x_wconf 76' lang='lat' dir='ltr'><strong>Propo.</strong></span> <span class='ocrx_word' id='word_1_119' title='bbox 1001 1363 1090 1438; x_wconf 80' lang='lat'>§20;</span> 
     </span>
     <span class='ocr_line' id='line_1_15' title="bbox 92 1443 1091 1523; baseline -0.001 -18"><span class='ocrx_word' id='word_1_120' title='bbox 92 1443 185 1522; x_wconf 83' lang='lat' dir='ltr'><strong>Epid.</strong></span> <span class='ocrx_word' id='word_1_121' title='bbox 202 1443 289 1520; x_wconf 84' lang='lat' dir='ltr'><strong>11‚o‚</strong></span> <span class='ocrx_word' id='word_1_122' title='bbox 309 1446 361 1513; x_wconf 89' lang='grc'><strong>11;</strong></span> <span class='ocrx_word' id='word_1_123' title='bbox 386 1443 491 1504; x_wconf 84' lang='lat' dir='ltr'><strong>Fruct.</strong></span> <span class='ocrx_word' id='word_1_124' title='bbox 514 1445 606 1520; x_wconf 77' lang='lat'>§31;</span> <span class='ocrx_word' id='word_1_125' title='bbox 634 1443 702 1504; x_wconf 89' lang='lat' dir='ltr'><strong>Art.</strong></span> <span class='ocrx_word' id='word_1_126' title='bbox 724 1445 745 1520; x_wconf 83' lang='lat'>§</span> <span class='ocrx_word' id='word_1_127' title='bbox 767 1444 822 1522; x_wconf 85' lang='grc'><strong>67)</strong></span> <span class='ocrx_word' id='word_1_128' title='bbox 846 1455 975 1522; x_wconf 90' lang='lat' dir='ltr'><strong>quartum</strong></span> <span class='ocrx_word' id='word_1_129' title='bbox 996 1463 1091 1523; x_wconf 88' lang='lat' dir='ltr'><strong>quem·</strong></span> 
     </span>
     <span class='ocr_line' id='line_1_16' title="bbox 57 1527 1092 1606; baseline 0.002 -20"><span class='ocrx_word' id='word_1_130' title='bbox 57 1546 83 1586; x_wconf 81' lang='lat' dir='ltr'><strong>m</strong></span> <span class='ocrx_word' id='word_1_131' title='bbox 95 1546 150 1606; x_wconf 89' lang='lat' dir='ltr'><strong>qne</strong></span> <span class='ocrx_word' id='word_1_132' title='bbox 166 1527 253 1602; x_wconf 90' lang='lat' dir='ltr'><strong>diem,</strong></span> <span class='ocrx_word' id='word_1_133' title='bbox 276 1537 305 1586; x_wconf 94' lang='lat' dir='ltr'><strong>ut</strong></span> <span class='ocrx_word' id='word_1_134' title='bbox 323 1529 351 1585; x_wconf 91' lang='lat' dir='ltr'><strong>iu</strong></span> <span class='ocrx_word' id='word_1_135' title='bbox 367 1537 517 1605; x_wconf 89' lang='lat' dir='ltr'><strong>utrumque</strong></span> <span class='ocrx_word' id='word_1_136' title='bbox 532 1527 763 1588; x_wconf 86' lang='lat' dir='ltr'><strong>efficacissimum</strong></span> <span class='ocrx_word' id='word_1_137' title='bbox 778 1528 982 1605; x_wconf 89' lang='lat' dir='ltr'><strong>apprehendit;</strong></span> <span class='ocrx_word' id='word_1_138' title='bbox 1004 1528 1032 1588; x_wconf 95' lang='lat' dir='ltr'><strong>id</strong></span> <span class='ocrx_word' id='word_1_139' title='bbox 1048 1538 1092 1589; x_wconf 92' lang='lat' dir='ltr'><strong>est</strong></span> 
     </span>
     <span class='ocr_line' id='line_1_17' title="bbox 93 1610 1091 1688; baseline 0 -18"><span class='ocrx_word' id='word_1_140' title='bbox 93 1621 234 1688; x_wconf 87' lang='lat' dir='ltr'><strong>quartum,</strong></span> <span class='ocrx_word' id='word_1_141' title='bbox 253 1611 414 1688; x_wconf 84' lang='lat' dir='ltr'><strong>septimum,</strong></span> <span class='ocrx_word' id='word_1_142' title='bbox 430 1611 620 1686; x_wconf 90' lang='lat' dir='ltr'><strong>undecimum,</strong></span> <span class='ocrx_word' id='word_1_143' title='bbox 637 1610 921 1688; x_wconf 85' lang='lat' dir='ltr'><strong>quartumdecimum,</strong></span> <span class='ocrx_word' id='word_1_144' title='bbox 940 1612 1091 1670; x_wconf 89' lang='lat' dir='ltr'><strong>decimum·</strong></span> 
     </span>
     <span class='ocr_line' id='line_1_18' title="bbox 93 1694 1091 1773; baseline 0.001 -20"><span class='ocrx_word' id='word_1_145' title='bbox 93 1695 252 1772; x_wconf 88' lang='lat' dir='ltr'><strong>septimum.</strong></span> <span class='ocrx_word' id='word_1_146' title='bbox 283 1694 316 1752; x_wconf 94' lang='lat' dir='ltr'><strong>ln</strong></span> <span class='ocrx_word' id='word_1_147' title='bbox 339 1712 396 1772; x_wconf 93' lang='lat' dir='ltr'><strong>quo</strong></span> <span class='ocrx_word' id='word_1_148' title='bbox 419 1704 448 1754; x_wconf 92' lang='lat' dir='ltr'><strong>et</strong></span> <span class='ocrx_word' id='word_1_149' title='bbox 470 1694 506 1753; x_wconf 94' lang='lat' dir='ltr'><strong>ab</strong></span> <span class='ocrx_word' id='word_1_150' title='bbox 527 1695 644 1773; x_wconf 90' lang='lat' dir='ltr'><strong>imparis</strong></span> <span class='ocrx_word' id='word_1_151' title='bbox 667 1694 703 1754; x_wconf 88' lang='lat' dir='ltr'><strong>ad</strong></span> <span class='ocrx_word' id='word_1_152' title='bbox 718 1694 796 1771; x_wconf 89' lang='lat' dir='ltr'><strong>paris</strong></span> <span class='ocrx_word' id='word_1_153' title='bbox 817 1696 956 1753; x_wconf 89' lang='lat' dir='ltr'><strong>rationem</strong></span> <span class='ocrx_word' id='word_1_154' title='bbox 969 1696 1091 1771; x_wconf 90' lang='lat' dir='ltr'><strong>transiit,</strong></span> 
     </span>
     <span class='ocr_line' id='line_1_19' title="bbox 93 1777 1090 1856; baseline -0.001 -20"><span class='ocrx_word' id='word_1_155' title='bbox 93 1787 123 1836; x_wconf 88' lang='lat' dir='ltr'><strong>et</strong></span> <span class='ocrx_word' id='word_1_156' title='bbox 145 1796 181 1836; x_wconf 89' lang='lat' dir='ltr'><strong>ne</strong></span> <span class='ocrx_word' id='word_1_157' title='bbox 202 1777 258 1836; x_wconf 91' lang='lat' dir='ltr'><strong>hoc</strong></span> <span class='ocrx_word' id='word_1_158' title='bbox 282 1779 395 1854; x_wconf 90' lang='lat' dir='ltr'><strong>quidem</strong></span> <span class='ocrx_word' id='word_1_159' title='bbox 412 1779 591 1856; x_wconf 89' lang='lat' dir='ltr'><strong>propositum</strong></span> <span class='ocrx_word' id='word_1_160' title='bbox 610 1778 811 1844; x_wconf 85' lang='lat' dir='ltr'><strong>conservavit;</strong></span> <span class='ocrx_word' id='word_1_161' title='bbox 835 1795 919 1855; x_wconf 91' lang='lat' dir='ltr'><strong>quum</strong></span> <span class='ocrx_word' id='word_1_162' title='bbox 936 1796 952 1837; x_wconf 87' lang='lat' dir='ltr'><strong>a</strong></span> <span class='ocrx_word' id='word_1_163' title='bbox 967 1779 1090 1854; x_wconf 89' lang='lat' dir='ltr'><strong>septimo</strong></span> 
     </span>
     <span class='ocr_line' id='line_1_20' title="bbox 94 1860 1090 1939; baseline -0.001 -19"><span class='ocrx_word' id='word_1_164' title='bbox 94 1861 141 1920; x_wconf 88' lang='lat' dir='ltr'><strong>die</strong></span> <span class='ocrx_word' id='word_1_165' title='bbox 157 1860 338 1936; x_wconf 89' lang='lat' dir='ltr'><strong>undecimus,</strong></span> <span class='ocrx_word' id='word_1_166' title='bbox 355 1879 413 1920; x_wconf 94' lang='lat' dir='ltr'><strong>non</strong></span> <span class='ocrx_word' id='word_1_167' title='bbox 429 1870 560 1939; x_wconf 89' lang='lat' dir='ltr'><strong>quartus,</strong></span> <span class='ocrx_word' id='word_1_168' title='bbox 578 1860 630 1919; x_wconf 93' lang='lat' dir='ltr'><strong>sed</strong></span> <span class='ocrx_word' id='word_1_169' title='bbox 648 1861 761 1939; x_wconf 92' lang='lat' dir='ltr'><strong>quintus</strong></span> <span class='ocrx_word' id='word_1_170' title='bbox 780 1861 826 1918; x_wconf 90' lang='lat' dir='ltr'><strong>sit.</strong></span> <span class='ocrx_word' id='word_1_171' title='bbox 857 1860 941 1919; x_wconf 89' lang='lat' dir='ltr'><strong>Adeo</strong></span> <span class='ocrx_word' id='word_1_172' title='bbox 958 1868 1090 1938; x_wconf 83' lang='lat' dir='ltr'><strong>apparet,</strong></span> 
     </span>
     <span class='ocr_line' id='line_1_21' title="bbox 56 1943 1091 2022; baseline -0.005 -15"><span class='ocrx_word' id='word_1_173' title='bbox 56 1966 83 2007; x_wconf 85' lang='lat' dir='ltr'><strong>ao</strong></span> <span class='ocrx_word' id='word_1_174' title='bbox 94 1961 272 2022; x_wconf 90' lang='lat' dir='ltr'><strong>quacumque</strong></span> <span class='ocrx_word' id='word_1_175' title='bbox 287 1947 398 2003; x_wconf 90' lang='lat' dir='ltr'><strong>ratione</strong></span> <span class='ocrx_word' id='word_1_176' title='bbox 417 1945 455 2022; x_wconf 89' lang='lat' dir='ltr'><strong>ad</strong></span> <span class='ocrx_word' id='word_1_177' title='bbox 470 1962 616 2003; x_wconf 89' lang='lat' dir='ltr'><strong>numerum</strong></span> <span class='ocrx_word' id='word_1_178' title='bbox 629 1945 861 2021; x_wconf 86' lang='lat' dir='ltr'><strong>respexerimus,</strong></span> <span class='ocrx_word' id='word_1_179' title='bbox 877 1943 945 2002; x_wconf 93' lang='lat' dir='ltr'><strong>nihil</strong></span> <span class='ocrx_word' id='word_1_180' title='bbox 962 1944 1091 2020; x_wconf 90' lang='lat' dir='ltr'><strong>rationis,</strong></span> 
     </span>
     <span class='ocr_line' id='line_1_22' title="bbox 93 2026 1089 2105; baseline 0 -19"><span class='ocrx_word' id='word_1_181' title='bbox 93 2026 146 2086; x_wconf 90' lang='lat' dir='ltr'><strong>sub</strong></span> <span class='ocrx_word' id='word_1_182' title='bbox 162 2027 213 2086; x_wconf 94' lang='lat' dir='ltr'><strong>illo</strong></span> <span class='ocrx_word' id='word_1_183' title='bbox 231 2027 343 2105; x_wconf 90' lang='lat' dir='ltr'><strong>quidem</strong></span> <span class='ocrx_word' id='word_1_184' title='bbox 360 2037 496 2103; x_wconf 88' lang='lat' dir='ltr'><strong>auctore,</strong></span> <span class='ocrx_word' id='word_1_185' title='bbox 522 2028 653 2104; x_wconf 89' lang='lat' dir='ltr'><strong>reperiri.</strong></span> <span class='ocrx_word' id='word_1_186' title='bbox 687 2029 795 2086; x_wconf 87' lang='lat' dir='ltr'><strong>Verum</strong></span> <span class='ocrx_word' id='word_1_187' title='bbox 810 2029 838 2085; x_wconf 89' lang='lat' dir='ltr'><strong>iu</strong></span> <span class='ocrx_word' id='word_1_188' title='bbox 853 2026 897 2086; x_wconf 90' lang='lat' dir='ltr'><strong>his</strong></span> <span class='ocrx_word' id='word_1_189' title='bbox 914 2026 1026 2104; x_wconf 88' lang='lat' dir='ltr'><strong>quidem</strong></span> <span class='ocrx_word' id='word_1_190' title='bbox 1043 2044 1089 2086; x_wconf 91' lang='lat' dir='ltr'><strong>an-</strong></span> 
     </span>
     <span class='ocr_line' id='line_1_23' title="bbox 93 2108 1091 2188; baseline -0.003 -18"><span class='ocrx_word' id='word_1_191' title='bbox 93 2114 190 2188; x_wconf 90' lang='lat' dir='ltr'><strong>tiquos</strong></span> <span class='ocrx_word' id='word_1_192' title='bbox 200 2119 267 2169; x_wconf 88' lang='lat' dir='ltr'><strong>tunc</strong></span> <span class='ocrx_word' id='word_1_193' title='bbox 281 2110 414 2170; x_wconf 82' lang='lat' dir='ltr'><strong>celebres</strong></span> <span class='ocrx_word' id='word_1_194' title='bbox 430 2109 581 2170; x_wconf 81' lang='lat' dir='ltr'><strong>admodum</strong></span> <span class='ocrx_word' id='word_1_195' title='bbox 594 2110 778 2187; x_wconf 81' lang='lat' dir='ltr'><strong>pythagorici</strong></span> <span class='ocrx_word' id='word_1_196' title='bbox 789 2112 898 2168; x_wconf 90' lang='lat' dir='ltr'><strong>numeri</strong></span> <span class='ocrx_word' id='word_1_197' title='bbox 909 2108 1091 2168; x_wconf 80' lang='lat' dir='ltr'><strong>fefellerunt:</strong></span> 
     </span>
     <span class='ocr_line' id='line_1_24' title="bbox 93 2191 1092 2272; baseline -0.002 -20"><span class='ocrx_word' id='word_1_198' title='bbox 93 2211 178 2271; x_wconf 93' lang='lat' dir='ltr'><strong>quum</strong></span> <span class='ocrx_word' id='word_1_199' title='bbox 199 2193 245 2252; x_wconf 91' lang='lat' dir='ltr'><strong>hic</strong></span> <span class='ocrx_word' id='word_1_200' title='bbox 269 2212 383 2272; x_wconf 90' lang='lat' dir='ltr'><strong>quoque</strong></span> <span class='ocrx_word' id='word_1_201' title='bbox 405 2195 533 2252; x_wconf 88' lang='lat' dir='ltr'><strong>medicus</strong></span> <span class='ocrx_word' id='word_1_202' title='bbox 555 2212 612 2253; x_wconf 91' lang='lat' dir='ltr'><strong>non</strong></span> <span class='ocrx_word' id='word_1_203' title='bbox 634 2211 784 2253; x_wconf 87' lang='lat' dir='ltr'><strong>numerare</strong></span> <span class='ocrx_word' id='word_1_204' title='bbox 807 2192 869 2252; x_wconf 91' lang='lat' dir='ltr'><strong>dies</strong></span> <span class='ocrx_word' id='word_1_205' title='bbox 890 2191 1011 2267; x_wconf 84' lang='lat' dir='ltr'><strong>debeat,</strong></span> <span class='ocrx_word' id='word_1_206' title='bbox 1039 2191 1092 2251; x_wconf 91' lang='lat' dir='ltr'><strong>sed</strong></span> 
     </span>
     <span class='ocr_line' id='line_1_25' title="bbox 92 2275 1091 2353; baseline -0.002 -17"><span class='ocrx_word' id='word_1_207' title='bbox 92 2280 172 2353; x_wconf 90' lang='lat' dir='ltr'><strong>ipsas</strong></span> <span class='ocrx_word' id='word_1_208' title='bbox 188 2279 376 2336; x_wconf 90' lang='lat' dir='ltr'><strong>accessiones</strong></span> <span class='ocrx_word' id='word_1_209' title='bbox 391 2279 509 2344; x_wconf 90' lang='lat' dir='ltr'><strong>intueri;</strong></span> <span class='ocrx_word' id='word_1_210' title='bbox 525 2286 553 2336; x_wconf 92' lang='lat' dir='ltr'><strong>et</strong></span> <span class='ocrx_word' id='word_1_211' title='bbox 569 2297 606 2336; x_wconf 85' lang='lat' dir='ltr'><strong>ex</strong></span> <span class='ocrx_word' id='word_1_212' title='bbox 621 2277 665 2335; x_wconf 92' lang='lat' dir='ltr'><strong>his</strong></span> <span class='ocrx_word' id='word_1_213' title='bbox 695 2277 878 2351; x_wconf 89' lang='lat' dir='ltr'><strong>conjectare,</strong></span> <span class='ocrx_word' id='word_1_214' title='bbox 896 2275 1008 2353; x_wconf 91' lang='lat' dir='ltr'><strong>quando</strong></span> <span class='ocrx_word' id='word_1_215' title='bbox 1024 2275 1091 2334; x_wconf 91' lang='lat' dir='ltr'><strong>dan·</strong></span> 
     </span>
     <span class='ocr_line' id='line_1_26' title="bbox 56 2358 1091 2437; baseline -0.008 -13"><span class='ocrx_word' id='word_1_216' title='bbox 56 2386 82 2425; x_wconf 84' lang='lat' dir='ltr'><strong>uu</strong></span> <span class='ocrx_word' id='word_1_217' title='bbox 94 2360 147 2419; x_wconf 89' lang='lat' dir='ltr'><strong>dns</strong></span> <span class='ocrx_word' id='word_1_218' title='bbox 163 2358 244 2419; x_wconf 90' lang='lat' dir='ltr'><strong>cibus</strong></span> <span class='ocrx_word' id='word_1_219' title='bbox 260 2363 306 2419; x_wconf 89' lang='lat' dir='ltr'><strong>sit.</strong></span> <span class='ocrx_word' id='word_1_220' title='bbox 338 2359 412 2421; x_wconf 91' lang='lat' dir='ltr'><strong>Illud</strong></span> <span class='ocrx_word' id='word_1_221' title='bbox 427 2369 520 2419; x_wconf 85' lang='lat' dir='ltr'><strong>autem</strong></span> <span class='ocrx_word' id='word_1_222' title='bbox 533 2362 624 2435; x_wconf 82' lang='lat' dir='ltr'><strong>magis</strong></span> <span class='ocrx_word' id='word_1_223' title='bbox 640 2359 750 2419; x_wconf 91' lang='lat' dir='ltr'><strong>adrem</strong></span> <span class='ocrx_word' id='word_1_224' title='bbox 770 2360 904 2437; x_wconf 88' lang='lat' dir='ltr'><strong>pertinet,</strong></span> <span class='ocrx_word' id='word_1_225' title='bbox 925 2359 1017 2433; x_wconf 89' lang='lat' dir='ltr'><strong>scire,</strong></span> <span class='ocrx_word' id='word_1_226' title='bbox 1034 2368 1091 2417; x_wconf 87' lang='lat' dir='ltr'><strong>tun</strong></span> 
     </span>
     <span class='ocr_line' id='line_1_27' title="bbox 93 2443 1091 2521; baseline -0.005 -17"><span class='ocrx_word' id='word_1_227' title='bbox 93 2452 226 2520; x_wconf 87' lang='lat' dir='ltr'><strong>oporteat</strong></span> <span class='ocrx_word' id='word_1_228' title='bbox 241 2443 310 2517; x_wconf 87' lang='lat' dir='ltr'><strong>dari,</strong></span> <span class='ocrx_word' id='word_1_229' title='bbox 327 2462 411 2521; x_wconf 91' lang='lat' dir='ltr'><strong>quum</strong></span> <span class='ocrx_word' id='word_1_230' title='bbox 422 2445 482 2517; x_wconf 87' lang='lat' dir='ltr'><strong>jam</strong></span> <span class='ocrx_word' id='word_1_231' title='bbox 495 2443 569 2502; x_wconf 91' lang='lat' dir='ltr'><strong>bene</strong></span> <span class='ocrx_word' id='word_1_232' title='bbox 581 2461 673 2502; x_wconf 87' lang='lat' dir='ltr'><strong>venae</strong></span> <span class='ocrx_word' id='word_1_233' title='bbox 689 2445 927 2519; x_wconf 87' lang='lat' dir='ltr'><strong>conquieverunt,</strong></span> <span class='ocrx_word' id='word_1_234' title='bbox 944 2459 979 2500; x_wconf 91' lang='lat' dir='ltr'><strong>an</strong></span> <span class='ocrx_word' id='word_1_235' title='bbox 994 2443 1091 2501; x_wconf 86' lang='lat' dir='ltr'><strong>etiam·</strong></span> 
     </span>
     <span class='ocr_line' id='line_1_28' title="bbox 93 2525 1090 2604; baseline -0.002 -19"><span class='ocrx_word' id='word_1_236' title='bbox 93 2545 157 2585; x_wconf 90' lang='lat' dir='ltr'><strong>num</strong></span> <span class='ocrx_word' id='word_1_237' title='bbox 171 2526 349 2585; x_wconf 90' lang='lat' dir='ltr'><strong>manentibus</strong></span> <span class='ocrx_word' id='word_1_238' title='bbox 367 2526 496 2604; x_wconf 91' lang='lat' dir='ltr'><strong>reliquiis</strong></span> <span class='ocrx_word' id='word_1_239' title='bbox 514 2526 614 2585; x_wconf 80' lang='lat' dir='ltr'><strong>febris.</strong></span> <span class='ocrx_word' id='word_1_240' title='bbox 645 2525 764 2603; x_wconf 80' lang='lat' dir='ltr'><strong>Antiqui</strong></span> <span class='ocrx_word' id='word_1_241' title='bbox 780 2527 854 2585; x_wconf 89' lang='lat' dir='ltr'><strong>enim</strong></span> <span class='ocrx_word' id='word_1_242' title='bbox 865 2543 949 2604; x_wconf 88' lang='lat' dir='ltr'><strong>quarn</strong></span> <span class='ocrx_word' id='word_1_243' title='bbox 964 2526 1090 2601; x_wconf 77' lang='lat' dir='ltr'><strong>integer·</strong></span> 
     </span>
     <span class='ocr_line' id='line_1_29' title="bbox 92 2607 1091 2686; baseline -0.002 -19"><span class='ocrx_word' id='word_1_244' title='bbox 92 2610 170 2668; x_wconf 92' lang='lat' dir='ltr'><strong>rimis</strong></span> <span class='ocrx_word' id='word_1_245' title='bbox 183 2610 357 2686; x_wconf 86' lang='lat' dir='ltr'><strong>corporibus</strong></span> <span class='ocrx_word' id='word_1_246' title='bbox 369 2610 532 2669; x_wconf 89' lang='lat' dir='ltr'><strong>alimentum</strong></span> <span class='ocrx_word' id='word_1_247' title='bbox 549 2609 725 2678; x_wconf 79' lang='lat' dir='ltr'><strong>offerebant3</strong></span> <span class='ocrx_word' id='word_1_248' title='bbox 741 2607 942 2686; x_wconf 88' lang='lat' dir='ltr'><strong>Asclepiades,</strong></span> <span class='ocrx_word' id='word_1_249' title='bbox 958 2608 1091 2666; x_wconf 89' lang='lat' dir='ltr'><strong>inclinata</strong></span> 
     </span>
     <span class='ocr_line' id='line_1_30' title="bbox 93 2691 1092 2770; baseline -0.001 -20"><span class='ocrx_word' id='word_1_250' title='bbox 93 2692 206 2770; x_wconf 90' lang='lat' dir='ltr'><strong>quidem</strong></span> <span class='ocrx_word' id='word_1_251' title='bbox 227 2691 326 2767; x_wconf 91' lang='lat' dir='ltr'><strong>lebre,</strong></span> <span class='ocrx_word' id='word_1_252' title='bbox 351 2692 402 2751; x_wconf 89' lang='lat' dir='ltr'><strong>sed</strong></span> <span class='ocrx_word' id='word_1_253' title='bbox 424 2692 517 2751; x_wconf 89' lang='lat' dir='ltr'><strong>adhuc</strong></span> <span class='ocrx_word' id='word_1_254' title='bbox 538 2702 632 2751; x_wconf 87' lang='lat' dir='ltr'><strong>tamen</strong></span> <span class='ocrx_word' id='word_1_255' title='bbox 653 2691 829 2751; x_wconf 88' lang='lat' dir='ltr'><strong>inhaerente.</strong></span> <span class='ocrx_word' id='word_1_256' title='bbox 858 2691 891 2753; x_wconf 91' lang='lat' dir='ltr'><strong>lu</strong></span> <span class='ocrx_word' id='word_1_257' title='bbox 913 2708 969 2769; x_wconf 93' lang='lat' dir='ltr'><strong>quo</strong></span> <span class='ocrx_word' id='word_1_258' title='bbox 990 2709 1092 2750; x_wconf 84' lang='lat' dir='ltr'><strong>vanans</strong></span> 
     </span>
     <span class='ocr_line' id='line_1_31' title="bbox 57 2776 1090 2854; baseline -0.006 -16"><span class='ocrx_word' id='word_1_259' title='bbox 57 2799 82 2838; x_wconf 81' lang='lat' dir='ltr'><strong>co</strong></span> <span class='ocrx_word' id='word_1_260' title='bbox 92 2778 232 2835; x_wconf 90' lang='lat' dir='ltr'><strong>rationem</strong></span> <span class='ocrx_word' id='word_1_261' title='bbox 254 2785 391 2854; x_wconf 84' lang='lat' dir='ltr'><strong>sequutus</strong></span> <span class='ocrx_word' id='word_1_262' title='bbox 416 2784 476 2834; x_wconf 88' lang='lat' dir='ltr'><strong>est:</strong></span> <span class='ocrx_word' id='word_1_263' title='bbox 499 2793 555 2835; x_wconf 94' lang='lat' dir='ltr'><strong>non</strong></span> <span class='ocrx_word' id='word_1_264' title='bbox 578 2794 634 2853; x_wconf 93' lang='lat' dir='ltr'><strong>quo</strong></span> <span class='ocrx_word' id='word_1_265' title='bbox 656 2792 713 2833; x_wconf 93' lang='lat' dir='ltr'><strong>non</strong></span> <span class='ocrx_word' id='word_1_266' title='bbox 735 2777 771 2834; x_wconf 88' lang='lat' dir='ltr'><strong>sit</strong></span> <span class='ocrx_word' id='word_1_267' title='bbox 794 2776 933 2834; x_wconf 91' lang='lat' dir='ltr'><strong>interdum</strong></span> <span class='ocrx_word' id='word_1_268' title='bbox 955 2777 1090 2834; x_wconf 89' lang='lat' dir='ltr'><strong>maturius</strong></span> 
     </span>
     <span class='ocr_line' id='line_1_32' title="bbox 94 2858 1090 2936; baseline -0.002 -18"><span class='ocrx_word' id='word_1_269' title='bbox 94 2858 175 2918; x_wconf 90' lang='lat' dir='ltr'><strong>cibus</strong></span> <span class='ocrx_word' id='word_1_270' title='bbox 190 2859 309 2933; x_wconf 89' lang='lat' dir='ltr'><strong>dandus,</strong></span> <span class='ocrx_word' id='word_1_271' title='bbox 325 2861 348 2918; x_wconf 91' lang='lat' dir='ltr'><strong>si</strong></span> <span class='ocrx_word' id='word_1_272' title='bbox 364 2868 473 2918; x_wconf 87' lang='lat' dir='ltr'><strong>mature</strong></span> <span class='ocrx_word' id='word_1_273' title='bbox 488 2862 602 2917; x_wconf 89' lang='lat' dir='ltr'><strong>timetur</strong></span> <span class='ocrx_word' id='word_1_274' title='bbox 617 2859 708 2917; x_wconf 91' lang='lat' dir='ltr'><strong>altera</strong></span> <span class='ocrx_word' id='word_1_275' title='bbox 725 2860 873 2926; x_wconf 91' lang='lat' dir='ltr'><strong>accessio;</strong></span> <span class='ocrx_word' id='word_1_276' title='bbox 896 2858 947 2916; x_wconf 90' lang='lat' dir='ltr'><strong>sed</strong></span> <span class='ocrx_word' id='word_1_277' title='bbox 962 2876 1019 2936; x_wconf 93' lang='lat' dir='ltr'><strong>quo</strong></span> <span class='ocrx_word' id='word_1_278' title='bbox 1035 2860 1090 2917; x_wconf 88' lang='lat' dir='ltr'><strong>sci·</strong></span> 
     </span>
     <span class='ocr_line' id='line_1_33' title="bbox 93 2940 1089 3019; baseline -0.001 -19"><span class='ocrx_word' id='word_1_279' title='bbox 93 2944 266 3019; x_wconf 83' lang='lat' dir='ltr'><strong>licetquam</strong></span> <span class='ocrx_word' id='word_1_280' title='bbox 288 2944 438 3001; x_wconf 89' lang='lat' dir='ltr'><strong>sanissimo</strong></span> <span class='ocrx_word' id='word_1_281' title='bbox 461 2942 521 3001; x_wconf 90' lang='lat' dir='ltr'><strong>dari</strong></span> <span class='ocrx_word' id='word_1_282' title='bbox 544 2940 665 3000; x_wconf 90' lang='lat' dir='ltr'><strong>debeat:</strong></span> <span class='ocrx_word' id='word_1_283' title='bbox 688 2943 781 2999; x_wconf 89' lang='lat' dir='ltr'><strong>minus</strong></span> <span class='ocrx_word' id='word_1_284' title='bbox 797 2941 872 2999; x_wconf 90' lang='lat' dir='ltr'><strong>enim</strong></span> <span class='ocrx_word' id='word_1_285' title='bbox 888 2943 1089 3019; x_wconf 87' lang='lat' dir='ltr'><strong>corrumpitur,</strong></span> 
     </span>
     <span class='ocr_line' id='line_1_34' title="bbox 93 3022 1090 3103; baseline -0.003 -19"><span class='ocrx_word' id='word_1_286' title='bbox 93 3025 170 3102; x_wconf 92' lang='lat' dir='ltr'><strong>quod</strong></span> <span class='ocrx_word' id='word_1_287' title='bbox 187 3027 302 3101; x_wconf 83' lang='lat' dir='ltr'><strong>integro</strong></span> <span class='ocrx_word' id='word_1_288' title='bbox 319 3027 435 3103; x_wconf 91' lang='lat' dir='ltr'><strong>corpori</strong></span> <span class='ocrx_word' id='word_1_289' title='bbox 451 3026 581 3099; x_wconf 79' lang='lat' dir='ltr'><strong>infertur.</strong></span> <span class='ocrx_word' id='word_1_290' title='bbox 609 3023 712 3101; x_wconf 89' lang='lat' dir='ltr'><strong>Neque</strong></span> <span class='ocrx_word' id='word_1_291' title='bbox 725 3032 818 3082; x_wconf 88' lang='lat' dir='ltr'><strong>tamen</strong></span> <span class='ocrx_word' id='word_1_292' title='bbox 830 3040 929 3080; x_wconf 84' lang='lat' dir='ltr'><strong>verum</strong></span> <span class='ocrx_word' id='word_1_293' title='bbox 942 3033 996 3098; x_wconf 90' lang='lat' dir='ltr'><strong>est,</strong></span> <span class='ocrx_word' id='word_1_294' title='bbox 1014 3022 1090 3100; x_wconf 92' lang='lat' dir='ltr'><strong>quod</strong></span> 
     </span>
     <span class='ocr_line' id='line_1_35' title="bbox 93 3104 1090 3184; baseline -0.006 -16"><span class='ocrx_word' id='word_1_295' title='bbox 93 3109 257 3168; x_wconf 80' lang='lat' dir='ltr'><strong>Themisoni</strong></span> <span class='ocrx_word' id='word_1_296' title='bbox 277 3108 444 3184; x_wconf 87' lang='lat' dir='ltr'><strong>videbatur,</strong></span> <span class='ocrx_word' id='word_1_297' title='bbox 467 3110 490 3167; x_wconf 89' lang='lat' dir='ltr'><strong>si</strong></span> <span class='ocrx_word' id='word_1_298' title='bbox 516 3106 624 3166; x_wconf 88' lang='lat' dir='ltr'><strong>duabus</strong></span> <span class='ocrx_word' id='word_1_299' title='bbox 645 3105 724 3163; x_wconf 92' lang='lat' dir='ltr'><strong>horis</strong></span> <span class='ocrx_word' id='word_1_300' title='bbox 747 3105 861 3178; x_wconf 82' lang='lat' dir='ltr'><strong>integer</strong></span> <span class='ocrx_word' id='word_1_301' title='bbox 880 3104 990 3162; x_wconf 90' lang='lat' dir='ltr'><strong>iuturus</strong></span> <span class='ocrx_word' id='word_1_302' title='bbox 1012 3113 1090 3163; x_wconf 88' lang='lat' dir='ltr'><strong>esset</strong></span> 
     </span>
     <span class='ocr_line' id='line_1_36' title="bbox 58 3187 1088 3268; baseline -0.009 -16"><span class='ocrx_word' id='word_1_303' title='bbox 58 3213 83 3253; x_wconf 75' lang='lat' dir='ltr'><strong>sc</strong></span> <span class='ocrx_word' id='word_1_304' title='bbox 93 3210 200 3268; x_wconf 81' lang='lat' dir='ltr'><strong>aeger,</strong></span> <span class='ocrx_word' id='word_1_305' title='bbox 223 3194 312 3250; x_wconf 91' lang='lat' dir='ltr'><strong>satius</strong></span> <span class='ocrx_word' id='word_1_306' title='bbox 335 3211 403 3251; x_wconf 90' lang='lat' dir='ltr'><strong>esse</strong></span> <span class='ocrx_word' id='word_1_307' title='bbox 424 3201 490 3249; x_wconf 91' lang='lat' dir='ltr'><strong>tunc</strong></span> <span class='ocrx_word' id='word_1_308' title='bbox 508 3191 583 3257; x_wconf 89' lang='lat' dir='ltr'><strong>dari;</strong></span> <span class='ocrx_word' id='word_1_309' title='bbox 606 3198 635 3247; x_wconf 90' lang='lat' dir='ltr'><strong>ut</strong></span> <span class='ocrx_word' id='word_1_310' title='bbox 649 3187 684 3246; x_wconf 88' lang='lat' dir='ltr'><strong>ab</strong></span> <span class='ocrx_word' id='word_1_311' title='bbox 699 3188 814 3261; x_wconf 86' lang='lat' dir='ltr'><strong>integro</strong></span> <span class='ocrx_word' id='word_1_312' title='bbox 833 3203 958 3262; x_wconf 89' lang='lat' dir='ltr'><strong>corpure</strong></span> <span class='ocrx_word' id='word_1_313' title='bbox 975 3188 1088 3263; x_wconf 89' lang='lat' dir='ltr'><strong>potissi·</strong></span> 
     </span>
     <span class='ocr_line' id='line_1_37' title="bbox 93 3267 1090 3346; baseline -0.007 -13"><span class='ocrx_word' id='word_1_314' title='bbox 93 3294 166 3334; x_wconf 91' lang='lat' dir='ltr'><strong>mum</strong></span> <span class='ocrx_word' id='word_1_315' title='bbox 188 3275 379 3334; x_wconf 88' lang='lat' dir='ltr'><strong>diduceretur.</strong></span> <span class='ocrx_word' id='word_1_316' title='bbox 418 3275 489 3334; x_wconf 90' lang='lat' dir='ltr'><strong>Nam</strong></span> <span class='ocrx_word' id='word_1_317' title='bbox 514 3276 537 3332; x_wconf 88' lang='lat' dir='ltr'><strong>si</strong></span> <span class='ocrx_word' id='word_1_318' title='bbox 562 3272 656 3332; x_wconf 93' lang='lat' dir='ltr'><strong>diduci</strong></span> <span class='ocrx_word' id='word_1_319' title='bbox 676 3279 733 3328; x_wconf 90' lang='lat' dir='ltr'><strong>tarn</strong></span> <span class='ocrx_word' id='word_1_320' title='bbox 753 3267 889 3327; x_wconf 88' lang='lat' dir='ltr'><strong>celeriter</strong></span> <span class='ocrx_word' id='word_1_321' title='bbox 914 3276 1033 3346; x_wconf 88' lang='lat' dir='ltr'><strong>posset,</strong></span> <span class='ocrx_word' id='word_1_322' title='bbox 1062 3268 1090 3326; x_wconf 93' lang='lat' dir='ltr'><strong>id</strong></span> 
     </span>
    </p>
   </div>
   <div class='ocr_carea' id='block_1_4' title="bbox 94 3353 1093 3585">
    <p class='ocr_par' dir='ltr' id='par_1_4' title="bbox 94 3353 1093 3585">
     <span class='ocr_line' id='line_1_38' title="bbox 94 3353 1090 3436; baseline -0.006 -21"><span class='ocrx_word' id='word_1_323' title='bbox 94 3367 172 3416; x_wconf 89' lang='lat' dir='ltr'><strong>esset</strong></span> <span class='ocrx_word' id='word_1_324' title='bbox 196 3360 347 3436; x_wconf 87' lang='lat' dir='ltr'><strong>optimum:</strong></span> <span class='ocrx_word' id='word_1_325' title='bbox 371 3358 423 3417; x_wconf 88' lang='lat' dir='ltr'><strong>sed</strong></span> <span class='ocrx_word' id='word_1_326' title='bbox 446 3376 529 3435; x_wconf 90' lang='lat' dir='ltr'><strong>quum</strong></span> <span class='ocrx_word' id='word_1_327' title='bbox 549 3356 605 3416; x_wconf 87' lang='lat' dir='ltr'><strong>hoc</strong></span> <span class='ocrx_word' id='word_1_328' title='bbox 627 3353 717 3413; x_wconf 89' lang='lat' dir='ltr'><strong>breve</strong></span> <span class='ocrx_word' id='word_1_329' title='bbox 739 3361 851 3429; x_wconf 90' lang='lat' dir='ltr'><strong>tempus</strong></span> <span class='ocrx_word' id='word_1_330' title='bbox 873 3369 930 3410; x_wconf 91' lang='lat' dir='ltr'><strong>non</strong></span> <span class='ocrx_word' id='word_1_331' title='bbox 951 3358 1090 3429; x_wconf 88' lang='lat' dir='ltr'><strong>praestet,</strong></span> 
     </span>
     <span class='ocr_line' id='line_1_39' title="bbox 95 3433 1093 3578; baseline -0.008 -79"><span class='ocrx_word' id='word_1_332' title='bbox 95 3442 182 3500; x_wconf 89' lang='lat' dir='ltr'><strong>satius</strong></span> <span class='ocrx_word' id='word_1_333' title='bbox 204 3450 248 3500; x_wconf 91' lang='lat' dir='ltr'><strong>est</strong></span> <span class='ocrx_word' id='word_1_334' title='bbox 273 3443 414 3520; x_wconf 90' lang='lat' dir='ltr'><strong>principia</strong></span> <span class='ocrx_word' id='word_1_335' title='bbox 437 3441 493 3500; x_wconf 90' lang='lat' dir='ltr'><strong>cibi</strong></span> <span class='ocrx_word' id='word_1_336' title='bbox 517 3459 532 3499; x_wconf 90' lang='lat' dir='ltr'><strong>a</strong></span> <span class='ocrx_word' id='word_1_337' title='bbox 556 3438 717 3499; x_wconf 90' lang='lat' dir='ltr'><strong>decedente</strong></span> <span class='ocrx_word' id='word_1_338' title='bbox 732 3434 830 3509; x_wconf 87' lang='lat' dir='ltr'><strong>febre,</strong></span> <span class='ocrx_word' id='word_1_339' title='bbox 854 3452 937 3578; x_wconf 57' lang='lat' dir='ltr'><strong>qqqam</strong></span> <span class='ocrx_word' id='word_1_340' title='bbox 955 3433 1093 3511; x_wconf 86' lang='lat' dir='ltr'><strong>reliquias</strong></span> 
     </span>
     <span class='ocr_line' id='line_1_40' title="bbox 134 3544 265 3585; baseline 0.023 -3"><span class='ocrx_word' id='word_1_341' title='bbox 134 3544 229 3583; x_wconf 74' lang='lat' dir='ltr'>CELSUS</span> <span class='ocrx_word' id='word_1_342' title='bbox 246 3545 265 3585; x_wconf 86' lang='lat'><strong>1.</strong></span> 
     </span>
    </p>
   </div>
   <div class='ocr_carea' id='block_1_5' title="bbox 0 0 1213 3924">
    <p class='ocr_par' dir='ltr' id='par_1_5' title="bbox 0 0 1213 3924">
     <span class='ocr_line' id='line_1_41' title="bbox 0 0 1213 3924; baseline 0 0"><span class='ocrx_word' id='word_1_343' title='bbox 0 0 1213 3924; x_wconf 95' lang='lat' dir='ltr'><strong> </strong></span> 
     </span>
    </p>
   </div>
  </div>
 </body>
</html>
