2414 3924
436 223 506 272 nro.
521 225 594 272 vsu.
612 224 687 272 oar.
704 226 751 273 rr.
1027 214 1093 277 335

99 384 183 436 aceto
206 374 293 435 tincta
320 374 499 436 cohibendus
521 386 581 454 est,
609 377 856 456 occupandusque
877 377 1003 453 obiectis
1019 378 1089 442 lina·

97 461 216 534 mentis,
235 467 264 517 ει
280 466 367 536 caput
381 459 465 518 altius
484 461 673 520 excitandum.
703 460 807 538 Neque
828 459 855 518 id
871 459 957 521 ullum
972 472 1091 540 metum„

97 544 238 604 nisiinter
259 542 422 618 musculos,
444 545 492 620 qui
513 553 643 621 tempora
666 547 830 619 continent,
855 544 954 605 allent:
981 546 1033 605 sed
1047 546 1091 606 ibi

99 644 215 706 quoque
236 624 306 684 nihil
326 627 412 684 tutius
428 627 458 686 lit
475 624 550 705 (it,
573 627 594 702 ᾖ
610 628 658 702 13,
673 625 761 704 fine).
792 626 823 686 lu
840 629 915 687 omni
930 645 1002 688 vero
1018 631 1089 689 lisso

74 711 231 770 siractove
247 726 315 768 osse
330 710 460 786 protinus
479 711 654 788 antiquiores
669 711 773 771 medici
795 710 829 770 ad
849 711 1023 771 ferramenta
1037 731 1088 772 ve·

98 793 229 866 niebaut,
254 792 358 870 quibus
379 791 407 851 id
428 793 605 853 exciderent.
640 794 698 854 Sed
720 793 808 854 multo
830 794 932 854 melius
954 805 999 855 est
1021 805 1087 856 ante

98 877 253 954 emplastra
270 876 413 954 experiri,
440 894 515 954 quae
531 876 676 936 calvariae
691 894 777 937 eausa
796 887 1021 956 componuntur:
1037 896 1086 941 eo·

97 977 216 1037 rumque
235 958 351 1037 aliquod
368 969 485 1036 oportet
499 979 537 1019 ex
551 970 635 1021 aceto
651 960 790 1020 mollitum
812 979 866 1040 per
881 980 914 1021 se
937 980 1025 1040 super
1040 962 1086 1022 bs

99 1062 160 1104 sum
182 1042 340 1102 fractumve
365 1060 398 1102 os
422 1044 586 1121 imponere:
614 1043 718 1103 deinde
733 1062 822 1122 super
839 1043 868 1103 id
884 1044 1030 1123 aliquanto
1046 1046 1089 1107 la·

62 1149 85 1189 ιο
98 1129 170 1203 tius,
192 1144 276 1205 quam
297 1126 400 1184 vulnus
420 1136 482 1201 est,
508 1127 611 1187 eodem
633 1128 841 1188 medicamento
860 1127 960 1188 illitum
983 1130 1087 1190 linteo·
1160 1155 1164 1163 ·

99 1212 171 1286 lum,
188 1219 217 1269 et
233 1218 385 1288 praeterea
401 1209 546 1269 succidam
558 1209 649 1270 lanam
664 1220 750 1271 aceto
765 1212 896 1271 tinctam:
912 1221 970 1271 tum
985 1213 1089 1273 vulnus

99 1295 245 1370 deligare,
272 1302 302 1352 et
323 1293 450 1372 quotidie
474 1295 642 1366 resolvere;
664 1295 852 1372 similiterque
875 1313 977 1356 curare
994 1315 1088 1376 usque

99 1377 135 1438 ad
149 1377 223 1436 diem
239 1377 373 1454 quintum.
400 1377 528 1438 Asexto
550 1378 596 1437 die
617 1379 702 1438 etiarn
726 1395 835 1457 vapore
861 1395 953 1456 aquae
974 1379 1089 1440 calidae

99 1479 153 1540 per
169 1463 320 1538 spongiam
335 1460 453 1520 fovere:
471 1470 627 1538 ceteraque
645 1462 749 1521 eadem·
766 1462 874 1522 iacere.
901 1462 984 1537 Quod
1000 1464 1024 1522 si
1039 1482 1085 1524 oa·
1175 1478 1179 1487 ·

63 1543 217 1604 sororcula
232 1545 399 1603 increscere
418 1548 565 1625 coeperit,
583 1555 611 1604 et
625 1545 766 1605 febricula
783 1554 831 1605 aut
847 1545 938 1606 soluta
956 1549 1020 1622 erit,
1038 1557 1088 1606 aut

98 1628 207 1703 leuior,
224 1636 254 1686 et
270 1627 410 1705 cupiditas
428 1628 484 1688 cibi
501 1629 672 1705 reverterit,
689 1630 817 1707 satisque
839 1630 930 1688 somni
952 1630 1085 1706 accedet,

97 1715 126 1771 in
141 1711 245 1771 eodem
263 1712 472 1771 medicamento
485 1714 540 1771 erit
554 1714 809 1790 perseverandum.
841 1711 1023 1772 Procedente
1036 1714 1085 1773 de·

97 1795 163 1854 inde
179 1804 310 1872 tempore
326 1795 528 1854 emolliendum
543 1796 571 1855 id
588 1797 780 1874 emplastrum,
798 1797 913 1871 adjecto
932 1805 1031 1856 cerato
1048 1814 1088 1856 ex

98 1897 166 1938 rosa
181 1879 275 1947 iaoto;
295 1896 351 1956 qno
366 1879 477 1938 facilius
493 1897 608 1939 earnem
616 1879 778 1959 producat:
797 1898 859 1939 nom
879 1897 932 1958 per·
946 1897 978 1938 se
993 1881 1084 1957 repri·
1166 1883 1170 1890 '

60 1962 191 2022 sumendi
210 1963 266 2021 vim
282 1961 378 2023 habet.
398 1962 458 2021 llae
475 1965 586 2022 ratione
601 1974 691 2040 saepe
706 1965 794 2032 rimae
808 1964 884 2023 callo
898 1963 1020 2042 quodam
1035 1965 1085 2023 im·

99 2046 225 2125 plentur;
244 2054 346 2123 estque
363 2064 397 2105 ea
413 2048 488 2106 ossis
500 2047 580 2105 velut
596 2042 729 2106 cicatrix:
756 2055 785 2106 et
799 2047 883 2106 latius
898 2047 990 2106 fracta
1006 2065 1083 2122 ossa,

97 2131 191 2207 siqua
213 2131 287 2188 iuter
309 2148 341 2189 se
356 2147 413 2188 non
430 2129 641 2204 cohaerebunt,
666 2131 769 2189 eodem
793 2131 869 2191 callo
894 2131 1086 2209 glutinantur;

97 2221 199 2292 estque
217 2211 245 2272 id
260 2212 404 2290 aliquanto
420 2213 520 2273 melius
536 2212 725 2273 uelamentum
743 2212 883 2285 cerebro,
903 2231 987 2292 quam
1003 2230 1084 2289 caro,

98 2314 172 2375 quae
188 2297 289 2355 exciso
307 2313 375 2356 osse
388 2299 533 2357 increscit.
566 2299 596 2356 Si
612 2313 684 2355 vero
703 2297 754 2356 sub
771 2299 861 2375 prima
877 2299 1026 2357 curatione
1042 2297 1083 2356 fc·

59 2399 84 2438 as
97 2380 157 2439 bris
172 2379 334 2455 intenditur,
347 2380 511 2459 brevesque
524 2382 630 2455 somni,
645 2389 674 2439 et
688 2381 772 2440 iidem
789 2398 842 2459 per
859 2381 968 2440 somnia
983 2381 1083 2440 tumul·

99 2463 174 2522 tuosi
191 2472 270 2537 sont,
286 2463 368 2521 ulcus
383 2464 493 2539 madet,
511 2482 604 2542 neque
620 2464 719 2540 alitur,
736 2473 764 2523 et
780 2466 808 2523 in
825 2463 987 2524 cervicibus
1002 2465 1085 2541 glan·

98 2544 184 2605 dulae
199 2548 343 2621 oriuntur,
360 2548 455 2623 magni
473 2547 589 2607 dolores
607 2556 685 2623 sunt,
704 2548 818 2626 cibique
842 2565 931 2628 super
954 2546 1028 2607 haec
1042 2548 1087 2607 ia·

98 2629 210 2689 stidium
225 2631 375 2700 increscit:
392 2639 451 2690 tum
467 2630 578 2690 demum
596 2631 630 2690 ad
649 2649 759 2691 manum
781 2632 984 2711 scalprumque
1006 2632 1084 2690 veni·
1165 2700 1167 2705 ¹

98 2713 200 2773 endum
218 2723 271 2773 est.

63 2822 89 2863 sq
156 2796 220 2855 Duo
236 2815 306 2857 vero
323 2797 375 2856 sub
395 2797 454 2855 ictu
476 2797 619 2857 calvariae
642 2799 772 2875 pericula
798 2807 877 2864 sunt;
903 2816 939 2856 ne
965 2795 1011 2856 vel
1033 2797 1085 2856 iiu-

98 2880 194 2956 datur,
211 2881 259 2939 vel
274 2880 395 2940 medium
413 2881 532 2940 desidat.
566 2882 594 2940 Si
612 2883 707 2940 iissum
723 2890 781 2955 est,
799 2888 919 2957 possunt
931 2896 1001 2939 orae
1016 2895 1087 2937 esse

99 2981 303 3041 compressae,
324 2963 373 3023 vel
394 2965 460 3042 quia
491 2964 581 3023 altera
614 2983 701 3041 super
728 2964 848 3023 alteram
872 2963 1013 3029 excessit;
1034 2961 1084 3020 rel

99 3047 183 3106 etiam
203 3050 268 3126 quio
285 3048 471 3107 vehementer
486 3066 518 3106 se
534 3065 632 3106 rursus
648 3049 859 3107 commiserunt.
884 3044 929 3103 Ex
942 3061 998 3121 quo
1014 3061 1082 3104 eve·

98 3131 148 3205 nit,
165 3139 195 3189 ut
209 3132 310 3190 humor
324 3131 359 3192 ad
375 3131 566 3190 membranam
581 3131 694 3208 quidem
709 3128 873 3203 descendat,
889 3129 995 3186 exitum
1011 3144 1083 3188 vero

63 3231 155 3278 moon
170 3214 288 3282 babeat:
308 3233 341 3274 ac
359 3217 400 3274 sic
416 3233 478 3274 eam
493 3215 593 3289 irritet,
614 3215 759 3292 etgraves
774 3212 1007 3271 inflammationes
1023 3229 1082 3271 mo·
1130 3251 1134 3258 -

98 3308 173 3362 seat.
208 3299 247 3359 At
264 3299 311 3358 nbi
331 3299 452 3358 medinm
470 3297 599 3373 desedit,
616 3298 744 3358 eamdem
760 3295 874 3356 cerebri
889 3294 1083 3355 membranam

98 3398 132 3442 os
150 3391 249 3459 urget:
273 3383 414 3443 interduun
430 3384 514 3441 etiam
537 3400 574 3441 ex
594 3383 717 3442 fractora
738 3378 905 3460 quibusdem
920 3377 1002 3437 velm
1019 3395 1084 3438 aon·

97 3465 151 3525 leis
176 3466 378 3545 pungentibus.
400 3467 451 3527 His
474 3467 512 3526 ita
526 3466 748 3526 succurrendum
764 3474 825 3541 est,
841 3474 871 3525 nt
889 3474 1012 3524 tamen¹
