2414 3924
415 220 483 265 nm.
499 220 558 266 v11.
576 210 656 268 oum
672 221 720 267 rx.
767 202 772 210 '
1003 209 1063 272 285

71 394 155 436 unum
171 374 326 434 adducere.
356 373 386 432 Si
403 373 545 432 nonsatis
563 374 736 451 junguntur,
759 374 832 435 ultra
853 374 964 452 lineas,
994 393 1066 455 quas

73 469 137 522 ante
158 458 295 533 fecimus,
322 455 393 516 alias
421 455 492 515 duas
513 455 641 532 lunatas,
665 467 695 516 et
716 456 752 516 ad
769 457 884 535 plagam
908 475 1066 520 conversas

72 543 237 618 immittere,
262 539 365 618 quibus
387 556 495 598 summa
510 548 617 599 tantum
641 540 713 599 cutis
735 540 899 602 diducatur:
927 543 970 601 sic
991 545 1066 602 enim

72 629 113 703 fit,
128 635 158 685 ut
172 626 286 685 facilius
302 623 379 702 quod
392 623 554 699 adducitur,
566 624 655 700 ‘sequi
668 625 771 701 possit.
799 624 883 699 Quod
925 642 983 684 non
1020 635 1065 685 est

47 713 247 792 aoogendum3
277 710 330 770 sed
353 713 391 769 ita
413 707 625 786 adducendum,
657 716 688 766 ut
717 707 836 768 facilius
863 707 1086 786 subsequatur‚.

72 803 100 852 et
115 792 260 852 dimissum
276 807 332 849 non
349 789 464 847 multum
486 788 606 848 recedat
620 788 656 868 ¹).
685 789 829 849 Interdum
850 799 946 850 tamen
965 791 1001 851 ab
1025 792 1066 851 al·

72 886 133 935 tera
146 884 230 954 parte
246 875 317 932 cutis
333 871 407 931 haud
422 873 536 931 omnino
554 871 677 932 adducta
692 872 869 948 deformem,
890 892 975 954 quem
998 875 1066 935 reli·

73 961 147 1038 quit,
170 959 266 1018 locum
290 955 394 1015 reddit.
424 955 594 1030 Huiusmodi
619 955 677 1015 loci
700 955 791 1018 altera
812 971 882 1036 pars
903 959 1065 1032 incidenda,

72 1043 163 1103 altera
185 1043 291 1100 intacta
311 1038 441 1098 habenda
458 1048 502 1098 est
516 1039 553 1118 ²).
583 1038 665 1117 Ergo
681 1057 776 1117 neque
797 1042 915 1101 eximis
938 1040 1064 1118 auribus,

37 1145 62 1185 ro
72 1143 167 1204 neque
188 1143 224 1184 ex
239 1123 333 1182 medio
349 1140 420 1183 naso
437 1124 537 1182 imisve
554 1124 661 1182 narium
679 1123 825 1202 partibus,
848 1143 945 1204 neque
963 1144 1000 1185 ex
1017 1144 1066 1186 an·

72 1210 148 1286 gulis
163 1207 309 1267 labrorum
325 1205 477 1284 quidquam
494 1205 638 1266 attrahere
650 1205 830 1267 tentabimus.
848 1209 997 1288 Utrimque
1015 1227 1064 1271 au·

73 1300 296 1368 compotemus,
314 1292 339 1348 si
356 1289 421 1367 quid
433 1291 548 1348 sommis
566 1289 696 1368 auribus,
719 1292 744 1348 si
762 1290 829 1368 quid
844 1289 925 1370 imis,
948 1295 972 1353 si
999 1293 1065 1372 quid

74 1383 121 1435 aut
135 1373 229 1433 medio
246 1391 335 1447 naso,
352 1382 399 1432 aut
413 1373 514 1433 mediis
531 1373 663 1451 naribus⁷
686 1383 733 1434 aut
747 1375 848 1433 mediis
864 1374 951 1435 labris
964 1377 1064 1437 deerit.

75 1460 156 1534 Quae
171 1466 264 1516 tamen
280 1456 419 1517 interdum
434 1459 518 1517 etiam
534 1456 645 1516 duobus
661 1458 735 1517 locis
752 1467 832 1518 curta
849 1476 915 1518 esse
942 1477 1065 1520 consue·

39 1550 152 1601 urunt:
175 1540 227 1600 sed
243 1541 344 1599 eadem
361 1541 434 1599 ratio
452 1541 569 1600 curandi
582 1549 636 1600 est.
669 1542 699 1600 si
715 1540 855 1617 cartilago
870 1543 900 1600 in
920 1561 971 1621 eo,
987 1543 1064 1621 qnod

71 1625 191 1685 incisum
206 1632 269 1699 est,
287 1624 407 1700 eminet,
424 1623 583 1683 excidenda
599 1634 657 1683 est:
681 1642 775 1703 neque
791 1624 865 1684 enim
879 1633 926 1684 aut
943 1626 1064 1704 glutina·

72 1719 133 1785 tur,
156 1717 204 1768 aut
219 1725 273 1767 acu
293 1714 354 1766 tuto
377 1707 525 1781 traiicitur.
554 1705 657 1784 Neque
679 1706 768 1783 longe
792 1715 887 1767 tamen
904 1709 999 1768 excidi
1015 1709 1063 1768 de·
1132 1780 1134 1784 p

72 1793 138 1866 bet,
166 1809 202 1849 ne
225 1793 299 1850 inter
317 1789 387 1848 duas
410 1807 476 1849 oras
492 1789 603 1850 liberae
625 1792 698 1849 cutis
719 1791 861 1867 utrimque
877 1793 968 1851 coitus
985 1794 1063 1870 puris

72 1877 134 1936 lieri
150 1876 251 1953 possit.
281 1873 352 1933 Tum
367 1875 485 1948 junctae
501 1891 571 1934 orae
586 1875 660 1932 inter
675 1892 708 1932 se
724 1873 850 1934 suendae
865 1885 945 1951 sunt,
969 1878 1063 1935 utrim-

36 1979 62 2018 2o
73 1978 129 2039 que
141 1968 205 2018 cute
222 1958 420 2035 apprehensa;
441 1965 469 2016 et
486 1975 542 2036 qua
559 1958 670 2037 priores
686 1956 781 2015 lineae
797 1966 877 2033 sunt,
895 1976 928 2018 ea
947 1977 1065 2038 quoque
1128 1972 1138 1979 ·

72 2052 185 2102 suturae
198 2041 369 2117 injiciendae
383 2049 456 2100 sunt.
484 2042 577 2101 Siccis
589 2041 673 2119 locis,
690 2041 729 2100 uti
740 2040 947 2119 naribus‚illita
963 2060 1063 2121 spuma

71 2128 183 2202 argenti
209 2128 279 2186 satis
309 2126 433 2205 proiicit.
466 2123 498 2184 ln
514 2125 667 2184 ulteriores
684 2143 754 2184 vero
771 2126 943 2205 lunatasque
959 2127 1063 2208 plagas

70 2211 252 2270 linamentum
268 2208 388 2268 dandum
403 2216 462 2285 est,
485 2218 515 2267 ut
537 2226 606 2268 caro
628 2211 796 2269 increscens
810 2209 914 2269 vulnus
935 2211 1062 2290 impleat.

71 2294 241 2372 Summaque
258 2310 341 2366 cura,
365 2290 441 2371 quod
460 2293 498 2351 ita
517 2301 609 2351 sutum
631 2300 692 2369 est,
708 2293 842 2352 tuendum
864 2312 948 2369 esse,
974 2313 1062 2373 appa-

32 2399 60 2437 25
70 2394 137 2436 rere
153 2396 190 2436 ex
207 2395 241 2436 eo
258 2385 356 2455 potest
370 2375 446 2454 quod
463 2375 499 2435 do
514 2393 618 2436 cancro
633 2394 720 2454 supra
735 2378 819 2455 posui
827 2377 879 2456 (V,
891 2376 957 2456 28).
980 2377 1062 2456 Ergo
1151 2424 1155 2432 .

73 2461 159 2520 etiam
181 2462 266 2520 tertio
290 2478 405 2538 quoque
428 2460 474 2518 die
498 2459 654 2520 fovendum
679 2461 734 2519 erit
754 2477 863 2539 vapore
887 2479 979 2539 aquae
996 2462 1063 2522 cali-

71 2543 142 2614 dae;
172 2560 327 2620 rursusque
348 2544 423 2602 idem
446 2543 680 2603 medicamentum
710 2544 908 2618 injiciendum:
940 2547 1062 2624 fereque

139 2796 166 2862 1)
183 2797 292 2847 Eduard.
304 2798 359 2847 Zeis
373 2797 438 2847 hanc
452 2797 559 2862 liguram
573 2797 674 2846 exhibet
682 2798 908 2864 operationiscelsi
918 2799 988 2848 labro
1000 2796 1065 2844 infe-

71 2864 131 2914 riori
141 2866 355 2927 accommodatae3

425 2944 724 3072 (ll)

71 3099 124 3163 ligo
139 3114 198 3150 vero
209 3115 264 3149 eam
276 3101 385 3166 figuram
398 3100 445 3149 hoc
455 3097 530 3146 modo
543 3098 649 3146 correxi.
685 3099 750 3147 Vide
766 3099 827 3149 (iaz.
840 3097 903 3147 med.
921 3098 953 3146 de
970 3097 1062 3153 Portu

70 3169 150 3215 aranee
165 3169 241 3231 1847,
255 3186 279 3234 p.
298 3170 346 3219 105
359 3185 416 3231 sqq.

138 3256 737 3548 2>(·——‘p(*U—)
