2414 3924
117 223 159 291 42
412 234 446 280 A.
463 233 494 282 c.
511 231 611 281 coust
625 231 821 281 uuoucunuu

116 393 217 469 nigrae
233 390 388 450 cicatrices
402 388 470 448 liant
491 386 588 468 (ibid.
607 388 629 464 §
649 389 716 467 36).
757 386 868 460 Quibus
890 405 977 449 ccusa
997 389 1121 468 doloris,

117 492 214 553 neque
234 491 337 533 seusus
353 473 416 548 ejus
434 482 496 548 est,
518 472 563 532 bis
583 490 664 532 meus
679 471 759 532 labat
776 471 830 549 (cf.
846 469 926 551 Apu.
943 472 986 548 ll,
1002 473 1049 553 6).
1091 478 1121 537 st

118 562 288 619 inventrem
301 557 419 632 sanguis
431 557 579 632 confluxit,
591 556 630 616 ibi
642 558 670 614 in
683 575 735 634 pus
746 557 868 616 vertitur
881 553 976 634 (Apis.
989 557 1038 637 vl,
1052 559 1120 638 20).

116 645 179 705 Sia
195 642 295 717 conis,
312 650 340 700 et
355 639 391 700 ab
404 640 589 701 inferioribus
605 641 734 718 partibus
748 639 835 699 dolor
848 641 876 699 iu
889 650 993 718 pectus
1008 646 1119 720 transit,

115 745 212 805 neque
232 725 320 785 ullum
341 727 452 802 siguum
472 725 576 784 malum
597 726 741 799 accessit,
764 726 978 802 suppurationis
995 742 1031 785 eo
1050 727 1147 788 locos

115 810 276 890 periculum
289 819 334 869 εει
352 807 482 889 (Propo.
498 809 598 888 §19).
623 806 734 882 Quibus
750 809 812 866 sine
828 808 911 869 febre
926 809 1022 888 aliqua
1037 821 1120 889 parte

116 894 212 969 dolor,
229 903 277 953 aut
288 896 420 971 prurigo,
437 912 499 953 curu
516 893 622 952 rubore
639 901 668 952 et
686 892 785 952 calore
802 902 858 968 est,
874 892 913 952 ibi
929 894 1036 972 aliquid
1052 914 1120 974 sup·

115 987 209 1060 purat.
230 977 317 1038 Urina
332 994 449 1055 quoque
466 978 582 1055 quaein
597 976 713 1036 homine
729 993 800 1036 sano
821 994 920 1054 parum
938 977 1046 1056 liquida
1064 989 1120 1056 εει,

116 1066 194 1124 circa
210 1080 296 1122 aures
316 1061 438 1121 futuram
453 1059 575 1140 aliquam
593 1061 830 1139 suppurationem
845 1079 913 1120 esse
929 1061 1085 1124 denuntiat.

174 1146 255 1207 Haec
274 1163 363 1221 vero,
387 1163 472 1223 quum
495 1147 558 1205 sine
580 1144 663 1204 febre
678 1161 795 1224 quoque
811 1143 860 1205 vel
884 1145 1048 1223 latentium,
1072 1148 1156 1213 velus

115 1233 272 1293 futurarum
288 1248 384 1290 rerum
399 1239 482 1289 notas
495 1229 636 1304 babeant,
660 1229 749 1288 multo
772 1230 897 1290 certiora
912 1239 992 1307 sunt,
1012 1230 1062 1291 ubi
1077 1232 1120 1292 fe·

115 1317 177 1376 bris
191 1316 332 1383 accessit;
353 1322 440 1392 atque
464 1316 550 1375 etiarn
565 1313 685 1373 aliorum
707 1313 873 1372 morborum
896 1323 953 1374 tum
976 1316 1057 1392 signa
1072 1335 1120 1377 na·

116 1408 244 1460 scuutur.
278 1396 358 1475 Ergo
377 1399 508 1475 protinus
524 1399 633 1458 insania
649 1397 774 1456 timenda
797 1407 859 1473 est,
882 1398 931 1457 ubi
956 1400 1122 1478 expeditior

115 1483 250 1559 alicujus,
270 1500 354 1561 quam
369 1484 430 1541 sani
448 1481 511 1556 fuit,
527 1499 623 1541 sermo
636 1490 692 1556 est,
711 1481 864 1559 subitaque
882 1483 1045 1561 loquacitas
1057 1494 1120 1544 orta

116 1576 179 1642 εει,
198 1576 227 1627 ει
238 1567 312 1627 baec
328 1567 391 1643 ipsa
407 1566 494 1627 solito
506 1566 643 1625 audacior
659 1565 714 1644 (cf.
729 1563 825 1627 Gouc.
839 1567 912 1646 51):
929 1577 977 1627 aut
989 1566 1036 1626 ubi
1051 1584 1118 1627 raro
1131 1592 1154 1632 rs

114 1653 180 1731 quis
195 1660 225 1710 et
239 1650 431 1710 vehementer
447 1651 548 1728 spirat,
564 1668 715 1729 venasque
732 1651 892 1709 concitatas
907 1650 1012 1726 habet,
1032 1669 1117 1728 prae·

114 1735 223 1797 cordiis
245 1734 324 1794 doris
342 1742 371 1794 et
386 1733 568 1794 tumentibus.
601 1732 758 1793 Oculorum
775 1751 890 1813 quoque
904 1733 1044 1814 frequens
1057 1752 1118 1795 mo·

113 1829 176 1895 tus,
202 1828 232 1879 et
251 1821 279 1879 in
303 1821 407 1897 capitis
423 1818 526 1879 dolore
544 1819 655 1878 offusae
671 1818 765 1878 oculis
786 1818 942 1888 tenebrae;
958 1816 1023 1895 vel,
1038 1819 1118 1880 nullo

118 1903 222 1965 dolore
243 1903 409 1980 substante,
433 1920 550 1963 somnus
571 1913 706 1982 ereptus,
731 1904 955 1982 continuataque
978 1913 1065 1963 nocte
1090 1914 1119 1964 et

113 1988 160 2048 die
174 1989 288 2064 vigilia;
312 1987 361 2046 vel
377 1997 550 2065 prostratum
571 1997 671 2048 contra
696 1986 933 2047 consuetudinem
958 2005 1065 2067 corpus
1089 1990 1155 2052 insu

111 2081 259 2146 ventrem,
281 2073 323 2130 sic
340 2080 371 2129 ut
392 2072 483 2149 ipsius
506 2071 562 2130 alvi
583 2071 668 2132 dolor
683 2072 712 2131 id
732 2089 789 2130 non
807 2073 954 2149 coegerim
978 2074 1057 2148 item,
1072 2090 1118 2131 ro-

113 2156 198 2216 busto
211 2156 305 2215 adhuc
319 2172 456 2234 corpore,
468 2155 601 2214 insolitus
614 2155 740 2214 dentium
758 2156 875 2228 stridor,
894 2157 1022 2217 insaniae
1037 2158 1120 2233 signa

118 2248 183 2299 sunt
203 2237 332 2319 (Propo.
356 2239 440 2318 §3).
479 2240 509 2298 Si
539 2239 606 2317 quid
629 2241 714 2299 etiam
734 2239 894 2315 abscessit,
919 2249 948 2300 et
968 2250 1119 2319 antequam

118 2332 308 2401 suppuraret,
333 2332 467 2382 manente
483 2321 576 2381 adhuc
594 2322 689 2397 febre,
703 2322 842 2400 subsedit,
862 2324 1023 2402 periculum
1035 2325 1120 2384 affert

112 2408 231 2486 primum
245 2406 362 2481 furoris,
379 2405 483 2465 deinde
500 2408 629 2466 interitus
647 2405 743 2485 (fotu.
761 2407 782 2482 δ
801 2406 866 2486 18).
900 2407 988 2468 Auris
999 2426 1117 2487 quoque
1128 2433 1153 2472 25

112 2490 197 2550 dolor
212 2498 331 2566 ocutus,
356 2508 418 2550 cum
434 2489 517 2550 febre
534 2492 666 2551 continua
680 2492 916 2571 vehementique,
933 2510 1023 2570 saepe
1039 2511 1118 2552 men·

112 2584 170 2634 tem
186 2573 296 2641 turbam
322 2583 351 2633 ει
368 2592 404 2633 ex
420 2592 457 2634 eo
478 2592 547 2634 casu
559 2577 689 2652 juniores
705 2576 846 2636 interdum
867 2577 939 2635 intra
966 2578 1118 2654 septimum

112 2658 186 2718 diem
215 2660 389 2727 moriuntur;
422 2661 555 2719 seniores
581 2659 704 2729 tardius;
737 2663 870 2739 quoniam
897 2678 992 2738 neque
1023 2679 1118 2739 aeque

112 2759 232 2817 magnas
247 2740 348 2801 febres
364 2745 567 2821 experiuntur,
590 2762 686 2822 neque
708 2762 802 2823 aeque
819 2746 975 2811 insaniunt:
998 2745 1037 2804 ita
1055 2763 1117 2804 sus-

112 2827 216 2902 tinent,
240 2825 304 2885 dum
319 2827 343 2886 is
362 2827 483 2887 affectus
500 2829 527 2886 in
543 2846 596 2905 pus
613 2837 741 2888 vertatur
760 2827 889 2907 (Propo.
907 2829 929 2904 §
945 2829 1012 2907 22).
1051 2829 1115 2889 Suf-
1128 2849 1154 2890 oo

111 2910 194 2970 fusae
214 2927 331 2989 quoque
346 2913 486 2988 sunguine
502 2911 629 2971 molieris
647 2930 802 2987 mammae,
825 2913 951 2972 furorem
968 2922 1117 2973 venturum

113 3012 181 3054 esse
203 3003 344 3055 testantur
368 2994 463 3073 (Apu.
489 2995 525 3066 V,
548 2995 616 3074 40).
650 2994 760 3070 Quibus
779 3006 873 3055 autem
894 2997 1001 3074 longae
1017 2996 1117 3056 febres

113 3088 195 3153 sunt,
217 3079 261 3138 bis
279 3088 326 3138 aut
342 3078 499 3139 abscessus
513 3080 623 3159 aliqui,
635 3089 683 3140 aut
699 3080 884 3140 articulorum
900 3080 1019 3141 dolores
1036 3089 1117 3139 erunt

112 3161 211 3242 (Aplt.
228 3162 285 3236 lv,
301 3166 357 3232 44;
375 3162 470 3224 θυαε.
490 3166 575 3243 115).
602 3163 731 3237 Quorum
744 3163 875 3224 faucibus
889 3166 918 3222 in
933 3164 1016 3225 febre
1033 3163 1117 3223 illidi·

112 3255 158 3306 tur
175 3248 306 3325 spiritus,
323 3248 409 3307 instat
423 3248 467 3307 his
482 3266 637 3307 nervorum
653 3248 788 3308 distentio
804 3246 899 3326 (Apu.
917 3249 966 3325 IV,
983 3247 1050 3328 68).
1085 3250 1116 3308 Si
1127 3267 1153 3309 su

113 3333 216 3407 angina
232 3331 327 3391 subito
345 3331 421 3391 linita
440 3341 500 3406 est,
517 3334 545 3390 in
560 3332 724 3410 pulmonem
736 3333 765 3392 id
778 3333 882 3391 malum
897 3334 1011 3402 trausit;
1028 3332 1116 3411 idque

114 3431 205 3492 saepe
222 3416 294 3474 iutra
314 3417 464 3494 septimum
480 3416 556 3475 diem
570 3417 693 3475 occidit:
711 3416 799 3494 quod,
815 3417 869 3475 nisi
884 3416 997 3493 incidit,
1021 3419 1116 3495 sequi·

115 3504 160 3555 tur
172 3507 201 3557 ut
215 3499 310 3577 aliqua
326 3508 408 3576 parte
421 3507 561 3577 suppuret
583 3497 679 3578 (Apis.
693 3500 729 3576 V,
745 3501 793 3569 to;
806 3498 901 3561 θυαε.
916 3499 987 3565 361;
1002 3497 1115 3577 Propo.
