2414 3924
135 210 180 272 at
440 221 840 271 uconumunnrcmnn

138 378 244 438 modici
262 377 399 450 ponderis
421 394 525 455 panem
548 395 587 436 cx
608 376 674 434 vino
695 394 779 450 esse,
802 377 915 452 adjecta
938 395 992 437 uva
1014 397 1051 437 ex
1069 378 1139 454 olla,

137 461 185 521 vel
202 478 240 520 cx
251 459 366 521 defruto
378 462 429 540 (cl.
444 459 553 521 Colum.
567 458 633 538 Xll,
646 459 713 538 43),
724 459 921 540 similibusque
938 462 1018 521 aliis:
1035 462 1140 522 deinde

137 545 173 605 ad
197 544 435 605 consuetudinem
457 543 563 603 redire.
601 543 724 621 Semper
745 551 840 603 autem
864 553 931 622 post
953 545 1046 605 cibum
1070 563 1138 607 con-

138 629 307 708 quiescere,
331 645 367 687 ac
386 645 481 706 neque
504 627 653 687 intendere
677 627 813 707 animum,
830 645 926 707 nequc
945 629 1139 690 ambulatione

138 713 268 790 quamvis
282 711 340 771 leni
354 711 504 771 dimoveri.
1149 730 1162 768 s

491 945 675 1007 CAPUT
705 948 787 1008 VII.

435 1064 556 1115 Remedia
583 1063 616 1114 ad
642 1063 690 1114 coli
716 1063 838 1114 dolorem.

201 1217 239 1276 At
261 1217 285 1274 si
306 1216 398 1275 laxius
421 1216 583 1275 intestinum
609 1216 710 1276 dolere
735 1219 902 1292 consuevit,
931 1234 1017 1295 quum
1043 1217 1072 1277 id
1097 1219 1137 1276 ni·

137 1300 177 1360 hil
192 1300 246 1359 nisi
267 1317 361 1375 genus
381 1299 534 1359 inflationis
554 1301 605 1375 sit,
627 1301 655 1360 id
676 1299 818 1376 agendum
838 1309 898 1375 cst,
920 1310 950 1360 nt
973 1311 1137 1380 concoquat

137 1383 257 1462 aliquis,
285 1391 314 1441 ut
335 1382 479 1458 lectione,
509 1383 631 1463 aliisque
652 1383 811 1461 generibus
833 1393 1021 1459 exerceatur,
1042 1394 1137 1445 utatur
1148 1396 1172 1437 1⁰

137 1466 244 1527 balneo
262 1465 373 1541 calido,
402 1467 474 1526 cibis
499 1483 616 1546 quoque
637 1477 666 1527 et
682 1467 848 1546 potionibus
867 1467 982 1538 calidis;
1011 1468 1137 1548 denique

110 1582 114 1590 ·
138 1550 313 1612 omnimodo
331 1549 424 1628 lrigus
439 1552 527 1626 vitet,
543 1552 612 1610 item
630 1551 725 1611 dulcia
742 1551 854 1627 omnia,
872 1552 1091 1631 leguminaque,
1109 1563 1139 1612 et

138 1634 276 1713 quidquid
293 1633 393 1693 inflare
412 1635 572 1694 consuevit.

371 1913 372 1916 =
476 1871 661 1933 CAPUT
692 1873 801 1932 VIII.

333 1987 468 2040 Stomacho
489 1989 661 2040 laborantibus
680 2004 745 2053 quae
762 1989 863 2055 agenda
880 1990 939 2040 siut.
1148 2003 1171 2041 15

201 2142 231 2200 Si
247 2142 309 2220 quIs
326 2156 397 2198 vero
414 2140 563 2199 stomacho
580 2140 707 2216 laborat,
729 2141 832 2218 legere
848 2141 928 2200 clarc
946 2141 1047 2210 debet;
1070 2151 1137 2219 post

137 2224 293 2284 lectionem
309 2223 471 2294 ambulare;
486 2233 543 2283 tum
554 2224 629 2303 pila,
646 2224 695 2284 vel
710 2227 815 2301 armis,
832 2225 929 2284 aliove
945 2241 1003 2304 quo
1013 2243 1135 2301 genere,

137 2325 195 2387 quo
211 2309 345 2384 superior
360 2325 426 2384 pars
439 2317 586 2383 movetur,
605 2311 752 2378 exerceri;
770 2326 827 2368 non
840 2326 958 2387 aquam,
974 2308 1028 2368 sed
1043 2310 1136 2367 vinum

138 2390 260 2450 calidum
281 2389 382 2449 bibere
399 2392 532 2466 jejunum
556 2391 650 2452 cibum
666 2392 710 2452 bis
725 2394 772 2453 die
788 2410 952 2468 assumere,
972 2394 1015 2451 sic
1029 2401 1134 2465 tamen,

136 2484 166 2533 ut
180 2474 268 2533 lacile
285 2484 462 2554 concoquat;
480 2477 520 2535 uti
537 2477 602 2536 tino
620 2478 697 2535 tenui
713 2485 742 2536 et
758 2487 891 2551 austero,
914 2486 943 2536 et
957 2484 1024 2554 post
1040 2475 1135 2534 cibum
1145 2495 1171 2535 ro

137 2557 248 2634 frigidis
270 2559 436 2636 potionibus
455 2562 560 2638 potius.
591 2561 774 2620 Stomachum
798 2569 891 2619 autem
908 2559 1048 2618 infirmum
1063 2559 1134 2618 indi-

138 2651 202 2702 cant
217 2641 328 2718 pallor,
344 2644 469 2720 macies,
486 2644 722 2722 praecordiorum
734 2644 835 2719 dolor,
851 2660 975 2717 nausea,
993 2650 1021 2701 et
1033 2642 1133 2701 nolen-

136 2726 204 2785 tium
222 2726 364 2801 vomitus,
381 2727 408 2785 in
419 2728 521 2803 jejuno
534 2727 619 2787 dolor
630 2729 742 2806 capitis.
778 2727 859 2801 Quae
874 2729 970 2808 inquo
984 2743 1042 2787 non
1057 2734 1133 2799 sunt,

136 2810 162 2868 is
178 2809 251 2868 firmi
271 2810 411 2869 stomachi
434 2820 487 2870 est.
521 2809 624 2888 Neque
643 2811 817 2872 credendum
840 2813 938 2891 utique
952 2812 1060 2871 nostris
1077 2817 1133 2883 est,

138 2893 202 2970 qui,
230 2911 316 2972 quum
337 2895 365 2952 io
386 2894 508 2954 adversa
522 2894 688 2955 valetudine
707 2898 802 2955 vinum
817 2904 864 2954 aut
885 2895 1017 2972 frigidam
1033 2911 1169 2972 aquamas

138 2979 384 3055 concupiverunt,
401 2978 567 3037 deliciarum
584 2980 773 3057 patrocinium
793 2979 821 3038 in
843 2981 1056 3038 accusationem
1077 2993 1134 3035 non

137 3063 273 3121 merentis
292 3061 433 3122 stomachi
448 3061 562 3121 habent.
593 3061 693 3142 Atqui
708 3063 790 3122 tarde
805 3071 1004 3142 concoquunt,
1022 3071 1051 3122 ct
1063 3077 1133 3140 quo·

137 3163 198 3205 rum
219 3146 285 3206 ideo
310 3146 481 3224 praecordia
503 3146 651 3222 indantur,
678 3147 764 3224 quire
786 3155 908 3225 propter
929 3147 1062 3206 ardorem
1083 3144 1134 3204 ali-

137 3248 222 3309 quem
240 3239 327 3290 noctu
343 3231 422 3289 sitire
438 3239 628 3307 consuerunt,
651 3239 802 3307 antequam
818 3233 1039 3309 conquiescant,
1061 3229 1134 3289 duos

137 3321 236 3373 tresve
259 3313 379 3389 cyathos
400 3331 454 3391 per
474 3323 590 3373 tenuem
610 3314 733 3373 fistulam
755 3312 861 3373 bibant.
902 3314 1025 3374 Prodest
1048 3313 1170 3372 etiamad

138 3394 278 3456 adversus
290 3397 398 3457 tardam
411 3399 629 3458 concoctionem
642 3397 722 3457 clare
735 3397 846 3473 legere,
859 3398 963 3458 deinde
974 3395 1133 3470 ambulare,

138 3486 195 3536 tum
211 3479 259 3539 vel
274 3482 342 3556 ungi
359 3480 408 3540 vel
426 3481 531 3551 lavari;
552 3479 669 3540 assidue
689 3482 784 3540 vinum
807 3480 941 3559 frigidum
963 3481 1080 3549 biberc;
1104 3487 1135 3538 et
