2414 3924
148 225 210 288 244
440 236 473 284 n.
491 236 521 284 o.
537 236 637 286 onnsr
651 236 846 287 usorcmss

148 393 214 456 dum
229 409 265 452 eo
280 392 364 452 lanae
382 391 498 472 paulum
513 399 573 459 est;
592 408 648 470 qno
663 393 728 470 ipse
746 393 772 450 is
789 392 879 469 subit,
898 401 928 452 et
946 393 1029 453 simul
1045 403 1142 456 extra·

146 477 233 540 bitur.
267 477 296 535 Si
316 494 373 535 non
396 485 441 535 est
463 483 618 553 sequutus,
640 475 754 535 aliudve
778 475 882 535 animal
903 485 966 553 est,
989 478 1143 557 specillum

147 561 213 621 lana
228 559 386 620 involutum
401 562 429 619 in
441 561 566 619 resinam
577 577 660 638 quam
672 559 945 636 glutinosissimam,
961 562 1144 640 maximeque

148 643 369 704 terebinthinam
393 642 610 720 demittendum,
640 644 727 721 idque
749 645 896 703 inaurem
918 645 1142 722 conjiciendum,

149 727 246 806 ibique
267 727 435 788 vertendum
451 736 510 787 est:
533 729 630 805 utique
647 729 721 785 enim
737 726 966 806 comprehendet
982 737 1011 788 et
1026 730 1167 790 eximetur

149 813 200 872 Sin
221 811 328 889 aliquid
351 812 480 870 exanime
503 820 563 886 est,
591 810 715 890 specillo
740 812 896 872 oriculario
917 812 1144 891 protrahendum

150 905 212 972 est,
234 904 283 955 aut
302 895 416 954 hamulo
439 904 537 954 retuso
559 895 672 971 paulum
687 903 857 955 recurvato:
878 897 903 956 si
920 898 974 956 ista
987 895 1059 955 nihil
1074 914 1143 976 pro·

149 981 264 1056 ficiunt,
286 987 384 1057 potest
400 979 503 1038 eodem
519 978 604 1037 modo
620 979 717 1037 resiaa
736 978 875 1058 protrahi.
911 981 1143 1058 Sternutamenta
1189 1002 1193 1012 ·

150 1080 266 1143 quoque
285 1061 398 1122 admota
412 1062 441 1122 id
457 1061 607 1121 commode
626 1061 751 1138 elidunt,
777 1071 825 1121 aut
840 1064 996 1124 oriculario
1013 1063 1144 1139 clystere

149 1165 222 1227 aqna
240 1146 427 1205 vehementer
441 1147 516 1205 intus
532 1145 690 1224 compulsa.
714 1144 823 1205 'l'abula
836 1164 953 1225 quoque
969 1146 1179 1224 collocatur,1o

149 1231 242 1290 media
257 1230 426 1305 inhaerens,
450 1229 592 1308 capitibus
608 1231 748 1307 utrimque
765 1230 975 1309 pendentibus,
995 1248 1144 1309 superque

150 1331 212 1372 earn
226 1312 313 1371 homo
329 1313 473 1390 deligatur
488 1315 515 1371 in
532 1313 560 1372 id
577 1313 651 1372 latus
668 1331 787 1390 versus,
810 1317 891 1391 cujus
907 1317 983 1375 auris
1002 1330 1039 1373 eo
1054 1315 1144 1375 modo

149 1396 279 1472 laborat,
308 1399 366 1473 sic,
393 1405 423 1455 ut
443 1406 524 1455 extra
548 1396 673 1456 tabulam
696 1413 754 1456 non
781 1399 919 1460 emineat:
951 1407 1010 1458 tom
1034 1398 1144 1459 malleo

150 1489 236 1559 caput
258 1479 390 1557 tabulae,
415 1481 492 1558 qnod
514 1479 669 1558 apedibus
690 1489 752 1556 est,
776 1480 891 1551 teritum
914 1491 1000 1560 atque
1016 1482 1055 1541 ita
1072 1498 1142 1542 con·

151 1583 234 1624 cussa
249 1583 335 1640 aure,
355 1565 382 1625 id
397 1563 474 1642 quod
490 1564 581 1640 inest,
598 1563 717 1623 excidit.
1154 1580 1179 1622 ιι

479 1800 662 1861 ΟΑΡΙΙΤ
695 1803 813 1861 VIII.

506 1914 544 1963 De
561 1913 660 1962 narium
674 1913 778 1964 morbis.

210 2068 235 2125 1.
275 2062 370 2123 Nares
404 2082 477 2124 vero
510 2064 691 2124 exulceratas
723 2066 826 2125 fovere
862 2073 980 2144 oportet
1032 2083 1144 2144 vapore

150 2169 242 2229 aquae
265 2148 385 2208 calidae.
422 2147 454 2207 ld
475 2158 504 2207 et
518 2150 641 2226 spongia
657 2166 799 2226 expressa
814 2157 901 2225 atque
916 2147 1030 2208 admota
1046 2149 1093 2224 lit,
1115 2158 1145 2207 et

150 2234 283 2309 subjecto
305 2250 376 2292 vase
400 2234 459 2289 oris
487 2235 614 2308 angusti,
644 2232 737 2292 calida
761 2249 835 2309 aqua
855 2231 981 2309 repleto.
1022 2232 1093 2292 Post
1114 2231 1143 2291 id
1153 2251 1178 2290 ao

150 2319 306 2376 lomentum
323 2314 458 2373 illinenda
480 2315 578 2374 ulcera
601 2325 664 2375 sunt
684 2325 731 2375 aut
747 2314 857 2394 plumbi
874 2324 1074 2391 recremento,
1097 2325 1145 2374 aut

152 2416 287 2474 cerussa,
309 2407 357 2457 aut
379 2399 492 2473 argenti
513 2407 628 2475 spuma;
652 2417 737 2476 quum
759 2397 910 2476 quodlibet
923 2398 1024 2459 horum
1039 2399 1145 2476 aliquis

151 2483 289 2554 conterit,
312 2484 417 2557 eique,
439 2480 504 2540 dum
521 2483 638 2559 teritur,
663 2484 786 2542 invicem
804 2483 898 2541 vinum
912 2491 940 2541 et
956 2483 1052 2542 oleum
1068 2501 1144 2543 mnr-

151 2575 228 2624 teum
244 2565 358 2640 adjicit,
377 2563 471 2625 donec
488 2564 582 2624 mellis
600 2566 817 2646 crassitudinem
832 2565 946 2626 feeerit.
980 2567 1029 2625 Sin
1048 2573 1144 2626 eutem

150 2667 184 2709 ea
203 2647 302 2708 ulcera
327 2649 403 2708 circa
423 2667 457 2707 os
481 2659 563 2725 sunt,
589 2651 746 2728 pluresque
768 2658 880 2709 crustas
901 2659 929 2708 et
944 2649 1064 2710 odorem
1080 2648 1179 2708 foe-as

151 2734 214 2794 dum
238 2732 360 2802 habent;
389 2734 465 2811 quod
487 2751 580 2810 genus
603 2734 706 2793 Graeci
727 2724 861 2808 ὄζαιναν
881 2732 1045 2812 appellant:
1075 2733 1144 2792 selri

150 2816 264 2898 quidem
281 2816 368 2876 debet
382 2820 430 2877 vix
446 2819 472 2876 ei
487 2818 563 2877 malo
579 2836 667 2896 posse
680 2819 825 2879 succurri:
842 2817 930 2875 nihilo
944 2819 1035 2877 minus
1047 2826 1143 2877 tamen

34 2940 37 2945 ,
148 2903 223 2962 haec
238 2903 341 2961 tentari
358 2911 492 2978 possunt,
516 2911 546 2960 ut
562 2911 648 2979 eaput
663 2902 697 2961 ad
713 2911 808 2963 cutem
823 2901 991 2977 tondeatur,
1013 2900 1143 2959 assidue·

59 3057 60 3061 η
150 3005 207 3065 qne
227 2986 413 3045 vehementer
429 2985 616 3063 perfacetum
638 2986 724 3046 multa
741 2985 834 3046 calida
846 3003 919 3064 aqua
939 2984 1142 3064 per-fundatum

149 3071 237 3130 multa
252 3072 319 3128 item
335 3070 488 3130 ambulatio
504 3071 554 3138 sit;
577 3070 658 3130 cibus
673 3070 819 3144 modicus,
838 3087 932 3148 neque
945 3088 1029 3144 acer,
1046 3083 1178 3146 nequest

150 3154 382 3221 valentissimus:
421 3161 478 3212 tum
499 3154 526 3211 in
548 3172 645 3213 narem
668 3156 760 3232 ipsam
779 3153 836 3212 mel
852 3172 914 3214 cum
931 3154 1039 3230 exiguo
1056 3151 1143 3211 modo

150 3240 265 3298 resinae
285 3237 496 3296 terebinthinae
517 3238 701 3314 conjiciatur,
724 3237 801 3316 quod
824 3236 949 3317 specillo
967 3255 1085 3316 quoqne
1103 3238 1143 3295 in·

149 3324 249 3382 voluto
278 3321 342 3379 lana
364 3321 405 3388 lit;
431 3321 647 3400 attrahaturque
669 3323 770 3400 spiritu
798 3323 822 3380 is
845 3339 967 3397 succus,
996 3321 1091 3381 donec
1116 3321 1144 3379 in

152 3423 204 3467 ore
220 3414 322 3482 gustus
338 3405 400 3478 ejus
416 3406 572 3471 sentiatur:
595 3405 647 3464 snb
663 3406 708 3464 his
724 3407 798 3464 enim
815 3415 930 3466 crustae
945 3405 1143 3479 resolvuntur,

152 3496 301 3566 quactum
320 3505 373 3564 per
397 3497 622 3548 sternutamenta
645 3489 712 3549 elidi
735 3487 850 3548 debent.
886 3489 969 3549 Puris
993 3487 1143 3549 ulceribus
1152 3511 1178 3553 es
