2414 3924
124 191 182 254 138
417 203 451 251 n.
468 203 497 250 u.
514 202 821 251 onns1mnnrcrnaa

119 359 176 421 Ubi
194 358 324 419 sublatus
338 368 383 419 est
397 376 539 437 praesens
554 367 662 436 metus,
678 359 714 419 ad
727 377 761 419 ea
774 358 951 419 redeundum
963 368 1024 438 est,
1041 377 1119 438 quae

120 461 206 522 supra
224 453 382 522 praecepta
398 451 472 501 sunt.

397 679 596 741 oaeuu
635 679 750 739 x111
775 678 849 758 [vu.

458 799 495 848 De
512 800 619 850 laterum
636 799 775 849 doloribus.

181 952 353 1014 Stomachus
373 951 512 1011 lateribus
531 953 668 1029 cingitur3
690 961 777 1031 atque
794 953 823 1011 in
837 950 882 1011 his
897 969 1013 1031 quoque
1028 952 1145 1013 rebe-a

120 1047 232 1098 mentes
249 1037 370 1096 dolores
387 1054 454 1095 esse
471 1047 654 1097 consuerunt.
680 1035 792 1096 Initium
807 1036 855 1096 vel
871 1055 908 1095 ex
924 1036 1051 1115 frigore,
1067 1037 1119 1098 vel

121 1143 158 1184 ex
179 1123 256 1196 ictu,
282 1121 329 1180 vel
354 1138 391 1179 ex
413 1121 498 1180 nimio
516 1139 617 1197 cursu,
638 1120 688 1181 vel
705 1140 743 1180 ex
759 1120 861 1180 morbo
879 1130 939 1180 est·
963 1121 1015 1180 sed
1031 1123 1121 1181 inter·

121 1207 186 1268 dum
211 1166 313 1265 mdlum
340 1206 414 1265 intra
439 1205 571 1266 dolorem
598 1214 659 1280 est,
686 1206 770 1283 isque
791 1206 878 1265 modo
901 1205 1002 1281 tarde,
1030 1206 1120 1265 modo

121 1288 258 1351 celeriter
280 1288 416 1357 solvitur;
437 1290 577 1353 interdum
599 1290 635 1350 ad
656 1291 821 1386 perniciem
836 1307 952 1367 quoque
973 1250 1120 1368 procedit,

121 1375 270 1452 oriturque
285 1382 386 1432 acutus
403 1373 538 1450 morbus,
563 1376 611 1452 qui
629 1364 840 1454 πλευριτικός
857 1392 873 1434 a
892 1373 1012 1435 Graecis
1027 1376 1158 1442 nomi-10

120 1466 213 1519 natur.
249 1456 322 1517 Huic
345 1456 440 1517 dolori
463 1458 562 1517 lateris
582 1457 673 1518 febris
695 1467 724 1518 et
744 1460 832 1517 tussis
853 1458 982 1519 accedit:
1013 1467 1042 1518 et
1066 1477 1123 1537 per

120 1543 196 1603 banc
212 1551 397 1618 exscreatur,
416 1561 440 1600 sr
434 1542 618 1602 tolerabilis
633 1542 751 1602 morbus
765 1551 826 1619 est,
842 1544 957 1621 pituita;
976 1544 999 1602 si
1011 1544 1121 1621 gravis,

121 1627 247 1702 sanguis.
280 1625 424 1687 Interdum
445 1629 530 1686 etiam
554 1628 633 1686 sicca
649 1628 737 1687 tussis
754 1636 813 1703 est,
840 1645 915 1705 quae
933 1627 1004 1686 nibil
1020 1627 1121 1686 emoli-

121 1720 182 1772 tur:
214 1711 301 1789 idque
327 1713 419 1787 primo
446 1711 515 1771 vitio
535 1713 669 1790 gravius,
701 1712 831 1772 secundo
854 1710 1037 1771 tolerabilius
1064 1721 1120 1771 est.

120 1794 289 1856 Remedium
310 1813 382 1854 vero
405 1803 450 1854 est
470 1797 565 1873 magni
581 1805 611 1856 et
623 1797 750 1857 recentis
767 1795 895 1873 doloris,
918 1799 1035 1873 sanguis
1052 1797 1120 1856 mis·
1133 1820 1157 1860 ιι

121 1899 181 1940 sus.
216 1878 271 1954 m,
297 1880 359 1938 sive
375 1878 484 1958 levior,
501 1882 563 1941 sive
579 1881 721 1941 vetustior
737 1898 821 1940 casus
838 1890 898 1958 est,
915 1881 962 1940 vel
978 1897 1121 1959 superva-

122 1983 221 2040 cuum,
239 1963 285 2023 vel
299 1982 393 2023 serum
410 1964 437 2023 id
453 1966 586 2024 auxilium
600 1975 659 2033 est;
675 1966 957 2043 confugiendumque
969 1966 1004 2025 ad
1018 1983 1121 2025 cucur·

120 2049 224 2109 bitulas
247 2057 308 2124 est,
333 2057 398 2108 ante
414 2068 522 2109 summa
539 2058 605 2110 cute
620 2051 720 2111 incisa.
757 2051 850 2109 Recte
870 2052 954 2109 etiam
970 2051 1063 2128 sinapi
1082 2069 1121 2110 ex

120 2143 206 2194 aceto
233 2151 322 2209 super
349 2143 451 2210 pectus
479 2135 649 2212 imponitur,
678 2135 773 2194 donec
801 2135 901 2193 ulcera
928 2134 1121 2212 pustulasque

121 2219 244 2284 excitem
267 2226 296 2274 et
317 2227 374 2276 tum
396 2219 648 2295 medicamentum,
672 2219 749 2296 quod
774 2218 922 2278 bumorem
945 2219 1016 2278 illuc
1040 2220 1121 2278 citet.
1131 2242 1156 2281 no

121 2302 240 2362 Praeter
262 2301 334 2360 baec
359 2304 535 2362 circumdare
562 2305 681 2382 primum
704 2311 821 2381 oportet
839 2303 913 2362 latus
928 2302 1020 2380 bapso
1035 2302 1120 2362 lanae

120 2385 321 2463 sulphuratae;
351 2387 473 2462 deinde,
499 2407 583 2466 quum
605 2387 720 2466 paulum
739 2386 923 2446 inflammatio
947 2405 979 2446 se
997 2388 1120 2462 remisit,

122 2471 210 2528 siccis
224 2477 254 2528 et
270 2470 371 2529 calidis
387 2472 520 2530 lomentis
536 2474 586 2531 uti.
617 2470 662 2530 Ab
680 2469 725 2529 his
741 2473 876 2530 transitus
895 2472 931 2530 ad
946 2471 1121 2547 malagmata

121 2562 175 2612 est.
215 2555 245 2611 Si
266 2556 407 2614 vetustior
430 2555 515 2616 dolor
534 2564 680 2630 remanet,
703 2557 859 2615 novissime
874 2557 969 2615 resina
983 2557 1121 2633 imposita

121 2637 280 2698 discutitur.
324 2637 466 2699 Utendum
487 2640 558 2700 cibis
579 2639 804 2718 potionibusque
827 2640 945 2707 calidis;
975 2639 1158 2701 vitandumea

120 2722 226 2798 frigus:
253 2723 328 2782 inter
349 2724 423 2784 baec
444 2733 539 2783 tamen
561 2742 618 2783 non
640 2724 763 2784 alienum
785 2734 830 2783 est
851 2734 997 2783 extremas
1020 2733 1121 2803 partes

121 2806 188 2865 oleo
202 2815 230 2864 et
243 2807 380 2886 sulphure
393 2808 572 2887 perfricare:
589 2810 620 2867 'si
633 2809 729 2868 levata
742 2810 829 2867 tussis
843 2819 903 2882 est,
919 2809 978 2867 leni
992 2808 1122 2867 lectione

120 2892 174 2957 uti;
198 2891 316 2970 jamque
342 2902 370 2952 et
393 2910 477 2951 acres
502 2893 601 2969 cibos,
628 2901 657 2952 et
677 2896 770 2952 vinum
791 2895 933 2953 meracius
959 2911 1120 2951 assumere.

121 2974 203 3048 Quae
217 2977 255 3035 ita
272 2995 287 3035 a
304 2977 423 3036 medicis
440 2978 674 3056 praecipiuntur,
694 2987 724 3036 ut
741 2988 837 3037 tamen
852 2979 914 3036 sine
933 2977 976 3036 bis
992 2978 1121 3036 rusticos

119 3069 236 3119 nostros
259 3070 346 3139 epota
367 3079 404 3119 ex
427 3078 499 3138 aqua
513 3061 603 3122 berba
619 3063 732 3138 trixago
749 3063 818 3121 satis
834 3061 960 3137 adjuvet.
995 3060 1076 3120 llaec
1091 3063 1120 3120 in
1132 3081 1159 3122 so

121 3145 195 3203 omni
223 3145 322 3204 lateris
347 3145 451 3205 dolore
479 3150 637 3207 communia
664 3155 743 3206 sunt:
774 3146 839 3224 plus
868 3146 977 3222 negotii
1003 3154 1065 3220 est,
1095 3147 1120 3205 si

120 3237 221 3288 acutus
238 3246 354 3306 quoque
371 3230 488 3289 morbus
504 3233 528 3290 is
544 3233 637 3292 lactus
653 3241 707 3290 est.
730 3231 762 3288 ln
775 3230 831 3289 boc
843 3239 961 3307 praeter
974 3247 1025 3304 ea,
1043 3248 1119 3308 quae

120 3316 325 3389 supraposita
348 3323 428 3388 sunt,
451 3314 525 3376 baec
547 3314 796 3376 animadvertenda
822 3323 903 3373 suut:
927 3323 958 3373 ut
979 3314 1060 3373 cibus
1082 3315 1121 3372 sit

121 3413 204 3472 quam
221 3399 343 3457 maxime
358 3400 452 3458 tenuis
468 3409 497 3459 et
513 3401 602 3477 lenis,
624 3399 842 3479 praecipueque
860 3398 999 3473 sorbitio,
1024 3415 1120 3475 eaque

121 3496 159 3539 ex
174 3479 286 3550 ptisana
301 3484 496 3561 potissimum,
514 3494 561 3545 aut
570 3487 620 3560 jus
638 3485 666 3543 in
682 3499 739 3563 quo
756 3499 861 3561 porrus
878 3501 942 3542 cunr
957 3483 1038 3561 pullo
1054 3482 1118 3559 gal-
1131 3495 1159 3537 ss
