2414 3924
284 223 303 281 2
582 234 615 281 s.
632 232 662 280 o.
679 231 778 280 onnsr
793 230 987 278 mnnrcunnn

284 387 360 466 apud
375 406 439 463 uos,
452 387 624 448 aillixerunt.
648 386 778 466 Ideoque
789 385 939 464 multiplex
952 386 1005 444 ista
1020 385 1173 460 medicina,
1188 403 1205 442 u

284 472 352 531 olim
370 472 458 550 [apud
474 471 629 549 Graecosl,
645 488 740 548 neque
757 469 831 548 apud
843 469 915 529 alias
925 478 1030 547 gentes
1041 469 1201 528 necessari

284 555 397 634 aliquos
424 573 461 613 ex
485 554 569 614 nobis
592 555 627 614 ad
656 555 814 612 senectutis
843 553 983 631 principia
1015 553 1157 630 perducit.

285 641 369 699 etiam
392 647 460 716 post
477 656 545 714 eos,
562 637 598 696 de
615 636 719 717 quibus
734 637 835 712 retuli,
853 637 922 696 nulli
945 636 1016 696 clari
1036 637 1091 696 viri
1114 635 1206 695 medic

285 731 491 790 exercuerunt;
510 721 604 781 donec
619 722 729 797 maiore
746 720 838 780 studio
854 720 1000 780 literarum
1015 719 1167 798 disciplina
1178 739 1207 789 a:

285 807 393 884 coepit,
410 824 495 885 quae,
507 814 537 863 ut
552 806 645 864 animo
665 806 821 882 praecipue
838 808 959 863 omnium
971 807 1148 880 necessaria,
1165 804 1207 863 si

284 894 348 970 pori
364 890 478 950 inimica
495 899 549 949 est.
578 889 733 968 Primoque
746 887 879 947 medendi
895 888 1014 948 scientia
1037 889 1196 966 sapientiae

284 973 454 1050 habebatur,
469 982 499 1033 ut
515 982 543 1031 et
557 973 722 1032 morborum
738 974 859 1049 curatio,
876 982 904 1032 et
920 990 1013 1031 rerum
1025 981 1143 1032 naturae
1156 988 1205 1030 co

285 1058 376 1137 platio
393 1057 445 1117 sub
462 1057 563 1117 iisdem
578 1057 744 1116 auctoribus
755 1064 821 1115 nata
836 1058 886 1115 sit:
905 1055 1017 1115 scilicet
1029 1059 1063 1114 iis
1075 1055 1149 1115 banc
1160 1073 1204 1114 ma

284 1140 510 1219 requirentibus,
538 1143 585 1220 qui
610 1157 765 1218 corporum
787 1157 903 1199 suorum
923 1139 1031 1199 robora
1056 1141 1151 1217 quieta
1173 1157 1202 1198 c·

285 1228 378 1300 tione,
394 1233 592 1302 nocturnaque
606 1224 704 1301 vigilia
720 1224 887 1282 minuerant.
922 1222 1050 1300 ldeoque
1066 1223 1202 1282 multone

285 1309 410 1385 pientiae
428 1307 644 1385 professoribus
659 1309 770 1386 peritos
790 1308 853 1381 ejus
871 1307 960 1366 fuisse
985 1309 1200 1386 accepimus;.c

286 1393 374 1449 simos
389 1408 460 1450 vero
477 1410 514 1450 ex
529 1393 563 1450 iis
578 1391 782 1469 Pythagoram,
798 1400 827 1449 et
841 1390 1066 1470 Empedoclem,
1091 1400 1119 1449 et
1133 1389 1205 1449 Dem

286 1484 353 1533 tum.
385 1473 476 1549 Hujus
493 1484 596 1551 autem,
616 1485 644 1534 ut
661 1474 772 1553 quidam
790 1475 982 1551 crediderunt,
998 1473 1156 1553 discipulus
1172 1473 1206 1532 Hi

286 1567 380 1617 crates
397 1556 492 1634 Cous,
513 1560 620 1637 primus
637 1559 750 1637 quidem
765 1577 802 1618 ex
818 1558 948 1619 omnibus
964 1559 1101 1618 memoria
1118 1558 1207 1635 digni

287 1640 379 1701 studio
397 1641 555 1719 sapientiae
573 1643 752 1721 disciplinam
768 1642 841 1702 bano
856 1644 1013 1720 separavit,
1026 1645 1069 1702 uir
1082 1651 1111 1701 et
1123 1651 1185 1702 arte
1206 1668 1207 1689 ι

286 1724 387 1785 cundia
403 1726 532 1804 insignis.
561 1727 630 1786 Post
646 1745 729 1807 quem
746 1726 867 1787 Diocles
882 1725 1042 1802 Carystius,
1059 1725 1162 1786 deinde
1177 1725 1199 1784 P

285 1826 374 1888 goras
388 1819 417 1869 et
432 1808 629 1890 Chrysippus,
645 1821 702 1871 tum
718 1810 893 1890 Heropbilus
916 1820 945 1869 et
963 1810 1154 1871 Erasistratus
1175 1810 1207 1868 si

285 1902 341 1953 tem
356 1893 429 1953 banc
445 1904 647 1971 exercuerunt,
667 1905 697 1954 ut
712 1897 796 1954 etiam
811 1896 840 1954 in
855 1894 985 1954 diversas
1003 1894 1119 1954 curandi
1138 1895 1199 1953 vias

285 1979 435 2037 cesserint
461 1977 625 2057 lisdemque
645 1978 847 2057 temporibus'
840 1997 866 2037 m
885 1987 945 2038 tres
963 1987 1060 2057 partes
1084 1977 1205 2037 medioin

284 2061 368 2120 ducta
381 2071 439 2121 est:
458 2071 487 2120 nt
503 2080 556 2120 una
572 2071 659 2139 esset,
678 2081 751 2141 quae
767 2065 856 2130 victu;
874 2063 980 2138 altera,
1003 2080 1076 2140 quae
1092 2061 1202 2121 medica

284 2147 336 2211 tis;
359 2147 440 2203 tertia
442 2163 541 2223 q,uae
558 2163 642 2206 manu
659 2147 833 2206 mederetur.
861 2145 981 2205 Primam
1000 2137 1203 2242 διοικητικήν

285 2226 404 2287 condam
438 2220 728 2325 φαρμιικευτικήν,
762 2231 874 2289 tertiam
911 2222 1147 2309 χειρουργικήιι
1179 2227 1203 2288 G

285 2493 401 2554 quoque
421 2488 539 2538 naturae
555 2479 610 2537 sibi
629 2481 822 2556 cognitionem
844 2481 1037 2556 vindicarunt,
1056 2490 1197 2558 tamquam

284 2579 318 2619 ea
347 2568 446 2620 trunca
472 2571 500 2621 et
524 2563 627 2623 debilis
648 2563 787 2624 medicina
816 2575 903 2624 esset
943 2565 1012 2625 Post
1035 2581 1108 2642 quos
1131 2565 1200 2622 Sera

285 2645 392 2721 primus
408 2647 545 2722 omnium,
568 2647 635 2707 nibil
652 2648 724 2707 hanc
745 2650 912 2709 rationalem
934 2649 1113 2727 disciplinam
1135 2655 1199 2724 pert

284 2726 319 2786 ad
334 2726 502 2789 medicinam
519 2730 685 2807 professus,
707 2734 736 2790 in
756 2752 808 2792 usu
828 2742 933 2792 tantum
950 2743 978 2792 et
995 2731 1200 2810 experimentis

284 2812 390 2889 posuit.
432 2813 523 2886 Quem
544 2813 736 2892 Apollonius,
764 2827 792 2876 et
810 2816 959 2892 Glauctas
988 2826 1016 2876 et
1045 2817 1189 2894 aliquanto

283 2894 453 2956 Heraclides
470 2897 650 2976 Tarentinus,
668 2901 758 2960 etalii
774 2918 890 2979 quoque
907 2919 965 2961 non
981 2900 1144 2959 mediocres
1167 2900 1192 2956 vi

245 3003 248 3007 ²
284 2981 375 3078 qunti,
402 2999 439 3040 ex
461 2982 524 3059 ipsa
546 2945 731 3060 professione
756 3002 788 3044 se
811 2975 1020 3063 ἐμπειρικούς
1049 2983 1205 3061 appellave

284 3064 358 3122 Sic
351 3083 378 3122 ιιι
395 3063 464 3125 duas
481 3076 579 3143 partes
595 3086 629 3126 ea
646 3084 770 3146 quoque,
788 3085 862 3145 quae
881 3069 956 3125 victu
972 3076 1068 3143 curat,
1084 3066 1187 3126 medici

283 3148 344 3206 visa
360 3158 419 3225 est,
437 3149 500 3209 aliis
516 3151 686 3210 rationalem
702 3160 804 3228 artem,
821 3153 883 3212 aliis
898 3169 978 3210 usum
994 3159 1100 3210 tantum
1118 3150 1172 3208 sibi

284 3231 430 3291 cantibus:
454 3234 532 3292 nullo
550 3251 620 3294 vero
638 3234 790 3332 quidquam
806 3245 873 3312 post
888 3253 939 3294 eos
969 3237 1016 3312 qui
1043 3252 1130 3312 supra
1149 3250 1184 3293 co

281 3312 364 3372 hensi
377 3325 441 3375 sunt
443 3318 607 3393 ,agitante,
621 3320 674 3376 nisi
692 3318 769 3395 quod
787 3327 956 3396 acceperat,
975 3318 1068 3378 donec
1086 3317 1207 3395 Asclep

280 3395 414 3457 medendi
427 3402 566 3459 rationem
579 3420 616 3459 ex
630 3418 733 3496 magna
747 3410 829 3478 parte
842 3402 968 3460 mutavit
1000 3402 1044 3462 Ex
1064 3404 1145 3501 cujus
1164 3418 1207 3458 su

281 3476 398 3539 oribus
417 3482 570 3541 Themison
590 3502 682 3562 nuper
701 3485 765 3562 ipse
786 3502 902 3562 quoque
923 3485 1091 3561 quaedam
1083 3505 1110 3545 ιιι
1129 3501 1199 3544 sene
