2414 3924
44 256 47 260 ·
138 226 200 289 304
431 237 464 284 ι.
481 236 512 284 o.
528 235 626 284 cuum
640 232 835 284 unumunurn

140 400 305 474 protractae
322 401 399 468 sunt,
414 394 442 450 in
458 393 550 470 ipsum
562 393 668 468 inguen
679 406 784 450 averso
797 388 920 466 specillo
933 387 1070 465 compelli
1082 386 1133 448 de·

139 477 219 537 bent.
249 474 389 536 Solvendi
404 475 507 535 fibulas
521 484 650 553 tempus,
666 473 886 534 inflammatione
905 473 999 549 finita,
1019 480 1049 532 et
1064 490 1132 552 pur·

139 569 208 637 gato
230 558 351 618 vulnere
375 568 433 627 cst;
455 567 486 618 ut
499 576 554 619 una
572 557 653 618 simui
669 566 697 617 et
712 574 779 617 orus
794 565 825 616 et
838 573 928 617 venas
946 556 1067 617 cicatrix
1081 555 1133 616 de·

139 645 254 703 vinciat.
287 642 341 704 Ubi
363 661 434 702 vero
455 644 530 701 inter
552 644 633 702 imam
661 642 783 701 tunicam
806 649 835 699 et
855 643 948 718 ipsum
967 639 1133 701 testiculum

139 744 316 804 nervumque
338 727 401 801 ejus
422 745 522 786 ramex
546 735 627 786 ortus
642 734 704 800 est,
726 742 780 784 una
797 725 905 784 curatio
921 732 981 801 est,
997 740 1072 803 quae
1088 732 1154 788 ms

139 821 197 871 tum
211 809 374 869 testiculum
393 809 545 870 abscindit.
573 809 646 869 Nam
661 827 754 887 neque
770 807 805 868 ad
819 808 1038 885 generationem
1051 806 1131 886 quid·

139 910 222 973 quam
236 896 262 952 is
276 893 405 969 confert,
422 903 451 953 et
467 894 598 954 omnibus
612 895 766 969 indecore,
789 891 956 970 quibusdam
969 893 1053 950 etfam
1068 909 1132 951 cum

139 977 242 1037 dolore
263 975 418 1054 dependet.
448 977 507 1037 Sed
522 986 578 1037 tum
595 994 710 1056 quoque
732 979 838 1052 inguen
852 974 1047 1044 incidendum:
1072 992 1131 1034 me·

138 1061 185 1121 din
197 1061 294 1120 tunica
319 1061 492 1138 promenda,
513 1070 601 1140 atque
627 1059 787 1120 excidenda
803 1067 862 1127 est;
882 1058 957 1118 idem
974 1059 1003 1116 in
1019 1060 1074 1118 ima
1090 1058 1132 1118 fa-

139 1143 283 1211 ciendum;
308 1162 489 1222 cervusque,
517 1164 554 1204 ex
570 1163 627 1223 quo
657 1143 807 1203 testiculus
834 1140 992 1221 dependet,
1019 1144 1165 1220 praeci-10

137 1227 266 1287 dendus:
285 1235 353 1305 post
367 1227 395 1286 id
408 1246 501 1287 veuae
522 1237 551 1287 et
566 1229 687 1287 arteriae
704 1226 738 1286 ad
754 1228 861 1302 inguen
875 1225 934 1284 lino
946 1224 1131 1302 deligandae,

138 1318 168 1369 et
182 1309 256 1369 infra
274 1310 417 1369 vinculum
434 1311 647 1371 abscindendae
664 1319 738 1370 sunt.

437 1472 626 1540 CAPUT
672 1478 835 1539 XXIII.

181 1594 305 1643 Decerne
322 1610 386 1658 quae
404 1597 469 1646 inter
483 1597 580 1646 tunicas
596 1596 766 1645 testiculorum
785 1595 903 1659 increvit,
922 1592 988 1644 etde
1002 1608 1081 1642 nervo

564 1679 690 1728 indurato.
1141 1685 1165 1724 ro

199 1811 274 1872 Caro
295 1829 424 1890 quoque,
448 1814 472 1871 si
489 1813 601 1891 quando
618 1814 692 1873 inter
708 1814 817 1874 tunicas
834 1812 971 1888 increvit,
993 1810 1063 1870 nibil
1080 1809 1132 1870 du·

136 1893 175 1953 bii
197 1905 257 1972 est,
274 1898 339 1974 quin
355 1896 505 1956 eximenda
523 1899 574 1956 sit:
597 1897 649 1956 sed
664 1897 707 1973 id,
729 1899 795 1976 ipso
820 1904 917 1955 scroto
934 1895 1045 1969 iuciso,
1067 1894 1132 1954 deri

137 1978 314 2038 commodius
333 1989 386 2038 est.
405 1979 442 2039 m
454 1981 477 2039 si
491 1999 597 2040 nervus
609 1981 745 2058 induruit,
763 1981 856 2040 curari
866 1997 915 2038 res
927 1996 1020 2056 neque
1036 1995 1131 2055 manu,

137 2079 231 2141 neque
247 2062 457 2123 medicamento
473 2073 582 2143 potest.
606 2065 717 2141 Urgent
732 2067 806 2124 enim
820 2061 920 2122 febres
935 2062 1083 2138 ardentes,
1102 2070 1132 2119 et

138 2155 183 2205 aut
197 2146 320 2222 virides,
339 2156 385 2206 aut
400 2148 474 2224 nigri
492 2149 630 2217 vomitus;
648 2157 764 2226 praetor
778 2147 867 2222 baec,
884 2147 986 2222 ingens
1003 2145 1083 2220 sitis,
1100 2153 1166 2207 etro

136 2228 250 2305 linguae
275 2231 437 2308 aspritudo;
458 2231 580 2309 fereque
601 2249 617 2290 a
639 2230 684 2290 die
704 2233 789 2291 tertio
812 2247 946 2309 spumans
973 2226 1040 2305 bilis
1061 2228 1131 2307 alvo

136 2329 199 2370 cum
220 2315 339 2372 rosione
362 2312 507 2372 redditur:
531 2333 565 2373 ac
580 2332 674 2392 neque
690 2315 795 2375 assumi
810 2314 896 2373 facile
913 2311 1009 2387 cibus,
1031 2328 1130 2389 neque

136 2396 277 2454 contineri
299 2404 413 2473 potest:
434 2414 530 2474 neque
555 2398 643 2457 multo
665 2408 733 2477 post
749 2407 895 2458 extremae
917 2403 1014 2474 partes
1038 2394 1130 2472 frige·

136 2485 228 2551 scunt,
246 2486 354 2536 tremor
367 2480 467 2555 oritur,
483 2499 581 2540 manus
597 2484 659 2541 sine
671 2484 783 2542 ratione
800 2480 1004 2548 extenduntur;
1022 2477 1131 2538 deiude

135 2559 163 2616 in
178 2558 274 2618 fronte
286 2560 407 2635 frigidus
424 2564 520 2640 sudor,
538 2583 658 2642 eumque
675 2583 753 2625 mors
770 2567 907 2645 sequitur.
1139 2557 1173 2612 ²5

383 2696 385 2700 ⁴
444 2732 627 2793 oneum
670 2729 823 2794 xxrm

495 2849 531 2897 De
545 2850 636 2898 rancide
647 2849 768 2914 inguInis.

194 2984 250 3045 Ubi
270 3004 343 3045 uero
371 2985 398 3041 in
421 2985 486 3063 ipso
505 2984 620 3061 inguine
645 3003 746 3045 ramex
761 2994 822 3061 est,
839 2984 863 3042 si
885 2991 978 3044 tumor
993 2982 1127 3042 modicus

134 3076 194 3143 est,
210 3069 300 3128 semel
316 3067 417 3137 incidi;
433 3069 458 3126 si
472 3069 579 3143 major,
599 3068 706 3128 duabus
724 3069 807 3128 lineis
825 3065 926 3142 debet,
951 3077 981 3127 ut
1001 3065 1126 3125 medium

133 3151 298 3210 excidatur:
324 3151 442 3228 deinde,
466 3170 523 3211 non
545 3161 675 3212 extracto
695 3151 850 3225 testiculo,
879 3151 953 3209 sicut
979 3151 1124 3232 intestinis
1135 3172 1163 3212 so

133 3250 248 3310 quoque
281 3235 425 3312 prolapsis
446 3235 586 3295 interdum
611 3235 674 3295 fieri
694 3235 795 3307 docui,
826 3232 1009 3309 colligendae
1031 3251 1126 3294 venae

132 3317 374 3395 vinciendaeque,
402 3318 450 3378 ubi
479 3320 581 3378 tunicis
604 3316 809 3393 inhaerebunt,
837 3325 867 3376 et
892 3317 945 3376 sub
971 3317 1016 3376 bis
1038 3317 1125 3376 nodis

132 3401 343 3473 praecidendae
368 3411 441 3460 sunt.
471 3401 572 3480 Neque
596 3401 746 3479 quidquam
771 3401 838 3460 novi
862 3403 972 3461 curatio
993 3400 1124 3460 vulneris

134 3483 195 3555 eJus
220 3485 349 3561 requirit.
