2414 3924
397 240 466 288 orn.
482 241 528 288 vr.
552 241 627 289 cnr.
644 243 834 291 rev—xum.
1053 233 1115 299 253

455 395 638 458 carun
676 397 784 475 nvn

504 495 542 544 De
558 494 726 560 parotidibus.

182 591 305 653 Haecin
321 594 415 672 capite
434 594 496 653 iere
512 594 728 654 medicamentis
745 603 842 671 egent.
881 592 941 653 Sub
957 594 1028 671 ipsis
1044 613 1115 655 vero

121 677 237 736 auribus
259 677 329 736 oriri
353 677 500 755 parotides
518 679 630 747 solent:
653 678 739 738 modo
755 679 783 737 in
798 677 925 737 secunda
939 677 1115 756 valetudine,

97 760 159 820 cibi
180 759 400 820 inflammatione
425 771 503 828 orta:
527 762 613 821 modo
634 771 702 840 post
718 762 822 839 longas
838 761 954 836 febres,
979 761 1050 821 illuc
1065 764 1115 822 im-

121 853 188 923 petu
204 843 296 903 morbi
309 862 464 904 converso.
488 845 520 904 ld
538 845 695 905 abscessus
710 864 802 923 genus
818 852 878 905 est:
898 846 995 923 iteque
1010 845 1116 907 nullam

119 945 222 988 novam
239 930 416 987 curationem
433 929 589 988 desiderat.
615 929 906 988 Animadversionem
921 930 1116 991 tantummodo

119 1013 192 1071 hanc
213 1011 301 1071 babet
325 1015 537 1082 necessariam
570 1013 635 1090 quia
661 1015 685 1071 si
713 1014 775 1072 sine
801 1013 903 1073 morbo
926 1012 955 1071 id
976 1013 1115 1092 intumuit,

119 1097 237 1174 primum
253 1096 466 1172 reprimentium
481 1097 710 1176 experimentum
728 1105 786 1165 est:
810 1096 834 1154 si
850 1115 887 1156 ex
902 1095 1025 1157 adversa
1036 1097 1115 1159 vale-

86 1179 232 1255 rotudine‚
259 1179 330 1238 illud
356 1180 498 1239 inimicum
525 1189 587 1259 est,
616 1181 808 1257 maturarique
833 1190 862 1240 et
884 1197 968 1259 quam
996 1183 1116 1260 primum

120 1264 226 1341 aperiri
243 1262 421 1324 commodius
438 1273 491 1323 est.

438 1462 621 1523 CAPUT
658 1461 794 1522 XVII.

437 1564 475 1613 De
492 1563 609 1614 umbilico
627 1563 794 1630 prominente.

179 1662 225 1722 lld
241 1663 393 1724 umbilicos
407 1682 479 1725 vero
495 1665 711 1743 prominentes,
726 1680 763 1721 ne
778 1678 862 1720 manu
876 1661 1015 1739 ferroque
1032 1671 1113 1721 uten-

119 1745 185 1805 dum
199 1749 249 1824 sit,
265 1756 330 1806 ante
345 1749 510 1807 tentandum
526 1757 571 1807 est
587 1757 617 1807 ut
632 1746 809 1813 abstineant;
826 1744 908 1805 alvus
923 1745 967 1804 his
979 1745 1113 1814 ducatur:

87 1830 280 1908 reimponatur
295 1849 384 1910 super
401 1831 565 1891 umbilicum
580 1831 625 1907 id,
643 1830 719 1909 quod
736 1848 773 1889 ex
787 1829 833 1889 his
848 1837 976 1888 constat:
1001 1831 1113 1888 cicutae

119 1921 148 1972 et
164 1914 305 1990 fuliginis,
330 1917 509 1993 singulorum
525 1933 554 1994 p.
569 1915 625 1995 )·(.
641 1929 663 1975 1.
681 1931 819 1974 cerussae
832 1912 929 1973 elotae
948 1930 977 1991 p.
993 1912 1051 1991 )-(.
1068 1931 1111 1974 vr.

118 1997 226 2075 plumbi
247 1999 317 2058 eloti
340 2000 528 2080 p.)-(.vr11.
554 2001 618 2059 ovis
643 1997 769 2064 duobus;
794 1996 897 2075 quibus
919 1998 1004 2056 etiarn
1020 1997 1113 2057 solani

118 2100 221 2142 succus
247 2083 390 2157 adjicitur.
433 2084 497 2145 Hoc
521 2083 625 2142 diutius
648 2083 813 2160 impositum
834 2098 901 2140 esse
922 2090 1056 2160 oportet:
1086 2091 1114 2141 et

117 2166 228 2225 interim
252 2170 461 2247 conquiescere
482 2167 640 2236 hominem:
667 2165 732 2228 cibo
755 2165 871 2225 modico
893 2166 932 2223 uti
949 2166 1007 2240 sic,
1028 2174 1059 2224 ut
1073 2166 1113 2224 vi-

83 2257 212 2309 rutentur
228 2252 322 2311 omnia
338 2251 473 2313 inflantia.

424 2448 606 2510 CAPUT
642 2450 802 2510 XVIII.

387 2547 424 2598 De
443 2549 623 2597 obscoenarum
641 2552 751 2615 partium
769 2551 846 2601 vitiis.

181 2649 208 2705 1.
240 2648 374 2708 Proxima
395 2660 460 2709 sunt
483 2669 534 2726 ea,
565 2669 638 2729 quae
660 2652 696 2711 ad
717 2662 815 2731 partes
839 2653 1004 2714 obscoenas
1026 2655 1114 2732 perti-

84 2747 109 2786 25
121 2739 202 2788 nent:
226 2748 344 2809 quarum
363 2733 438 2811 apud
453 2734 584 2794 Graecos
600 2736 745 2797 vocabula
766 2746 796 2796 et
818 2737 1000 2797 tolerabilius
1015 2755 1048 2796 se
1065 2736 1113 2797 ha·

119 2812 204 2889 bent,
226 2823 256 2873 et
277 2825 397 2895 accepta
413 2819 474 2893 jam
496 2837 550 2877 usu
565 2828 644 2888 sunt:
665 2838 751 2897 quum
768 2821 889 2880 inomni
907 2819 1113 2880 ieremedico·

118 2914 179 2955 rum
199 2897 345 2958 volumine
366 2909 450 2978 atque
474 2920 609 2962 sermone
627 2905 790 2978 jactentur:
816 2903 891 2982 apud
912 2920 966 2962 nos
981 2901 1114 2962 foediora

117 2980 226 3057 verba,
252 3000 289 3041 ne
315 2984 521 3045 consuetudine
544 2986 658 3063 quidem
674 2987 770 3064 aliqua
784 2985 978 3046 verecundius
992 2985 1114 3063 loquen-

118 3067 185 3124 tium
216 3067 413 3127 commendata
440 3079 521 3129 sunt:
555 3079 586 3128 ut
610 3070 756 3130 difficilior
781 3070 855 3130 haec
883 3068 1049 3148 explanatio
1077 3069 1115 3129 sit

81 3164 107 3204 ao
118 3150 200 3209 simul
222 3159 252 3210 et
272 3151 412 3230 pudorem
436 3161 465 3211 et
491 3155 559 3213 artis
584 3163 743 3232 praecepta
769 3153 962 3212 servantibus.
1007 3151 1112 3231 Neque

116 3243 210 3293 tamen
231 3253 265 3294 ea
287 3253 335 3294 res
356 3236 543 3296 ascribendo
560 3236 710 3297 deterrere
725 3254 771 3296 me
788 3235 899 3296 debuit:
923 3236 1059 3314 primum,
1081 3246 1112 3296 ut

117 3318 226 3392 onmia,
249 3337 323 3397 quae
342 3320 476 3379 salutaria
492 3322 610 3398 accepi,
631 3320 925 3399 comprehenderem:
948 3318 1029 3396 dein,
1047 3321 1112 3401 quia

117 3403 144 3460 in
165 3403 270 3479 vulgus
292 3420 392 3463 eorum
413 3406 523 3464 curatio
546 3407 632 3464 etiam
650 3406 805 3484 praecipue
828 3404 1035 3483 cognoscenda
1056 3414 1111 3464 est

118 3502 192 3563 quae
207 3487 393 3545 invitissimus
409 3488 531 3566 quisque
547 3489 631 3549 alteri
646 3488 782 3549 ostendit.
