2414 3924
141 223 202 287 182
433 234 467 281 u.
483 233 837 284 coenarunnrcnmn

138 390 315 468 singulomm
341 406 369 467 p.
395 388 452 467 )·(.
479 401 526 448 vl.
554 406 580 446 n.
605 388 703 463 nardi,
737 387 934 465 opobalsami,
955 386 1137 464 singulorum

139 493 167 554 p.
180 474 237 552 )·(.
250 487 296 533 vr.
309 491 334 532 n.
353 472 476 550 thlaspis
488 489 517 550 p.
529 472 586 550 )·(.
598 485 630 531 v.
642 490 685 530 aa.
700 470 807 530 radicis
819 473 953 549 ponticae
964 488 994 548 p.
1006 471 1065 550 )·(.
1075 484 1135 533 vn.

138 558 236 633 croci,
250 556 424 633 zingiberis,
442 555 628 631 cinnamomi,
644 555 823 632 singolorum
837 572 867 633 p.
878 555 937 633 )·(.
952 566 1025 613 vm.
1054 554 1137 616 flacc

139 642 263 701 contrita
297 638 385 698 melle
410 639 609 717 excipiuntur,
643 648 672 697 et
698 638 839 698 adversos
864 655 1024 713 venenum,
1057 639 1136 716 qnod

137 724 359 801 magnitudinem
379 723 461 781 nucis
483 739 610 799 graecae
627 721 761 799 impleat,
783 740 821 781 ex
838 722 905 781 vino
924 720 1020 781 datur:
1041 723 1071 781 iu
1086 739 1161 784 ‹to-s

137 809 207 867 teris
224 816 317 867 autem
332 805 485 866 allectibus
511 807 643 882 corporis
663 821 718 883 pro
736 805 823 865 modo
848 822 964 879 eornm,
985 804 1034 864 vel
1058 806 1137 884 quod

138 892 293 969 aegyptiae
305 889 401 966 iehae,
413 888 462 948 vel
470 889 547 966 quod
559 890 621 947 ervi
628 889 848 966 magnitudinem
857 888 984 967 impleat,
998 890 1069 948 satis
1079 898 1134 949 est.

453 1124 640 1186 CAPUT
673 1124 827 1184 XXIV.

561 1243 710 1308 Deacopis.

204 1396 232 1454 1.
255 1395 357 1472 Acopa
375 1408 491 1472 quoque
511 1394 588 1454 utilia
604 1395 701 1454 neruis
720 1402 799 1453 sunt:
821 1391 907 1470 quale
923 1401 968 1452 est
983 1392 1061 1471 quod
1083 1392 1134 1453 ba·
1147 1414 1170 1455 rt

141 1478 190 1538 bet
206 1476 286 1539 lloris
304 1479 385 1555 junci
403 1477 517 1537 rotundi
533 1495 561 1555 p.
579 1477 635 1555 )·(.
652 1491 689 1536 11.
706 1496 748 1536 un.
775 1477 863 1550 costi,
885 1476 967 1551 J'unoi
991 1474 1134 1554 quadrati,

140 1562 212 1622 lauri
228 1561 397 1636 baccarum,
414 1562 597 1636 ammoniaci,
619 1561 808 1638 cardamomi,
830 1559 1009 1636 singulorum
1030 1577 1059 1638 p.
1076 1559 1133 1637 )·(.

114 1658 203 1705 ·1111.
231 1664 256 1704 a.
282 1644 431 1719 myrrhae,
455 1647 532 1704 aeris
559 1644 716 1720 combusti,
742 1643 918 1721 singulorum
935 1661 963 1720 p.
988 1642 1045 1721 )·(.
1072 1655 1133 1702 vn.

139 1728 219 1789 iridis
234 1728 383 1803 illyricae,
401 1745 504 1804 cerae,
527 1728 705 1805 singulorum
721 1747 749 1806 p.
764 1728 820 1807 )·(.
842 1739 930 1788 xml.
953 1727 1135 1788 alexandrini

141 1812 260 1888 calami,
281 1813 362 1888 junci
382 1812 511 1889 rotundi,
537 1811 692 1890 aspalathi,
718 1811 927 1886 xylobalsami,
955 1810 1132 1887 singulorum
1144 1829 1168 1870 rs

141 1915 171 1974 p.
186 1895 244 1975 )·(.
261 1909 384 1955 XXVIII.
402 1896 464 1954 sevi
480 1914 508 1974 p.
525 1910 547 1956 1.
563 1897 699 1973 unguenti
714 1896 778 1955 πίω
794 1894 936 1970 cyathum.

203 1980 232 2038 2.
253 1978 383 2038 Alterum
406 1980 483 2058 quod
506 1967 627 2051 εὐῶδες
646 1987 767 2056 vocant,
789 1979 845 2038 hoc
869 1977 954 2037 modo
976 1977 1020 2036 lit:
1045 1993 1133 2036 cerae

141 2082 169 2143 p.
186 2082 212 2121 n.
235 2062 294 2122 olei
310 2062 496 2139 tantumdem,
513 2064 628 2122 resinae
644 2062 852 2123 terebinthinae
867 2060 903 2120 ad
923 2061 1004 2120 nucis
1017 2060 1132 2138 juglan-

141 2147 185 2206 dis
203 2147 439 2223 magnitudinem,
470 2147 552 2206 simul
571 2149 776 2224 incoquuutur;
805 2144 908 2205 deinde
938 2145 966 2202 in
994 2144 1132 2204 mortario

140 2239 284 2304 teruntur,
301 2229 510 2306 instillaturque
527 2229 648 2288 subinde
664 2247 747 2307 quarn
765 2231 863 2308 optimi
878 2227 974 2288 mellis
995 2227 1168 2288 acetabuoo

141 2312 212 2387 lum,
228 2320 285 2369 tum
301 2313 364 2370 irini
377 2313 530 2388 unguenti,
547 2321 576 2371 et
591 2330 677 2371 rosae
692 2315 765 2373 terni
782 2312 887 2389 cyathi.

203 2394 232 2455 3.
245 2385 421 2472 Ἕγχριστα
435 2403 528 2454 autem
546 2394 649 2455 Graeci
665 2406 770 2456 vocant
784 2396 906 2474 liqurida,
929 2412 1003 2474 quae
1019 2394 1132 2455 illinun-

139 2486 199 2537 tur:
227 2476 312 2553 quale
336 2486 381 2536 est
408 2478 484 2556 quod
510 2479 541 2538 iit
570 2479 604 2538 ad
633 2480 731 2539 ulcera
756 2480 904 2558 purganda
924 2488 953 2538 et
977 2478 1133 2556 implenda,

140 2562 262 2618 maxime
285 2560 359 2619 inter
379 2579 503 2638 nervos,
529 2562 645 2640 paribus
667 2564 847 2641 portionibus
869 2565 944 2622 inter
968 2580 1000 2620 se
1025 2563 1132 2639 mixtis,

141 2643 253 2718 butyri,
281 2643 425 2704 medullae
447 2647 599 2723 vitulinae,
624 2648 686 2706 sevi
706 2647 831 2724 vitulini,
853 2647 944 2724 adipis
967 2646 1168 2721 anserinae,ao

141 2743 243 2802 cerae,
258 2726 369 2806 mellis,
382 2731 496 2789 resinae
508 2729 733 2805 terebinthinae,
750 2749 852 2808 rosae,
869 2731 928 2790 olei
941 2730 1040 2788 cicinni:
1057 2747 1132 2807 quae

141 2811 296 2888 separatim
315 2813 407 2872 omnia
424 2813 583 2891 liquantur,
601 2813 705 2873 deinde
721 2814 828 2892 liquida
841 2815 1012 2889 miscentur,
1031 2821 1060 2872 et
1074 2821 1132 2871 turn

141 2893 222 2956 shnul
244 2903 382 2956 teruntur.
418 2895 456 2956 lit
476 2897 534 2956 hoc
554 2897 667 2974 quidem
689 2899 780 2975 magis
802 2907 923 2977 purgat:
954 2897 1045 2973 magis
1060 2912 1132 2955 vero

141 2978 269 3055 emollit,
286 2981 310 3037 si
326 2998 378 3058 pro
394 2998 461 3039 rosa
475 2996 581 3058 cyprus
597 2981 761 3041 iulunditau.

202 3064 231 3122 4.
254 3063 299 3123 hd
316 3082 429 3123 sacrum
444 3065 553 3140 ignem:
571 3081 689 3141 spuunae
706 3066 819 3141 argenti
841 3083 869 3142 p.
889 3064 947 3145 )·(.
969 3076 1015 3121 vr.
1042 3077 1167 3121 cornuto

140 3145 240 3204 bubuli
257 3147 398 3207 connbusti
414 3166 441 3226 p.
463 3146 521 3227 )·(.
541 3160 601 3207 ΧΠ.
625 3157 826 3226 conteruntur,
848 3148 1038 3225 adjiciturque
1061 3144 1132 3204 invi·

141 3245 203 3287 cem
218 3230 327 3306 viuum,
343 3240 372 3292 et
386 3240 541 3307 murteum,
564 3231 659 3292 donec
680 3233 830 3310 utriusque
852 3231 927 3292 terni
944 3230 1041 3307 cyathi
1063 3243 1133 3290 con·

134 3312 278 3387 jiciantur.
