2414 3924
449 180 667 244 ..25-

47 325 130 400 duas,
173 324 312 385 cimoliae
345 332 375 385 et
393 325 559 405 *sulphuris
591 328 649 386 vivi
680 335 781 405 partes
818 329 961 412 singulas,
999 331 1068 392 salis

47 413 199 475 modicum
228 431 297 474 cum
325 421 410 474 aceto
438 413 541 474 simul·
554 421 634 475 teres
658 422 688 474 et
710 414 815 476 illines.
857 417 945 479 aliud.
981 418 1067 499 huty-
1127 494 1132 503 Ι

46 521 110 564 rum
136 519 209 562 cum
229 501 290 562 sale
314 503 419 563 tritum
445 502 544 563 illines
567 510 597 564 et
624 521 715 582 super
738 503 835 565 lanam
858 506 990 567 sucidam
1012 510 1066 567 im·

45 609 139 672 pones
164 597 197 650 et
219 589 333 668 ligabis.
371 589 458 650 aliud.
495 590 673 670 plantaginis
695 591 764 652 lolia
786 600 853 653 ante
873 592 943 654 solis
967 603 1066 656 ortum

47 679 172 741 collecta
197 697 267 740 cum
289 695 365 758 pane
388 696 478 758 posca
503 679 577 740 salsa
600 679 699 740 intuso
724 681 961 760 cataplasmatis:
985 692 1094 744 sanato

47 778 72 830 et
98 768 274 847 disrumpit.

134 855 218 916 aliud
247 855 422 934 cataplasma
450 855 486 915 ad
515 857 704 917 maturandas
730 858 890 937 parotidas.
931 861 962 919 in
992 877 1069 939 aqua

49 946 141 1006 mulsa
175 943 295 1024 adipem
326 945 491 1023 porcinum·
512 946 613 1005 mittes
641 951 671 1005 et
699 947 829 1006 resinam
858 945 1068 1029 terebintinam

52 1035 213 1094 sufficienti
239 1032 341 1112 modo,
374 1039 405 1092 et
431 1035 462 1093 in
491 1051 551 1093 uno
579 1032 746 1114 consonas,
779 1042 810 1095 et
837 1053 906 1095 curn
936 1039 1069 1117 coeperit

52 1121 154 1183 bullire
174 1122 278 1182 mittes
297 1120 423 1200 pollines
443 1123 535 1181 tritici
555 1122 840 1204 superaspergendo,
864 1131 894 1184 et
911 1123 1069 1185 inductum
1083 1139 1110 1178 1⁰

54 1211 271 1290 praevaporatis
297 1209 433 1289 partibus
462 1228 498 1271 ex
526 1213 647 1289 spongia
680 1213 723 1270 sic
756 1229 895 1290 appones.
937 1220 968 1273 et
1000 1231 1069 1274 cum

55 1297 124 1359 bene
147 1299 378 1379 maturaverint,
401 1300 432 1359 in
451 1297 601 1359 schemate
621 1297 759 1359 foliorum
782 1299 859 1360 lauri
882 1307 933 1360 aut
955 1309 1067 1380 myrtae

59 1387 200 1466 chirurgia
229 1388 324 1447 uteris
348 1393 379 1447 et
405 1393 474 1465 post
497 1389 660 1448 sectionem
684 1390 882 1448 communiter
905 1396 939 1450 ut
969 1397 1067 1450 cetera

61 1481 232 1554 apostemata
256 1473 389 1556 curabis,
420 1477 508 1535 etiam
532 1483 563 1536 et
586 1494 677 1555 super
699 1475 810 1537 tiltario
833 1477 885 1537 tali
908 1478 1067 1557 emplastro

10 1634 12 1639 ,
63 1567 158 1645 uteris,
184 1563 243 1624 hoc
272 1572 318 1624 est
345 1563 500 1642 diachylon
523 1564 620 1645 ÷11‚
648 1582 733 1624 cerae
757 1579 792 1625 ÷
815 1564 869 1645 111,
896 1565 954 1625 olei
983 1568 1068 1646 spani
1082 1578 1108 1618 1⁵

67 1651 131 1729 quod
158 1653 319 1713 suffecerit.
361 1651 414 1713 sed
442 1654 468 1712 si
495 1652 572 1713 torte
601 1655 780 1714 cerotarium
804 1672 894 1733 supra
922 1657 1068 1734 scriptum

69 1739 257 1819 adpraesens
281 1741 402 1801 minime
431 1741 521 1801 fuerit
549 1743 716 1823 inventum,
744 1743 881 1821 psittacio
908 1742 1067 1822 emplastro

70 1827 167 1906 uteris]

332 1951 434 2012 XVlll.
471 1952 518 2013 ld
544 1952 792 2014 collectiones.
1082 1964 1177 2018 (rr-1⁷⁵)

145 2073 338 2137 Collectiones
363 2075 468 2136 Graeci
491 2084 672 2154 apostemata
699 2084 813 2136 vocant.
851 2086 1014 2138 nascuntur
1037 2080 1068 2138 in
1083 2091 1108 2131 20

130 2233 142 2281 1
160 2229 227 2283 duas
241 2245 277 2298 p,
303 2228 336 2283 H.
357 2245 379 2282 c.
488 2228 623 2296 quimolie
643 2245 668 2295 c,
687 2228 792 2298 pmolie
815 2231 866 2297 (sic
883 2247 902 2300 p
920 2245 975 2299 pro
994 2233 1022 2298 q)
1037 2248 1068 2300 p.

75 2298 96 2350 et
109 2314 152 2352 om.
167 2317 196 2368 p.
271 2298 381 2367 singule
396 2316 427 2368 p.
500 2306 600 2354 icum
616 2341 622 2352 .
638 2342 643 2353 .
659 2339 665 2351 .
680 2299 785 2353 illines:
805 2317 868 2354 cum
887 2304 967 2355 aceto
986 2301 1069 2355 simul

73 2367 132 2422 tritis
151 2369 275 2424 illiniunt
297 2387 323 2438 c,
348 2370 431 2423 simul
453 2369 529 2425 teris.
572 2372 601 2424 εὴ
628 2386 691 2423 cum
719 2372 800 2424 aceto
827 2371 915 2425 illinis
936 2389 966 2440 p.
1052 2379 1068 2425 3

74 2436 182 2496 illinis..
198 2440 366 2510 ,in(i)ponis
383 2457 429 2509 pc.
521 2445 537 2494 ὅ
562 2458 584 2496 c.
609 2458 636 2508 p.
661 2440 690 2493 in
712 2458 800 2509 pusca
823 2442 896 2495 salsa
920 2441 1013 2496 infusa
1041 2444 1070 2496 et

75 2511 258 2579 cataplasmata
277 2528 291 2565 c
310 2510 425 2579 (Pete),
451 2528 473 2564 c.
492 2530 519 2580 p.
539 2511 568 2564 in
587 2510 680 2579 parion
698 2511 766 2564 falla
784 2511 875 2568 infuso
890 2514 919 2566 et
933 2513 1070 2580 cataplas—

74 2583 133 2634 mate
149 2582 223 2637 facto
238 2600 269 2650 p.
362 2585 445 2636 sanat
463 2585 493 2637 et
511 2581 720 2650 di(sc)rumpit:
739 2584 780 2635 sa'c
798 2599 830 2651 cp
850 2582 961 2650 (Pete).
1053 2590 1069 2638 8

73 2651 147 2706 resins
159 2652 336 2708 terebentina'o
349 2659 362 2706 i
375 2653 504 2706 suffimen
518 2658 564 2705 mo
578 2669 600 2721 c,
615 2654 703 2706 resine
717 2653 875 2707 terbentine
886 2653 1069 2708 sufficientem

73 2723 167 2778 modum
181 2741 212 2793 p.
286 2729 302 2776 9
323 2723 468 2778 consolves
487 2725 548 2792 (sic)
567 2740 609 2792 cp.
683 2729 711 2777 et
728 2740 792 2777 cum
810 2725 916 2792 ceperit
934 2724 1023 2778 bulire
1043 2741 1069 2779 o:

73 2790 107 2846 fao
121 2793 225 2849 bullire.
263 2796 294 2847 et
312 2810 375 2847 cum
393 2795 495 2848 bullire
514 2794 620 2862 ceperit
634 2811 664 2863 p.
758 2796 900 2849 remittes
919 2811 944 2848 c:
973 2811 1023 2848 om.
1038 2811 1069 2863 p.

17 2858 22 2921 l
73 2866 114 2916 et.
131 2905 137 2918 .
157 2906 163 2917 .
182 2881 309 2934 appones
333 2867 375 2919 sic
402 2867 469 2933 (nist
490 2866 563 2934 quod
585 2864 714 2918 indutum
742 2864 942 2934 prevaporabis
958 2907 964 2917 .
980 2908 986 2919 .
1003 2905 1009 2918 .
1024 2882 1070 2919 ex·

17 2924 25 3027 ι
71 2936 168 3005 poagia)
179 2954 205 2990 c:
221 2938 251 2991 et
259 2935 454 3004 prevaporatis
463 2936 592 3005 partibus
602 2934 743 3004 expongia
750 2934 896 2989 inductum
908 2951 1033 3003 appones
1038 2952 1069 3002 p.

18 3034 23 3049 ι
72 3009 97 3057 n
108 3007 342 3061 maturaverintc:
357 3005 430 3060 —rit
439 3024 469 3075 p.
537 3006 647 3075 foliap.
718 3011 749 3059 13
766 3008 1069 3075 etpost...eeterap:

21 3096 24 3101 ·
71 3077 241 3146 etpfectione
261 3078 326 3132 co‘1t'
345 3079 483 3131 uttretera
501 3078 562 3146 (stc)
581 3094 603 3132 c.
687 3083 720 3130 14
739 3077 849 3131 curabis
865 3107 899 3114 -
915 3078 970 3145 (15)
985 3077 1028 3128 est
1042 3091 1070 3127 c:

20 3142 25 3221 j
70 3161 145 3218 usp
208 3165 275 3203 cera
283 3166 314 3218 p.
378 3148 471 3217 ispani
481 3166 511 3217 p.
577 3154 610 3201 16
621 3147 724 3202 sufficit
734 3164 773 3215 cp.
835 3152 1029 3213 ltappresens
1040 3161 1069 3212 p.

21 3228 25 3283 ι
70 3219 186 3284 psittacio
210 3220 259 3286 (cf.
279 3219 358 3285 infra
377 3235 398 3274 e.
418 3224 479 3287 21):
504 3220 604 3273 sitacio
625 3236 657 3287 p,
683 3218 824 3273 sutacioc
849 3217 896 3282 (cf.
915 3213 1072 3282 septaticon

21 3290 26 3357 ξ
71 3287 151 3357 Patr).
217 3289 528 3359 emplnustrouterisp:
543 3288 787 3358 emplastauerisc.
853 3291 885 3339 19
896 3287 937 3340 tit.
948 3285 1014 3354 Gap.
1024 3287 1072 3338 ΙΙΙ.

21 3374 26 3417 l
71 3359 280 3417 adcollectionis
294 3377 320 3431 9,
338 3360 383 3414 Ad
398 3361 578 3415 collectiones
597 3366 630 3414 18
650 3377 673 3428 c,
691 3360 733 3412 De
751 3357 971 3426 apostematibus
981 3373 1003 3425 p
1018 3355 1072 3423 (Ad

22 3428 26 3497 l
72 3431 355 3500 collectionesiodp).
420 3437 455 3485 20
464 3447 550 3500 supra
560 3433 736 3500 apostemata
745 3429 855 3497 arrepsit
865 3427 1025 3496 eruptiones
1034 3429 1071 3493 90.
