2414 3924
526 189 772 255 -136—

140 334 251 396 doloris
278 337 399 396 maioris
426 334 524 416 digiti,
552 334 641 396 nullis
670 334 919 415 praecedentibus
947 339 1057 418 causis,
1086 358 1158 401 cum

140 423 251 485 rubore
274 426 354 485 circa
376 423 572 485 articulorum
593 423 706 505 locum,
735 431 766 484 et
792 426 886 503 magis
908 432 1057 486 nocturno
1080 435 1156 489 tem-

139 531 221 592 pore.
263 515 450 573 increscente
478 530 549 573 vero
577 515 715 592 passione
743 511 906 593 plurimum
932 514 1050 575 articuli
1073 535 1155 577 com-

139 604 294 680 patiuntur
318 611 348 662 et
371 600 455 680 digiti
477 603 669 662 invertuntur
687 607 717 661 et
740 602 912 662 durescunt.
948 608 1156 666 veterescente

111 697 238 751 sautem
266 692 418 771 passione,
446 689 588 751 diuturno
616 688 727 750 doloris
754 697 888 768 tempore
917 693 1005 752 etiam
1029 700 1059 752 et
1088 697 1157 773 pori

140 786 318 860 nascuntur,
350 797 387 839 ex
419 778 528 857 quibus
560 786 748 858 aegrotantes
779 777 892 856 lapides
920 779 1031 856 similes
1062 801 1159 861 gypso

140 868 288 928 emittunt.
344 875 375 928 et
410 874 515 946 torpor
556 866 675 945 quidam
712 869 892 928 accessionis
929 876 1063 947 tompore
1100 889 1158 950 per

140 955 273 1016 membra
296 955 477 1034 patientibus
500 955 651 1016 discurrit.
683 955 840 1035 aliquando
863 957 994 1034 rigorem
1013 961 1157 1040 sentiunt,

140 1044 297 1124 aliquando
312 1044 448 1105 calorem.
482 1053 512 1105 et
530 1051 601 1104 sunt
618 1046 714 1123 ipsius
727 1043 874 1123 podagrae
893 1044 1049 1106 distantiae
1069 1047 1157 1128 duae,

100 1146 127 1186 10
141 1143 187 1194 est
215 1135 295 1194 enim
321 1133 428 1212 frigida
456 1139 487 1193 et
514 1132 615 1193 calida.
657 1135 787 1212 cognitio
814 1139 915 1193 autem
942 1133 1060 1195 illarum
1088 1136 1158 1197 talis

141 1229 195 1282 est.
232 1223 264 1281 in
283 1221 416 1282 calidiori
438 1221 539 1282 fervor
561 1221 753 1282 incendiosns
772 1240 840 1283 cum
859 1222 1029 1283 vehementi
1051 1222 1154 1285 dolore

141 1312 286 1389 sentitur,
309 1317 469 1388 apparente
492 1308 660 1371 rubicundo
683 1316 810 1371 tumore.
850 1311 881 1370 in
909 1310 1055 1389 frigidiori
1085 1332 1158 1373 vero

141 1397 253 1458 inflatio
277 1397 430 1458 subalbida
452 1398 590 1459 eflicitur.
626 1405 822 1477 utrarumque
843 1406 944 1459 autem
963 1401 1075 1459 sanatio
1098 1403 1157 1461 ista

141 1494 200 1566 est,
227 1488 259 1546 in
282 1485 415 1546 calidiori
438 1487 654 1568 refrigerativa,
682 1489 713 1547 in
742 1487 888 1566 frigidiori
915 1485 1102 1548 calefactoria
1126 1499 1159 1550 et

101 1590 127 1629 15
142 1576 295 1655 eiectoria,
332 1592 421 1653 quam
453 1575 558 1636 Graeci
590 1575 793 1637 diaforcticam
825 1584 939 1636 vocant.
990 1583 1021 1636 et
1057 1576 1157 1638 differt

141 1662 319 1742 podagricus
347 1662 383 1723 ab
412 1663 579 1744 arthritico,
608 1666 675 1743 quia
703 1663 856 1743 podagrici
883 1666 914 1723 in
941 1682 1030 1724 crure
1058 1665 1156 1725 solum

142 1753 343 1812 causationem
365 1751 490 1833 habent,
513 1751 660 1815 arthritici
678 1761 777 1813 autem
800 1754 832 1812 in
851 1751 988 1813 omnibus
1011 1753 1153 1815 articulis.

187 1855 189 1859 ’
229 1842 261 1901 in
284 1839 488 1902 curationibus
506 1848 606 1902 autem
624 1841 661 1901 ad
685 1840 807 1902 calidam
830 1840 990 1920 podagram
1011 1842 1156 1902 mustelae

142 1931 317 2008 sauguinem
344 1948 413 1990 cum
440 1928 618 2009 plantaginis
645 1948 718 1991 suco
745 1931 825 1990 inter
852 1931 916 2008 ipsa
944 1931 1027 1991 initia
1050 1930 1156 1992 illines.

102 2034 128 2072 ro
231 2017 318 2079 aliud.
356 2018 506 2080 coriandri
529 2017 597 2078 folia
620 2026 672 2080 aut
693 2019 852 2097 iusquiami
875 2017 945 2078 folia
963 2026 1015 2078 aut
1038 2019 1156 2080 coliculi

142 2105 223 2185 folia,
247 2125 308 2166 non
330 2115 486 2185 praesente
509 2109 691 2187 iusquiamo,
720 2113 802 2167 teres
830 2104 989 2184 diligenter
1012 2115 1043 2167 et
1065 2126 1159 2187 super

142 2194 242 2253 mittes
265 2193 396 2254 medium
418 2196 503 2274 panis
522 2195 626 2256 mundi
648 2194 754 2275 frigida
774 2203 804 2255 ot
823 2203 929 2273 aquata
947 2212 1037 2272 posca
1056 2197 1159 2278 inlusi,

214 2362 347 2416 2robore
366 2381 408 2435 cp.
499 2364 573 2420 circa
597 2365 691 2420 locum
709 2367 761 2420 ort.
777 2381 807 2433 p.
898 2370 915 2418 3
934 2363 1003 2419 inor.
1027 2365 1158 2435 passione

142 2449 208 2487 vero
226 2433 264 2502 pl.
284 2449 306 2489 o.
379 2435 560 2503 dpatiuntur
578 2453 601 2491 o.
692 2436 814 2491 tetiam
832 2450 883 2490 om.
902 2451 924 2490 c.
1013 2436 1158 2506 toorpori

142 2503 255 2572 quidem
273 2519 296 2569 o,
316 2501 362 2561 uir
385 2505 500 2574 quidam
518 2523 549 2575 p.
622 2513 638 2561 9
662 2509 691 2562 et
714 2509 779 2561 sunt
797 2537 831 2546 —
851 2507 907 2575 (15)
925 2508 1029 2561 vocant
1042 2531 1077 2552 =
1092 2507 1156 2562 Gal.

143 2575 233 2640 XIV,
252 2578 316 2629 384.
400 2582 433 2630 10
451 2576 470 2630 i.
486 2576 526 2646 (id
541 2579 594 2646 est)
614 2577 718 2647 frigida
736 2580 787 2633 aut
805 2594 827 2632 c
845 2594 868 2646 p
887 2576 935 2646 (od
952 2593 1008 2631 rem
1027 2577 1062 2643 of.
1082 2577 1157 2631 Occi.

142 2647 197 2702 cbr.
216 2651 247 2712 b,
266 2647 320 2714 31).
395 2653 426 2702 11
447 2646 574 2702 calidiori
592 2665 638 2717 op,
658 2658 736 2710 -ott
754 2653 818 2703 onte
836 2663 905 2702 corr.
921 2663 952 2715 p.
1026 2652 1058 2700 12
1077 2646 1156 2718 frigi·

142 2715 215 2771 diori
228 2721 264 2784 p⁰
282 2719 371 2780 (-ott
384 2735 420 2786 p,
444 2735 529 2774 —ora
547 2720 581 2787 o).
690 2737 756 2775 vero
775 2750 809 2759 -
829 2720 886 2788 (14)
905 2715 1046 2788 frigidiori
1063 2734 1113 2772 ona.
1134 2737 1156 2775 c.

143 2793 177 2842 14
196 2785 330 2843 calefacto
345 2804 375 2857 p.
450 2796 483 2844 15
502 2792 532 2845 eb
551 2789 701 2845 exiectoria
718 2791 780 2860 (aio)
795 2807 822 2846 c:
840 2805 891 2846 oro.
902 2806 932 2858 p.
1006 2789 1159 2845 diaforesin

142 2893 164 2944 c,
184 2865 320 2948 dioffb'lta
339 2878 485 2947 (-forats)
500 2895 530 2948 p.
605 2885 638 2933 16
653 2877 771 2934 arbetioo
785 2894 809 2947 c,
827 2879 932 2933 oretioo
946 2896 978 2949 p.
1051 2879 1116 2947 quia
1130 2896 1158 2933 c:

141 2948 275 3016 quoniam
298 2949 366 3018 (qm)
385 2967 416 3019 p.
524 2949 652 3019 podagra
673 2948 772 3003 incure.
794 2949 885 3004 solum
910 2950 998 3005 habeb
1025 2950 1158 3004 ametious

141 3020 236 3073 autem
255 3037 270 3076 o
287 3021 337 3087 (ad
360 3037 417 3075 reta
435 3021 471 3086 cf.
491 3021 554 3076 Gal.
574 3020 676 3085 XIII,
698 3024 776 3088 332).
883 3019 914 3073 in
937 3037 1004 3075 eura
1027 3025 1116 3090 (ioura
1135 3037 1158 3087 c,

141 3097 153 3144 ῑ
173 3090 225 3144 cua
239 3093 272 3161 p)
291 3108 332 3160 cp.
420 3097 452 3146 17
472 3089 592 3146 artritiei
609 3091 654 3146 bfo
667 3108 698 3160 p.
786 3096 818 3144 19
838 3090 1015 3160 sanguinem:
1035 3091 1158 3146 cinerem

142 3163 266 3230 affirmat
289 3163 382 3218 Diosc.
402 3178 433 3230 p.
452 3167 506 3217 179
530 3163 574 3230 (eo
596 3177 650 3230 quo
668 3161 792 3216 Galenus
815 3160 888 3213 XII
891 3201 900 3225 ,
924 3164 1002 3229 362).
1039 3163 1072 3216 de
1093 3178 1157 3216 scn-

140 3235 225 3302 9tn'ne
241 3235 322 3290 aliter
336 3235 373 3287 D.
389 3233 406 3287 i.
422 3250 444 3287 c.
526 3231 662 3286 suillinis
676 3242 725 3300 op·
790 3229 930 3286 oonandri
938 3248 975 3298 p:
993 3231 1120 3286 cantabri
1133 3248 1156 3286 o.

141 3304 211 3358 folio
224 3310 289 3373 post
306 3303 457 3372 iusquiami
475 3319 525 3359 om.
545 3319 566 3358 c.
658 3300 790 3356 cauliculi
808 3317 849 3369 cp.
938 3306 970 3355 21
990 3302 1116 3369 presenti
1135 3318 1156 3357 o.

143 3379 176 3426 22
196 3374 361 3430 mundiora.
381 3391 403 3428 o.
512 3372 617 3444 frigida
635 3374 664 3427 et
681 3377 787 3439 aquato
804 3387 891 3440 pusca
910 3387 937 3440 c,
958 3370 1062 3439 frigida
1081 3373 1109 3425 et
1128 3373 1158 3425 in

169 3457 219 3496 *uo
235 3460 323 3513 pusca
335 3461 366 3511 p.
839 3482 840 3487 κ
