2414 3924
450 230 520 278 nnn.
535 231 586 279 m.
608 231 684 282 oar.
701 234 748 281 x1.
763 235 825 283 xu.
1071 226 1111 288 93

117 384 175 464 sic,
190 405 228 446 ue
244 384 337 447 statim
352 382 592 447 vehementissimi
608 385 722 448 calores
737 389 889 467 incipiant,
911 389 963 448 sed
979 389 1112 468 paulatim

116 474 294 532 increscant:
317 471 517 548 perfricandae
539 489 653 550 quoque
674 489 726 530 eae
748 481 846 549 partes
868 473 997 531 manibus
1019 476 1113 534 unctis

117 573 155 615 ex
168 563 270 613 vetere
285 553 352 613 oleo
369 564 448 631 sunt,
465 556 551 633 eique
566 554 754 628 adjiciendum
769 555 876 634 aliquid
890 574 927 614 ex
940 555 1112 615 calefacien-

116 637 208 706 tibus;
238 639 422 716 contentique
445 637 548 697 medici
571 638 682 716 quidam
710 657 765 698 una
786 640 936 714 frictione,
965 640 1049 698 e'tiam
1075 658 1112 698 ex

90 720 244 800 nquolibet
259 719 343 796 oleo,
361 730 434 779 sunt.
457 720 489 779 In
507 721 604 780 harum
618 721 741 780 febrium
755 721 970 781 remissionibus
985 722 1112 782 nonnulli

115 814 176 864 tres
192 813 241 863 aut
265 812 387 880 quatuor
405 804 572 863 sorbitionis
592 804 729 881 cyathos,
756 806 906 864 etiamnum
921 815 1052 865 manente
1068 807 1110 865 fe·

114 887 184 963 bre,
203 887 285 946 dant:
311 885 429 962 deinde,
453 905 488 946 ea
502 887 577 946 hene
594 888 688 963 finita,
706 889 837 947 reficiunt
852 888 1029 948 stomachum
1043 889 1110 948 cibo

113 970 220 1047 frigido
242 979 272 1029 et
287 970 356 1028 levi.
382 969 448 1046 Ego
467 979 524 1029 tum
546 969 603 1029 hoo
623 980 692 1048 puto
710 971 891 1047 tentandum,
914 989 998 1049 quum
1013 989 1112 1049 parum

116 1053 214 1129 cibus,
244 1053 334 1112 semel
358 1062 387 1111 et
407 1062 474 1130 post
492 1053 602 1113 febrem
631 1055 729 1126 datus,
752 1054 881 1131 prodest.
917 1054 975 1113 Sed
998 1056 1111 1114 curiose

80 1161 105 1202 ιο
118 1136 351 1216 prospiciendum
373 1145 433 1212 est,
457 1155 493 1195 ne
517 1146 629 1215 tempus
654 1139 833 1197 remissionis
859 1137 998 1216 decipiat:
1022 1156 1111 1217 saepe
1146 1202 1148 1207 ,

115 1222 188 1279 euim
210 1220 238 1278 in
254 1219 311 1279 hoc
333 1235 449 1296 quoque
471 1237 582 1296 genere
597 1219 768 1280 valetudinis
782 1221 842 1296 jam
863 1223 948 1280 minui
965 1220 1056 1281 febris
1071 1223 1111 1280 vi-

114 1302 213 1380 detur,
236 1312 266 1361 et
286 1321 384 1361 rursus
399 1303 561 1362 intenditur.
596 1301 696 1381 Itaque
719 1306 745 1363 ei
760 1305 921 1363 remissioni
939 1303 1111 1364 credendum

115 1395 176 1462 est,
210 1403 284 1462 quae
315 1387 400 1445 etiam
430 1388 609 1463 immoratur,
634 1395 662 1445 et
678 1388 880 1463 Jactationem,
910 1388 1112 1464 foetoremque

102 1468 264 1546 >quemdam
280 1471 356 1544 oris,
375 1488 459 1546 quem
473 1459 550 1548 ὅζην
564 1469 668 1530 Graeci
684 1479 805 1546 vocant,
821 1472 927 1529 minuit.
954 1469 1026 1530 Illud
1043 1472 1112 1529 satis

79 1578 105 1619 15
115 1554 267 1629 convenit,
283 1553 307 1610 si
324 1552 451 1631 quotidie
466 1571 552 1631 pares
569 1555 757 1613 accessiones
773 1563 852 1628 sunt,
875 1554 1003 1630 quotidie
1019 1552 1112 1612 cibum

114 1634 250 1695 dandum:
272 1635 297 1693 si
311 1637 454 1712 impares,
471 1644 537 1714 post
551 1637 731 1712 graviorem,
750 1634 857 1701 cibum;
881 1645 948 1713 post
962 1636 1110 1711 leuiorem,

114 1737 216 1797 aquam
230 1717 358 1778 mulsam.

430 1951 629 2012 CAPUT
671 1952 769 2010 XII.

400 2069 501 2118 Curatio
517 2066 629 2117 horroris
648 2067 675 2115 in
693 2066 814 2115 febribus.

80 2245 106 2285 ao
178 2222 289 2281 horror
303 2229 396 2280 autem
414 2237 464 2278 eas
480 2219 543 2277 fere
556 2217 654 2276 febres
672 2213 832 2292 antecedit,
851 2233 924 2294 quae
941 2224 1048 2275 certum
1063 2216 1112 2274 ha-

115 2307 185 2366 hent
203 2305 397 2379 circumitum,
416 2312 445 2362 et
462 2321 499 2361 ex
513 2310 575 2361 toto
591 2302 787 2367 remittuntur;
810 2301 934 2378 ideoque
956 2301 1112 2360 tutissimae

116 2398 197 2467 sunt,
211 2390 391 2464 maximeque
414 2387 577 2445 curationes
592 2385 748 2446 admittunt.
770 2384 843 2444 Nam
857 2382 905 2442 ubi
919 2385 1027 2442 incerta
1043 2391 1113 2441 tem·

117 2490 190 2550 pora
207 2481 288 2549 sunt,
303 2488 397 2548 neque
412 2469 470 2528 alvi
486 2469 599 2546 ductio,
614 2486 708 2547 neque
724 2467 873 2544 balneum,
895 2485 990 2543 neque
1006 2468 1113 2544 vinum,

116 2574 210 2634 neque
232 2555 467 2614 medicamentum
489 2551 565 2611 aliud
583 2561 664 2611 recte
686 2551 778 2611 datur.
809 2550 953 2610 Incertum
975 2559 1018 2609 est
1040 2551 1114 2609 enim
1155 2578 1157 2582 ⁷

81 2639 230 2716 anquando
252 2638 343 2697 febris
363 2645 482 2696 ventura
498 2637 549 2695 sit:
574 2638 613 2694 ita
633 2637 696 2694 fieri
718 2645 832 2714 potest,
847 2644 894 2711 ut,
918 2637 942 2694 si
957 2633 1049 2692 subito
1065 2651 1114 2691 ve-

116 2723 207 2797 nerit,
232 2740 338 2781 summa
356 2723 384 2779 in
404 2738 439 2779 eo
456 2719 601 2797 pernicies
623 2721 675 2795 sit,
697 2719 774 2796 quod
791 2719 888 2778 auxilii
911 2735 997 2778 causa
1018 2719 1054 2776 sit
1074 2717 1114 2773 in·

115 2813 240 2864 ventum.
274 2805 410 2883 Nihilque
429 2802 504 2862 aliud
526 2804 589 2860 fieri
609 2810 723 2879 potest,
747 2820 830 2881 quam
851 2810 880 2861 ut
896 2802 994 2880 primis
1015 2798 1118 2857 diebus

116 2889 191 2947 bene
209 2887 383 2947 abstineatur
397 2904 501 2962 aegon
519 2885 621 2944 deinde
634 2884 687 2943 sub
703 2886 826 2944 decessu
839 2884 929 2943 febris
946 2885 1024 2959 ejus,
1041 2899 1115 2958 quae

60 3027 63 3032 .
115 2972 286 3048 gravissima
305 2982 359 3048 est,
377 2971 470 3030 cibum
485 2977 584 3027 sumat.
600 2967 639 3027 At
654 2968 702 3026 uhi
716 2978 813 3027 certus
829 2967 990 3026 circumitus
1005 2974 1060 3040 est,
1074 2965 1115 3023 fa·

83 3066 108 3107 tt
118 3055 200 3114 cilius
216 3057 309 3113 omnia
324 3055 373 3114 illa
386 3060 542 3120 tentanum
559 3053 624 3128 quia
641 3053 733 3128 magis
750 3068 917 3131 proponere
929 3048 1013 3106 nohis
1028 3057 1055 3105 et
1068 3064 1115 3105 ac·

118 3140 281 3198 cessionum
305 3148 333 3197 et
359 3137 560 3197 decessionum
582 3136 663 3193 vices
685 3152 848 3212 possumus.
883 3132 915 3191 In
942 3130 1115 3206 bisantem,
1155 3196 1158 3203 ,

116 3239 202 3299 quum
217 3222 466 3295 inveteraverunt,
482 3219 560 3277 utilis
577 3219 668 3278 fames
684 3235 741 3277 non
757 3226 816 3277 est:
836 3216 935 3295 primis
950 3222 1115 3272 tautummo-

117 3303 154 3363 do
170 3303 271 3363 diebus
287 3322 322 3364 ea
337 3302 518 3383 pugnandum
534 3311 592 3370 est;
607 3300 710 3360 deinde
727 3299 878 3359 dividenda
891 3297 999 3356 curatio
1018 3305 1074 3372 est,
1087 3300 1117 3353 et

117 3396 183 3447 ante
201 3386 323 3464 horror,
340 3398 397 3446 tum
414 3386 505 3446 febris
520 3384 707 3444 discutienda.
729 3384 819 3460 Igitur
832 3399 917 3461 quum
932 3381 1050 3459 primum
1064 3376 1112 3441 ali·

81 3483 107 3524 nu
117 3472 181 3548 quis
198 3470 354 3547 inhorruit,
380 3480 409 3529 et
423 3488 461 3529 ex
474 3469 596 3529 horrore
612 3468 744 3544 incaluit,
769 3467 838 3526 dare
861 3467 887 3524 ei
904 3471 1020 3544 oportet
1035 3456 1112 3540 potui
