2416 3936
176 227 218 293 66
466 233 674 283 saxoneum
697 231 773 280 cae.
790 232 864 280 x111.

144 393 166 442 4,
244 376 492 439 Animadvertisse
520 373 650 435 chordae
672 373 806 432 sonantis
832 371 1008 433 suavitatem
1030 374 1060 433 in
1089 392 1156 434 arcu

185 460 327 546 [sororis]
345 458 512 540 Apollinem
530 459 653 518 tradunt
674 465 703 518 et
725 456 888 518 intendisse
903 458 1044 534 protinus
1067 458 1156 519 citha·

181 566 260 618 ram,
286 553 348 606 tum
365 552 483 605 notasse
500 544 579 622 quod
595 543 782 604 adstrictiora
798 541 846 601 fila
862 560 1025 603 nervorum
1042 544 1074 603 in
1091 562 1156 604 acu·

181 650 250 693 men
273 631 492 697 excitarentur,
521 627 659 706 gravibus
680 625 899 705 responderent
920 628 1064 697 remissa,
1093 629 1158 689 iude

182 717 288 776 iecisse
316 720 377 774 tres
398 715 511 791 primos
538 713 574 772 dc
601 710 709 789 quibus
735 728 825 789 supra
854 711 964 772 dictum
994 720 1054 773 est:
1085 713 1183 773 hanes

183 799 335 877 excepisse
356 799 552 858 intentionem
576 795 736 876 Lyconem,
763 813 852 875 quem
873 796 994 874 quidam
1015 796 1158 876 Apollinis

183 884 274 944 hlium
296 881 417 942 tradunt
445 889 474 942 et
495 880 642 959 nymphae
661 880 852 951 Paramcsae,
883 903 897 942 1
920 880 1158 960 Chrysothemidi

182 966 353 1046 reliquisse:
377 965 413 1027 ab
436 985 471 1027 eo
493 965 664 1026 adiunctum
680 965 801 1026 modum
818 966 869 1044 qui
890 983 1105 1045 synemmenas
1121 967 1158 1027 di·

176 1053 273 1112 citur:
313 1050 393 1110 hunc
423 1068 581 1111 numerum
612 1051 727 1111 auxisse
755 1050 961 1128 Terpandrum
994 1051 1159 1112 adiectione

184 1136 411 1213 diezeugmeuu,
436 1136 486 1214 qui
501 1135 615 1212 primus
632 1153 647 1195 a
663 1133 801 1213 gravibus
816 1136 846 1194 in
862 1152 987 1196 acumen
1005 1138 1157 1196 avertitur.
1173 1143 1193 1191 11

185 1219 290 1279 deinde
312 1217 486 1280 Timotheus
510 1217 620 1279 addidit
642 1219 730 1290 duos,
761 1236 937 1296 paramesen
959 1226 989 1279 et
1011 1221 1158 1300 hyperbo-

184 1302 279 1362 laeon.

150 1383 166 1430 5
247 1386 365 1446 lnitium
381 1387 461 1446 modi
478 1387 585 1446 dicitur
602 1387 700 1455 diesis,
720 1387 873 1448 dimidium
890 1389 1101 1461 semitonium,
1120 1399 1158 1450 to·

184 1478 246 1530 tum
264 1479 358 1532 tonos.
392 1471 453 1531 toni
469 1471 527 1548 duo
552 1478 581 1532 et
596 1472 734 1532 dimidius
757 1471 938 1534 diatessaron
954 1475 1157 1543 nominantur,

184 1567 245 1616 tres
262 1562 291 1616 et
307 1555 444 1616 dimidius
461 1555 614 1634 dlapente,
632 1573 682 1617 sex
700 1556 851 1634 diapason.
1175 1567 1195 1614 11

247 1641 327 1702 Haec
343 1641 472 1701 musicae
488 1659 602 1702 summa
618 1648 695 1702 sunt.

134 1839 178 1898 13'
396 1842 446 1891 Du
464 1841 598 1893 METRIS
616 1843 656 1893 ID
675 1842 743 1893 EST
761 1844 936 1895 NUMERIS.

248 1977 340 2037 Metra
358 1977 480 2046 Graece,
502 1978 605 2038 Latine
627 1978 744 2040 numeri
765 1985 916 2039 vocantur.
948 1997 1094 2041 numerus
1117 1989 1157 2042 est

185 2061 351 2139 aequalium
374 2062 482 2139 pedum
505 2060 634 2139 legitima
655 2062 810 2123 ordinatio.
841 2063 929 2122 huius
949 2081 1021 2141 pars
1042 2067 1156 2144 integra

184 2165 252 2224 pes;
275 2153 373 2223 partes
395 2154 464 2206 sunt
480 2146 589 2223 pedum
611 2145 752 2226 syllabae,
778 2146 1155 2218 clementa‘numerorum;
1171 2159 1196 2206 1ο

151 2242 165 2290 2
184 2229 341 2290 modorum
367 2230 511 2291 elementa
528 2233 620 2308 spatia
636 2230 812 2309 syllabarum
836 2251 870 2292 ac
889 2241 1034 2311 tempora.
1067 2235 1156 2312 pedes

185 2324 394 2392 conponuntur
413 2333 447 2374 ex
464 2314 583 2393 syllabis
598 2316 752 2375 minimum
769 2316 854 2386 binis,
871 2316 1031 2395 plurimum
1050 2321 1156 2385 ternis;

183 2400 327 2476 incipiunt
349 2399 532 2476 temporibus
547 2398 637 2470 binis,
661 2400 696 2460 ad
713 2419 784 2460 sena
806 2403 998 2479 perveniunt;
1024 2402 1156 2482 bisyllabi

184 2490 336 2560 quattuor,
369 2480 511 2560 trisyllabi
538 2491 614 2544 octo.
662 2483 763 2562 plures
790 2504 876 2564 quam
909 2486 1065 2546 duodecim
1094 2507 1157 2548 csso

183 2583 240 2626 non
258 2572 392 2641 possunt.
1172 2579 1196 2630 tt

252 2701 274 2750 1.
289 2698 520 2750 animadvertisse
534 2701 653 2751 chordae
666 2703 851 2767 Lucumonem,
871 2719 942 2755 anam
962 2705 1095 2769 abitensis
1116 2724 1157 2758 se-

183 2767 271 2818 cuube
290 2767 356 2826 DV,
382 2767 609 2819 animadvertisse
634 2772 773 2821 secundae
794 2774 934 2824 Urticbsr'us
954 2774 1019 2836 (Eos
1036 2775 1074 2823 II
1092 2779 1156 2826 1866

179 2853 208 2900 p.
227 2834 287 2900 460)
359 2836 508 2886 suavitatis
531 2837 557 2886 V
624 2837 691 2888 arcu
715 2842 819 2890 sororis
842 2842 867 2890 V
888 2844 971 2906 οιιζᾳο,
997 2841 1155 2906 aincus'toao

183 2905 246 2968 (oso
266 2906 292 2952 io
309 2919 387 2969 uturp.
408 2903 506 2967 adscr.)
525 2906 559 2963 J),
579 2920 659 2956 arcus
679 2923 746 2958 sono
762 2909 903 2959 Urlichsius
973 2911 997 2963 2.
1017 2911 1155 2961 citharam

183 2975 239 3020 tum
259 2971 391 3033 Cauchius,
412 2986 629 3024 cxxrauaxmum
648 2975 705 3024 DV
771 2979 795 3026 3.
815 2975 980 3026 absrxacron
1001 2992 1097 3029 asima
1115 2980 1140 3028 Ι)

180 3040 206 3088 4.
229 3038 361 3103 gravibus
385 3043 460 3090 sonis
484 3043 549 3091 coni.
573 3042 670 3093 Ioknus
739 3044 763 3093 5.
793 3045 989 3094 recisseurll
1060 3046 1085 3096 6.
1111 3062 1154 3096 ex·

182 3119 323 3171 cepisses*
340 3107 364 3155 Ι)
434 3122 556 3158 caconem
575 3111 607 3170 D,
626 3109 760 3174 liquorem
783 3111 815 3173 V,
834 3128 903 3162 corr.
916 3112 1014 3163 Iubmus
1034 3109 1111 3175 (Ber.
1129 3115 1153 3165 d.

181 3173 271 3223 So'cbs.
288 3176 346 3226 Ges.
365 3173 460 3240 1417)
531 3180 555 3228 7.
574 3192 717 3242 pseornese
738 3177 811 3241 (ame
830 3182 855 3228 in
867 3177 934 3243 ras.)
953 3181 986 3242 D,
1006 3196 1153 3244 paramese

185 3242 216 3299 V,
235 3241 390 3291 Parnasiae
404 3247 432 3292 et
443 3246 512 3294 coni.
525 3245 623 3295 Iubmus
676 3246 881 3297 carsorhemabr
900 3247 953 3295 DV
1021 3249 1045 3298 8.
1065 3263 1099 3298 sc
1121 3265 1153 3297 ca

181 3309 237 3357 DV
289 3309 545 3374 sruhenmexosI)‚
566 3313 742 3364 sinenmenos
770 3316 796 3362 V
864 3316 902 3366 10.
923 3313 1100 3365 brezeumexu
1121 3318 1152 3373 J),

181 3375 225 3424 die
245 3391 377 3426 zeumeno
400 3378 427 3427 V
494 3381 534 3432 11.
558 3379 756 3445 hxpesnoxeou
777 3382 834 3431 DV
900 3384 939 3431 14.
964 3381 1099 3433 roxtbrum
1121 3398 1154 3433 er

180 3442 237 3490 DV
303 3442 483 3495 braxessaxox
504 3445 544 3510 (ss
563 3450 588 3498 in
606 3449 672 3509 ros.)
692 3450 716 3498 D
786 3451 828 3502 20.
850 3465 904 3515 pen
924 3463 1028 3514 parares
1047 3451 1105 3499 DV

182 3509 367 3590 111111111Ἰρ
387 3512 498 3576 syllaba
522 3515 548 3564 V
615 3518 801 3567 uumexumD
870 3519 911 3569 23.
932 3516 965 3567 ab
985 3518 1091 3567 seDV

1069 3760 1108 3825 t'
