2414 3924
146 201 206 263 224
440 213 473 260 u.
490 212 519 260 o.
536 211 634 260 censs
648 211 843 261 muniemus

145 380 207 444 tur,
230 367 282 428 sub
305 367 435 444 qualibet
458 368 550 445 figura
572 367 716 427 dilatatur.
751 366 798 428 Pit
817 376 846 426 et
865 367 894 426 iu
917 384 951 426 ca
974 367 1041 442 illo,
1064 369 1143 427 etin
1185 398 1188 402 ·

145 452 244 514 barba.
258 483 299 494 —
314 450 346 511 ld
358 469 439 529 vero,
455 451 531 531 quod
547 468 563 510 a
582 452 728 529 serpentis
745 450 928 512 similitudine
943 385 1078 530 ciclades
1092 469 1143 530 ap·

145 536 288 618 pellatur,
310 536 409 614 incipit
430 535 466 595 ab
483 536 636 614 occipitio;
658 536 778 595 duorum
794 534 947 611 digitorum
963 535 1144 595 latitudinem

145 637 203 681 uon
225 619 353 686 excedit:
377 618 412 679 ad
435 638 519 679 aurea
541 618 653 678 duobus
676 618 818 697 capitibus
841 619 945 697 serpit;
972 617 1144 699 quibusdam

146 706 232 765 etiam
256 704 291 763 ad
306 703 445 781 frontem,
466 702 560 763 donec
575 721 607 762 se
625 703 681 762 duo
698 704 791 781 capita
807 703 835 761 in
851 703 949 780 priore
965 712 1049 781 parte
1065 720 1165 765 com-u

146 790 265 849 mittant.
287 787 360 847 lllud
375 788 472 847 vitium
489 788 516 845 in
532 786 660 864 qualibet
678 795 774 846 aetate
790 786 834 853 iit;
855 786 913 846 boc
930 787 994 846 iere
1011 788 1040 845 in
1052 785 1144 847 inian-

146 872 238 934 tibus:
262 871 333 931 illud
353 872 402 929 vix
425 888 557 948 umquam
578 871 640 929 sine
664 871 828 946 curatione,
851 869 909 929 hoc
930 888 984 948 per
1000 888 1033 930 se
1051 887 1144 948 saepe

147 957 250 1017 linitur.
289 955 409 1031 Quidam
431 955 504 1014 baec
519 971 629 1031 genera
643 970 774 1013 arearum
790 952 935 1031 scalpello
952 962 1143 1031 exasperant:

147 1040 261 1121 quidam
276 1039 386 1098 illinunt
403 1038 550 1097 adurentia
565 1056 603 1096 ex
618 1037 685 1097 oleo
694 1061 701 1107 ;
723 1038 904 1115 maximeque
921 1038 1047 1098 chartam
1066 1055 1144 1097 com·

146 1124 272 1183 bustam:
290 1122 402 1200 qnidam
418 1123 542 1181 resinam
557 1121 775 1181 terebinthinam
791 1139 854 1180 cum
869 1120 982 1199 thapsia
998 1121 1144 1182 inducunt.
1154 1141 1179 1182 ro

147 1206 207 1266 Sed
230 1206 298 1265 nihil
319 1206 421 1265 melius
438 1214 498 1281 est,
522 1222 605 1282 quam
620 1205 761 1264 novacula
778 1204 905 1283 quotidie
921 1205 1040 1265 radere:
1065 1207 1144 1284 quia,

148 1307 232 1368 quum
260 1290 394 1367 paulatim
422 1305 528 1348 summa
556 1287 694 1367 pellicula
723 1290 823 1348 excisa
847 1298 908 1364 est,
939 1289 1146 1367 adaperiuntur

148 1373 271 1453 pilorum
285 1372 439 1433 radiculae.
476 1371 579 1451 Neque
597 1380 662 1431 ante
678 1380 794 1451 oportet
809 1372 968 1449 desistere,
985 1390 1069 1450 quam
1086 1372 1145 1433 ire·

148 1465 282 1535 quentem
305 1456 392 1534 pilum
414 1457 495 1515 nasci
518 1457 693 1533 apparuerit.
738 1455 770 1516 ld
790 1465 900 1533 autem,
923 1456 1000 1534 quod
1020 1456 1146 1517 subinde

147 1540 270 1617 raditur,
286 1540 357 1600 illini
375 1549 533 1600 atramento
550 1539 704 1617 scriptorio
720 1541 790 1598 satis
808 1549 862 1599 est.
1157 1558 1180 1597 u

519 1776 702 1839 CAPUT
735 1775 771 1834 V.

408 1889 444 1938 De
462 1889 545 1949 varis,
563 1887 688 1937 lenticulis
708 1895 732 1936 et
751 1885 882 1953 ephelidis.

213 2041 308 2100 Paene
335 2041 461 2118 ineptiae
491 2047 555 2098 sunt
583 2057 684 2098 curare
712 2054 819 2114 varos,
853 2047 881 2096 et
911 2037 1086 2115 lenticulas,
1117 2048 1146 2099 et

151 2124 318 2204 ephelidas:
357 2123 408 2183 sed
435 2125 507 2200 eripi
535 2131 629 2181 tamen
657 2122 769 2182 feminis
799 2140 867 2181 cura
896 2120 988 2181 cultus
1015 2125 1059 2181 sui
1087 2141 1146 2183 non

150 2218 258 2289 potest.
310 2207 355 2266 Ex
390 2208 434 2267 his
463 2214 576 2282 autem,
610 2208 671 2264 vari
696 2206 911 2283 lenticulaeque
939 2206 1028 2283 vulgo
1056 2216 1144 2268 notae
1154 2231 1179 2270 ao

151 2302 231 2361 sunt;
254 2293 383 2370 quamvis
406 2291 499 2348 rarior
521 2307 555 2348 ea
580 2290 697 2366 species
720 2299 780 2367 est,
803 2307 886 2368 quam
909 2292 1020 2350 semion
1041 2289 1145 2351 Graeci

151 2384 272 2443 vocant;
304 2391 388 2452 quum
414 2374 451 2431 sit
477 2390 511 2431 ea
535 2372 671 2432 lenticula
694 2373 880 2433 rubicundior
903 2383 932 2433 et
954 2375 1144 2453 inaequalior.

151 2456 272 2534 Ephelis
295 2474 367 2515 vero
394 2474 410 2515 a
437 2456 584 2534 plerisque
613 2456 774 2531 ignoratur:
807 2475 881 2536 quae
903 2458 972 2517 nibil
999 2467 1060 2534 est,
1091 2460 1145 2518 nisi

151 2541 294 2617 asperitas
320 2540 460 2617 quaedam
486 2549 515 2597 et
542 2538 659 2599 durities
686 2540 752 2600 mali
788 2541 907 2601 coloris.
955 2539 1059 2601 Cetera
1086 2559 1144 2601 non

151 2624 205 2682 nisi
231 2625 259 2680 in
284 2622 374 2682 facie:
408 2622 543 2682 lenticula
571 2623 656 2682 etiam
681 2625 709 2682 in
739 2624 795 2683 alia
822 2634 904 2703 parte
933 2641 1177 2702 nonnumquamas

151 2708 231 2767 nasci
252 2707 343 2776 solet;
371 2707 407 2766 de
430 2725 485 2784 qua
498 2725 551 2785 per
566 2724 598 2765 se
613 2706 743 2767 scribere
763 2709 819 2767 alio
835 2709 902 2768 loco
926 2709 1017 2767 visum
1034 2724 1144 2786 operae

151 2792 273 2870 pretium
287 2807 342 2849 non
364 2800 417 2849 est.
455 2791 514 2850 Sed
530 2793 592 2850 vari
609 2791 838 2851 commodissime
858 2791 996 2850 tolluntur
1012 2793 1145 2870 imposita

150 2876 261 2951 resina,
286 2875 330 2933 cui
354 2892 411 2934 non
433 2876 523 2934 minus
546 2893 631 2954 quam
651 2877 715 2954 ipsa
738 2884 797 2950 est,
815 2874 944 2934 aluminis
963 2875 1098 2953 scissilis,
1115 2884 1145 2935 et

151 2959 266 3041 paulum
280 2958 375 3018 mellis
391 2958 534 3035 adjectum
555 2960 601 3018 sit.
633 2958 808 3018 Lenticulam
826 2957 929 3018 tollunt
949 2958 1101 3036 galbanum
1116 2969 1145 3019 et

151 3045 270 3120 nitrum,
295 3062 379 3122 quum
399 3061 485 3121 pares
500 3043 650 3119 portiones
664 3041 786 3117 habent,
808 3043 989 3121 contritaque
1006 3061 1044 3102 ex
1058 3053 1143 3102 aceto
1153 3059 1179 3100 ao

152 3136 234 3201 sunt,
262 3127 357 3187 donec
379 3126 414 3185 ad
436 3126 530 3185 mellis
551 3126 768 3186 crassitudinem
788 3127 928 3185 venerint.
963 3125 1015 3185 llis
1036 3143 1144 3204 corpus

152 3210 334 3285 illinendum,
358 3219 401 3286 et,
423 3210 600 3288 interpositis
622 3209 751 3288 pluribus
775 3210 870 3286 horis,
893 3229 975 3270 mane
992 3211 1146 3271 eluendum

153 3303 212 3371 est,
242 3293 369 3371 oleoque
401 3293 505 3352 leniter
533 3294 704 3371 ungendum.
739 3292 912 3371 Ephelidem
933 3294 1009 3354 tollit
1030 3297 1144 3371 resina,

153 3380 198 3436 cui
220 3379 302 3437 tertia
325 3395 393 3454 pars
410 3378 479 3437 salis
499 3377 610 3437 fossilis
626 3386 654 3436 et
677 3377 791 3455 paulum
813 3378 907 3438 mellis
928 3378 1071 3455 adiectum
1097 3381 1143 3438 sit.

152 3457 197 3519 Ad
219 3461 312 3519 omnia
337 3477 409 3519 vero
432 3462 503 3538 ista,
525 3470 611 3540 atque
634 3461 776 3521 etiamad
799 3462 972 3523 colorandas
991 3465 1144 3523 cicatrices
1152 3487 1180 3527 as
