2414 3924
117 217 172 266 111
523 209 732 258 PRAEMTIO.

117 369 248 448 plerique
274 369 349 428 inter
373 364 566 443 calligraphos
585 364 724 432 tortasse,
751 363 869 424 minime
889 382 958 424 vero
979 365 1055 423 inter
1077 381 1144 424 eru-

117 453 192 514 ditos
213 450 362 512 numerari
383 453 515 528 possunt.
558 448 595 508 ttt
617 447 694 508 enim
717 445 829 508 nullum
851 465 886 507 ex
907 448 941 506 iis
965 444 1145 507 emolumen-

117 542 178 597 tum
194 534 230 594 ad
247 534 385 594 orationis
400 537 567 593 contextum
582 529 815 591 constituendum
830 537 931 608 petere
948 530 1032 596 licet,
1054 547 1145 607 quum

117 617 185 679 solis
199 616 350 678 literarum
364 614 499 676 ductibus
515 621 542 674 et
557 615 728 692 paginarum
742 613 980 690 proportionibus
998 612 1146 688 eleganter

117 699 324 778 componendis
340 715 460 776 operam
475 697 616 758 dederint.
651 696 825 774 Ceteroquin
840 697 953 756 mendis
968 700 1080 756 scatent
1097 695 1145 753 iis·

117 803 173 862 que
192 783 279 858 longe
300 781 511 859 praeferendae
532 786 600 840 sunt
618 780 758 839 editiones
778 780 912 857 antiquae
935 779 1078 860 (inprimis
1098 777 1144 837 ed.

116 867 253 944 princeps
268 865 291 924 F
292 863 436 924 lorentina
453 866 522 924 anni
540 863 618 924 1478
636 869 664 922 et
677 863 778 922 Aldina
796 880 820 922 a.
842 861 941 941 1528),
961 863 1146 941 quantumvis

116 950 223 1028 impuri
244 947 353 1008 fuerint
372 947 466 1007 iontes
481 965 497 1006 e
512 946 618 1024 quibus
638 945 841 1022 profluxerunt
858 946 921 1007 lere
938 963 1054 1006 omnes:
1077 961 1146 1003 nam

116 1033 190 1094 duos
204 1032 319 1092 codices
336 1031 434 1107 magni
448 1030 609 1098 faciendos,
624 1029 792 1088 Vaticanum
807 1030 872 1089 dico
889 1036 917 1090 et
933 1029 1144 1095 Florentinum,

116 1133 202 1177 nemo
218 1116 248 1175 in
262 1132 348 1175 usum
363 1131 449 1173 suum
464 1113 604 1173 convertit
620 1111 713 1172 editor
728 1113 871 1189 antiquus.
903 1113 1059 1173 Praeterea
1074 1111 1145 1170 mihi

116 1205 231 1277 praesto
254 1197 323 1264 luit,
350 1196 463 1257 favente
485 1197 601 1273 egregia
619 1195 777 1256 doctissimi
792 1197 948 1266 Gersdorl,
969 1198 1017 1274 qui
1037 1192 1146 1254 Biblio-

118 1282 217 1342 thecae
233 1280 369 1340 Paulinae
387 1279 465 1356 apud
479 1279 644 1356 Lipsienses
662 1284 792 1356 praeest,
814 1278 1021 1347 benivolentia,
1042 1279 1145 1354 ingens

117 1364 211 1424 omnis
227 1364 343 1440 generis
364 1361 569 1422 schedularum
588 1363 703 1439 farrago
725 1361 964 1440 diversarumque
986 1361 1146 1422 editionum

117 1445 191 1507 Celsi
213 1445 388 1522 exemplaria
410 1445 643 1505 adnotationibus
662 1444 761 1522 plena,
788 1464 861 1523 quae
882 1447 978 1505 omnia
1000 1443 1145 1504 debentur

118 1530 239 1591 eximiae
261 1530 376 1589 doctiss.
395 1528 503 1589 Kirhnii
524 1528 702 1604 diligentiae,
726 1530 775 1605 qui
791 1546 894 1588 novam
910 1530 1065 1589 editionem
1080 1526 1145 1587 Cel-

117 1613 189 1673 siani
205 1614 302 1691 operis
316 1611 499 1672 moliebatur.
533 1612 642 1672 Verum
656 1612 733 1671 enim
755 1629 825 1671 vero
847 1628 952 1688 parum
972 1611 1055 1672 abest
1075 1612 1146 1688 quin

117 1696 197 1756 hisce
219 1695 401 1757 collectaneis
422 1694 619 1755 examinandis
640 1694 737 1754 oleum
761 1701 790 1754 et
811 1712 931 1771 operam
956 1695 1143 1771 perdiderim.

200 1779 280 1840 Libri
290 1779 484 1856 Hippocratei,
496 1777 602 1856 quibus
611 1776 701 1839 multa
712 1777 813 1838 debuit
823 1777 932 1848 Celsae,
949 1778 1018 1837 mihi
1032 1778 1146 1853 saepius

118 1879 203 1940 opem
223 1860 353 1923 tulerunt
367 1862 403 1922 ad
421 1861 617 1923 emendandos
638 1861 719 1921 locos
738 1880 754 1920 a
775 1861 901 1921 librariis
923 1860 998 1921 male
1019 1859 1144 1919 habitos.

118 1943 201 2014 Quod
229 1953 262 2006 ut
288 1962 442 2022 agnoscas,
471 1946 595 2022 inspice,
624 1944 724 2011 sodes,
752 1947 973 2005 Adnototionem
1000 1947 1144 2003 criticam.

117 2027 237 2090 Plurimi
264 2029 390 2089 editores
410 2027 493 2088 Celso
520 2027 700 2107 subjungunt
725 2027 850 2088 indicem
880 2027 1012 2087 locorum
1035 2027 1144 2104 Hippo-

118 2118 284 2173 crateorum
310 2129 327 2169 a
353 2118 453 2171 nostro
475 2112 690 2189 adlegatorum;
723 2128 779 2170 nec
798 2109 880 2170 aliter
903 2111 973 2169 mihi
999 2110 1144 2186 agendum

117 2211 181 2254 esse
202 2195 279 2255 duxi.
315 2193 558 2272 Unumquemque
578 2193 674 2254 locum
696 2195 793 2254 denuo
812 2212 879 2254 cum
900 2193 1076 2271 Hippocrate
1099 2211 1144 2252 se-

118 2275 185 2336 dulo
213 2278 377 2353 comparavi
404 2277 496 2354 qualis
522 2294 538 2336 a
564 2277 670 2345 Littre,
700 2279 762 2336 viro
784 2294 913 2345 summo,
943 2277 1037 2336 editus
1059 2276 1142 2354 est*).

117 2356 197 2426 Quos
220 2358 300 2418 locos
318 2358 378 2436 jam
400 2361 585 2437 suppeditant
605 2359 745 2441 editiones
765 2361 893 2437 priores,
923 2359 958 2416 iis
980 2358 1145 2435 complures

116 2458 196 2502 nunc
211 2441 328 2501 demum
349 2442 445 2502 addidi
467 2441 513 2520 (ci.
530 2444 664 2502 Iudicem
682 2447 810 2504 locorum
825 2444 1015 2518 Hippocratis
1028 2451 1057 2501 et
1071 2443 1146 2502 Celsi

117 2528 193 2584 inter
213 2541 245 2584 se
265 2524 521 2604 comparatorum).

201 2607 267 2667 Non
289 2607 361 2682 fugit
381 2626 429 2668 me
452 2609 617 2670 universum
638 2611 667 2669 in
683 2608 798 2670 Celsum
814 2608 991 2669 exantlatum
1012 2606 1144 2667 lahorem

118 2708 152 2751 eo
168 2691 369 2750 tantummodo
387 2710 435 2752 me
452 2693 681 2768 perduxissent,
701 2693 776 2752 duce
792 2692 901 2769 Targa,
920 2693 1008 2751 immo
1023 2691 1144 2751 meliore

114 2773 181 2851 jure
207 2791 294 2852 quam
316 2773 378 2842 ille,
408 2774 491 2834 lateri
518 2791 620 2851 cogar:
653 2776 742 2846 „Quo
763 2777 856 2852 magis
877 2775 1024 2836 Celsianae
1045 2792 1143 2835 emen-

117 2992 260 3056 splendore
291 2994 387 3045 eodem
415 2996 574 3045 auctoritas.
614 2996 673 3044 Nec
694 2994 846 3044 mirandum
872 2995 958 3060 igitur
980 2995 1051 3059 quod
1074 2994 1143 3042 adeo

116 3061 200 3122 pauci
217 3061 389 3125 reperiuntur
406 3061 516 3112 codices
534 3061 641 3125 antiqui
658 3060 733 3111 Celsi
750 3075 817 3126 opna
835 3063 1015 3112 continentes.

183 3123 209 3190 *)
228 3125 344 3178 Secutus
361 3143 420 3178 snm
431 3128 562 3178 librorum
573 3128 822 3192 Hippocrateornm
838 3128 868 3178 in
885 3127 1071 3193 paragraphos
1090 3125 1143 3173 dis-

116 3192 295 3244 tributionem
319 3210 335 3244 n
358 3195 516 3246 doctissimo
538 3193 628 3244 Littrd
649 3195 825 3259 propositam.
862 3193 922 3254 Qun
939 3190 1010 3240 solet
1029 3190 1142 3241 benivo-

115 3258 204 3309 lentia
221 3276 326 3311 mecum
345 3261 557 3312 communicavit
573 3262 616 3310 vir
633 3262 706 3310 omni
723 3260 847 3311 doctrina
863 3258 1052 3308 ornatissimus
1064 3258 1142 3306 sche-

116 3325 167 3375 das
185 3341 297 3389 quorum
315 3328 350 3379 ad
368 3327 507 3393 exemplar
525 3327 620 3376 edetur
635 3327 675 3376 IX
687 3325 806 3391 Operum
817 3324 995 3389 Hippocratis
1005 3322 1140 3385 volumen,

116 3391 187 3454 qnod
205 3394 302 3455 paucis
319 3395 457 3446 mensibus
475 3396 504 3444 in
521 3393 610 3444 lucem
623 3392 755 3458 prodibitp
781 3391 853 3440 unde
870 3390 937 3440 mihi
948 3388 1028 3440 licuit
1039 3389 1100 3439 Lib.
1114 3391 1142 3439 II

113 3457 335 3511 Prorrteticonem
353 3462 431 3525 qnasi
450 3476 483 3510 ox
499 3462 561 3525 ipsa
578 3459 632 3510 hac
650 3459 770 3510 editione
789 3459 885 3508 citare.
