2414 3924
412 237 480 310 urs.
496 237 547 283 111.
571 235 647 294 cae.
663 236 764 284 xxnr.
1025 224 1085 286 tta

89 402 135 453 est
159 393 243 452 etiam
263 391 313 452 vel
335 390 509 469 plantaginis
529 406 634 451 succus
656 407 781 468 perse,
803 391 852 452 vel
873 390 1008 452 marrubii
1024 408 1086 449 cum

88 476 184 536 melle¹
199 477 345 543 incoctus;
378 475 416 534 ita
438 484 466 535 ut
487 473 562 534 illius
587 474 707 549 cyathus
731 475 900 552 sorbeatur,
931 475 1017 551 hujus
1038 491 1101 534 co‘·.

89 560 208 621 chleare
229 559 346 637 plenum
369 558 504 637 paulatim
524 557 701 635 delingatur;
725 560 774 619 vel
795 560 870 619 inter
884 578 916 619 se
933 559 1036 632 mixta,
1058 565 1087 616 et

89 646 203 704 incocta
224 643 343 702 resinae
360 642 569 701 terebinthinae
593 659 660 720 pars
681 642 811 718 dimidia,
834 642 928 718 butyri
949 651 977 701 et
993 641 1087 700 mellis

65 745 156 805 spons
172 727 274 786 altera.
311 724 402 786 Alvus
421 726 476 785 cita
493 726 590 802 utique
606 725 720 786 vitanda
735 736 780 787 est
800 726 854 806 (cf.
871 724 950 805 Apt.
966 724 1003 800 V,
1021 726 1086 804 14)

89 811 244 870 Vomitus
235 828 263 869 m
280 809 336 869 hoc
346 815 447 870 morbo
460 810 615 899 frequens
633 811 816 885 perniciosus
828 819 873 870 est
880 811 1087 887 ,mammeque

89 895 236 994 sanguinis
254 894 308 971 (cf.
325 893 374 970 lll,
393 894 444 968 27,
463 894 508 971 4).
542 891 597 965 Qut
606 853 798 953 meliusculus
815 912 882 953 esse
899 893 1012 970 coepit,
1038 891 1086 952 ad·

85 980 181 1055 jicere
204 977 291 1037 debet
314 978 556 1052 exercitationes,
581 976 746 1053 frictiones,
771 978 868 1037 cibos:
898 977 1030 1041 deinde
1023 994 1087 1053 rpse
1123 1051 1128 1056 Ι

90 1080 123 1120 se
135 1078 319 1139 suppresso
335 1061 436 1139 sprrrtu
452 1060 506 1138 (cf
526 1057 641 1120 Oribas.
657 1069 677 1119 t.
697 1059 727 1135 1,
747 1078 774 1138 p.
795 1062 889 1140 656),
911 1060 1086 1138 perfricare;

54 1162 80 1204 so
92 1145 148 1204 diu
157 1145 334 1204 abstineres
352 1145 435 1221 vinti,
451 1143 574 1219 balneo,
589 1161 709 1203 venere.

402 1379 587 1442 CAPUT
619 1381 784 1441 XXIII.

439 1495 475 1544 De
495 1495 619 1546 Comitiali
635 1497 731 1549 morbo.

153 1646 232 1707 lnter
248 1646 414 1706 notissimos
429 1647 547 1708 morbos
566 1659 610 1708 est
629 1650 713 1710 etiam
728 1651 770 1725 is,
790 1651 837 1731 qni
855 1649 1021 1724 comitialis,
1040 1646 1087 1707 vel

91 1733 185 1808 major
211 1731 380 1790 nominatur.
416 1730 508 1791 Homo
534 1732 629 1793 subito
656 1734 796 1802 concidit;
830 1751 867 1792 ex
893 1749 945 1792 ore
969 1749 1087 1810 spumae

56 1823 256 1881 inmorentur
285 1814 389 1874 deinde
409 1816 582 1893 interposito
604 1827 737 1896 tempore
755 1817 790 1877 ad
812 1835 845 1876 se
867 1816 958 1891 redit,
985 1824 1014 1874 et
1036 1832 1089 1892 per

91 1900 211 1977 seipse
235 1899 392 1976 consurgit.
429 1899 461 1958 ld
486 1919 580 1977 genos
600 1903 721 1982 saepius
741 1902 836 1977 viros,
864 1918 946 1978 quam
967 1899 1088 1958 feminas

91 1990 226 2080 occupat.
272 1981 316 2041 Ac
332 1982 410 2042 solet
436 1985 551 2062 quidem
577 1985 661 2044 etiam
683 1985 800 2061 longum
823 2001 908 2059 esse,
935 1998 1027 2060 usque
1052 1981 1087 2041 ad

90 2068 190 2126 mortis
217 2065 307 2141 diem,
340 2076 369 2125 et
389 2068 466 2126 vitae
492 2085 548 2126 non
571 2068 784 2167 periculpsum3
819 2029 959 2127 interdum
983 2076 1088 2142 tamen,

92 2168 177 2228 quum
198 2157 379 2225 recensent,
406 2143 548 2210 hominem
568 2153 723 2211 consumit:
747 2162 979 2230 etsaepeeum,
1001 2151 1088 2210 sire·

33 2234 185 2294 'comedia
201 2250 259 2292 non
281 2233 473 2310 sustulerunt,
501 2237 528 2293 in
551 2238 650 2314 pueris
672 2237 806 2311 veneris,
833 2236 861 2293 in
882 2234 990 2313 puellis
1011 2252 1087 2292 men·

91 2327 234 2378 struorum
256 2318 364 2376 initium
384 2318 460 2378 tollit
485 2318 539 2396 (of.
556 2317 635 2398 Aph.
652 2319 694 2394 V,
713 2323 760 2400 7).
797 2318 884 2379 hlodo
901 2336 965 2378 cum
982 2318 1087 2378 disten·

91 2404 169 2460 tione
192 2419 345 2461 nervorum
367 2401 527 2479 prolabitur
542 2405 661 2481 aliquis,
686 2404 772 2464 modo
791 2404 853 2462 sine
870 2403 930 2462 illa.
969 2401 1089 2475 Quidam

92 2485 146 2544 hos
167 2502 285 2565 quoqne
307 2485 424 2561 iisdem,
449 2486 553 2564 qulbus
571 2488 765 2564 lethargicos,
791 2489 919 2547 excitare
936 2494 1088 2546 conantur:

93 2568 169 2647 quod
199 2569 350 2628 admodum
377 2587 589 2648 supervacuum
613 2581 672 2638 est;
705 2582 737 2631 et
762 2573 828 2650 quia
853 2590 890 2630 nc
912 2570 1089 2646 lethargicus

56 2672 81 2711 so
93 2652 207 2729 quidem
223 2651 268 2711 his
287 2662 415 2720 sanatur;
443 2663 472 2712 et
490 2656 571 2730 quia,
597 2673 681 2732 quum
698 2657 792 2733 possit
809 2655 859 2714 ille
874 2672 1024 2731 numquam
1040 2671 1088 2711 ex-

95 2737 238 2813 pergisci,
260 2745 347 2815 atque
370 2738 407 2796 ita
431 2737 506 2796 fame
526 2739 664 2812 interire,
689 2738 737 2798 hic
760 2739 795 2798 ad
816 2757 849 2799 se
870 2740 968 2817 utique
989 2755 1088 2796 rever·

92 2820 170 2878 titur.
205 2817 260 2878 Ubi
283 2820 410 2879 concidit
433 2821 554 2920 aliquis,
580 2824 604 2881 si
623 2823 700 2882 nulla
720 2840 874 2881 nervorum
890 2823 1025 2907 distentio
1041 2837 1088 2878 ac·

92 2902 199 2978 cessit,
224 2905 322 2981 utique
344 2907 463 3003 sanguis
486 2907 556 2964 mitti
578 2905 681 2965 debet:
705 2908 729 2964 si
751 2907 893 2979 accessit,
917 2896 1088 2982 nonutique

91 2986 245 3045 mittendus
258 2997 318 3063 est,
338 2989 392 3046 nisr
385 2989 460 3047 alia
473 3006 589 3066 quoque
601 2988 759 3048 hortantur.
779 2987 983 3049 Necessarium
996 2996 1089 3046 autem

57 3079 138 3129 coest
156 3070 264 3129 ducere
282 3072 392 3148 alvum,
414 3072 462 3131 vel
477 3073 560 3148 nigro
576 3081 694 3130 veratro
712 3090 856 3150 purgare,
876 3071 923 3130 vel
939 3079 1089 3146 utromque

92 3153 211 3229 facere,
237 3155 261 3212 si
284 3155 361 3213 vires
384 3157 542 3232 patiuntur:
566 3165 633 3213 tunc
650 3164 736 3232 capot
754 3155 893 3227 tondere,
917 3153 1044 3229 oleoque
1061 3159 1089 3209 et

92 3246 177 3296 aceto
200 3255 383 3315 perungere:
416 3237 508 3298 cibum
531 3247 598 3317 post
619 3239 694 3297 diem
716 3241 847 3314 tertium,
875 3236 958 3294 simul
978 3234 1078 3294 trans'⁴

92 3321 164 3380 hora
179 3339 234 3398 qua
250 3323 391 3397 concidit
411 3323 489 3381 dare.
521 3321 624 3399 Neque
644 3322 819 3381 sorbitiones
836 3329 931 3381 autem
950 3320 1011 3394 his,
1028 3316 1056 3378 al

92 3423 148 3483 que
171 3404 277 3464 molles
305 3415 334 3465 et
354 3405 457 3465 faciles
481 3406 554 3481 oibi,
583 3424 677 3484 neque
699 3423 784 3480 caro,
810 3405 982 3480 minimeque
1005 3400 1056 3461 soil

56 3489 243 3558 asennaeum,
271 3490 324 3549 sed
345 3489 458 3548 mediae
482 3491 633 3549 materiae:
656 3508 720 3550 nam
747 3499 776 3549 et
794 3489 902 3548 viribus
929 3504 1003 3565 opus
1027 3502 1060 3546 cs

136 3591 232 3631 census
250 3593 269 3633 ι.
706 3622 708 3627 ,
866 3574 884 3635 8
