2414 3924
457 203 608 271 -223
657 240 694 251 -

72 341 146 410 107)
168 345 207 397 62
225 342 340 411 (agente
360 358 407 412 cp,
430 344 466 409 cs.
484 342 546 398 dra·

73 413 220 485 gentum).
249 417 284 467 82
306 414 456 484 (achanta).

57 482 221 555 wulpem
240 481 363 553 accipies
377 484 546 555 negatum

72 554 545 623 Miams'commtorumfomc·

73 626 121 696 lio)
147 631 162 681 7
197 628 286 681 ccc.
305 656 339 665 —
359 627 545 697 (miramon-

73 693 285 836 naua
298 697 545 824 runaut}

72 839 230 909 ερεείεενρε
247 852 327 908 εεερε
344 843 395 895 cut
413 840 543 896 eutinm·

73 910 545 982 lipitwautomittitwraletrcriie

71 982 151 1037 celat
167 985 214 1036 15.
233 985 279 1035 16.
297 985 333 1035 44
350 985 418 1051 cte).

55 1053 195 1109 acetum
223 1054 353 1106 acoetum
384 1053 495 1122 saepius
525 1069 544 1123 ρ

71 1126 118 1194 (11
131 1122 185 1178 ln'a
201 1128 244 1177 34.
259 1127 293 1177 42
308 1124 370 1192 oa),
384 1128 416 1178 ut
429 1123 544 1179 foenum

71 1210 209 1266 grecum,
237 1193 285 1248 dia
310 1195 459 1264 coephales
486 1196 543 1264 (35)

54 1421 130 1465 aera
150 1407 250 1475 (capu)
269 1408 324 1462 oris
344 1407 437 1477 spatia
455 1414 497 1463 36.

54 1477 172 1536 acredo
197 1477 321 1533 humoris
344 1482 479 1548 εαερε(6.
501 1484 542 1534 16.

71 1551 511 1619 mammeam

54 1622 167 1678 acuas
203 1622 273 1689 (ερρ.
307 1619 478 1690 diuturnus):
513 1621 543 1675 in

70 1689 256 1762 aegritudine
271 1694 355 1746 acuta
367 1691 385 1745 i.
402 1691 487 1746 celeri
500 1697 543 1746 30.

71 1764 162 1819 acuta
186 1761 334 1830 (distantia
356 1761 543 1832 ictericorum)

55 1906 108 1962 adt
135 1905 175 1960 ad
204 1903 389 1974 digestionem
418 1904 542 1959 ciborum

71 1976 242 2032 laborantes
260 1981 303 2029 41.
319 2007 352 2015 -
367 1974 543 2102 periculosae

71 2049 110 2103 ad
141 2045 323 2102 incidendum
355 2048 544 2114 (nsulvdovoc

71 2112 308 2187 ἅπετεὶμεεσθαι)
338 2124 380 2174 35,
424 2117 544 2172 mulsam

71 2191 110 2246 ad
141 2187 376 2258 gargarizandum
404 2188 485 2243 dabis
509 2194 542 2243 37

72 2261 119 2330 (cf.
142 2266 178 2314 35
200 2261 257 2326 cto.)
275 2275 325 2316 rec.
346 2263 390 2329 (ρ)
409 2275 462 2330 pro
481 2276 543 2329 gar-

70 2330 259 2403 garizandum
278 2362 310 2370 -
331 2331 409 2398 (dum
426 2332 478 2401 po).

55 2403 92 2458 ad
116 2400 293 2472 perfectum
321 2404 436 2458 sanetur
464 2402 493 2469 (i.
522 2419 542 2457 ε.

71 2475 109 2529 ad
140 2471 299 2543 perfectam
322 2473 497 2529 sanationem
522 2490 543 2541 p

71 2546 114 2600 ccl
135 2542 289 2600 aninam
307 2548 339 2599 ut
356 2560 377 2599 c.
397 2546 444 2612 15)
464 2550 505 2599 68.

58 2616 92 2671 ad
126 2627 276 2685 praesens
308 2618 469 2685 (appresens
497 2618 541 2683 p):

73 2688 153 2757 quod
188 2685 213 2739 si
249 2686 284 2740 ad
320 2700 451 2755 praesens
486 2702 542 2740 nou

73 2758 162 2814 fuerit
176 2773 324 2812 rosaceum
343 2764 365 2811 1.
395 2758 429 2824 cf.
451 2762 492 2812 17.
507 2763 541 2811 42

72 2831 148 2900 (eis).
186 2833 228 2884 46.
259 2833 300 2884 78.
342 2827 481 2882 vomitum
505 2829 542 2883 ad

73 2917 213 2971 praesens
227 2900 391 2968 provocabis
406 2906 441 2954 54
450 2924 484 2945 =
495 2916 542 2954 vo·

73 2972 180 3026 mitum
199 2969 229 3024 in
242 2970 391 3039 praesenti
409 2986 544 3040 provoca-

617 344 722 412 arae),
730 343 866 399 adsevero
875 347 942 416 (36),
950 361 1081 420 aspergo,

618 413 776 468 astantibus
807 416 863 484 (42)
890 421 938 472 cto.
971 449 1005 460 -
1038 420 1080 475 at-

616 486 742 540 testante
760 501 774 541 o
792 490 826 540 46
842 485 903 554 (udi
920 486 1081 546 adtestante

616 571 668 611 rec.
681 572 714 625 p,
733 557 805 612 sicut
822 556 982 613 adtrectare
999 576 1019 630 p
1036 565 1081 630 62,

616 626 774 698 adponesp
791 632 833 696 76,
852 627 982 698 adposita
994 646 1018 700 p
1036 636 1081 698 64,

615 696 755 768 adpetitio
773 714 797 767 p
821 703 869 770 76,
892 699 1030 756 admisces
1045 708 1081 772 ρο

616 773 665 839 tl,
684 770 850 825 adscensum
869 785 903 840 cp
923 775 956 825 77
977 774 1044 841 otc).

598 839 707 896 mereo
730 835 852 911 (iiddom)
875 842 917 896 ool
939 836 1080 913 oidcipncov

616 911 694 981 Get,
720 911 815 969 Dicae.
843 906 994 982 oiddpaue)
1019 930 1078 984 pen.

615 983 732 1120 ad)arces
754 1000 772 1054 p
796 989 811 1038 1
831 987 877 1039 etc.
914 983 1080 1052 (adaricisc

597 1124 1079 1183 adduloareracredinemhumoris

615 1196 749 1251 addulcat
763 1197 809 1251 rel
826 1197 958 1252 obtundit
976 1204 1001 1253 6.
1029 1214 1079 1269 po-

614 1267 713 1322 lenta.
730 1309 736 1321 .
753 1309 759 1321 .
775 1285 838 1322 cum
873 1269 940 1324 vino
972 1268 1080 1340 nigello

615 1338 768 1394 addulcata
779 1338 950 1409 (obdulcata)
954 1357 977 1410 p
989 1347 1033 1398 46.
1046 1371 1080 1382 -·

615 1411 650 1476 cf.
670 1409 829 1466 obdulcare.

597 1478 689 1562 adeps
719 1481 781 1547 fem.
809 1495 866 1536 mco
898 1481 956 1538 loco
987 1498 1009 1538 ε.
1042 1487 1080 1538 10

615 1550 728 1620 adipem
746 1550 896 1607 vitulinam
912 1568 957 1622 pp,
977 1571 1080 1608 —uum

615 1623 744 1690 c(mcso.
762 1638 781 1692 ρ
799 1628 847 1692 27,
871 1628 919 1691 28,
942 1629 976 1680 42
995 1629 1028 1678 ut
1046 1641 1079 1694 cp

614 1697 1079 1763 mwammumw

615 1766 680 1832 otc.)

598 1833 839 1890 adiuvamontum
858 1829 1015 1903 (βοήθημα)
1035 1840 1078 1890 32.

598 1903 783 1960 adiutorium
806 1905 896 1973 (mod.)
919 1910 962 1958 48.
982 1909 1025 1959 tt.
1044 1911 1078 1960 66

615 1981 662 2030 cto.

597 2045 760 2103 adobrutio
788 2047 901 2113 (arenae
927 2070 960 2091 =
988 2039 1079 2115 ἄμμο-

615 2118 713 2186 χωσία)
733 2123 774 2171 76.

597 2188 717 2244 unusne
742 2185 897 2257 (ἔγκαυσις,
926 2203 987 2257 ερρ.
1017 2205 1079 2259 per·

615 2258 719 2326 frictio)
738 2265 761 2312 1.
781 2265 824 2313 34.
844 2264 886 2314 62.
907 2265 949 2315 64.
978 2275 1012 2314 ex
1031 2260 1079 2314 ad-

615 2331 726 2385 ustione
741 2330 808 2386 solis
822 2336 847 2385 9.
878 2331 912 2397 cf.
928 2346 948 2385 c.
967 2336 1000 2385 10
1020 2347 1079 2385 cor·

615 2417 684 2470 pora
707 2401 823 2471 glaciali
846 2400 950 2471 frigore
969 2401 1077 2458 adusta.

597 2485 664 2528 aes:
674 2471 704 2526 iu
714 2472 772 2527 olla
781 2471 945 2527 aerearubri
956 2472 1028 2526 aeris
1035 2478 1077 2528 67.

597 2543 764 2610 agitantes:
788 2542 945 2598 addentes
969 2543 1079 2631 agitan-

614 2616 657 2668 tes
681 2626 725 2682 (ε
745 2613 878 2682 mobiles,
905 2615 1079 2684 σειομενους)

614 2690 648 2811 3b2
660 2686 800 2756 (saepius).
823 2685 941 2756 agitatio
952 2684 1079 2740 dentium

613 2774 649 2812 e.

596 2828 685 2883 albor
704 2828 750 2883 ovi
768 2834 802 2882 42
823 2828 867 2897 (cf.
887 2824 980 2895 Cael.)

598 2898 758 2966 albugines
771 2914 886 2953 ovorum
899 2903 932 2952 31
948 2897 991 2965 (at
1000 2911 1080 2965 caepe

616 2969 662 3024 ovi
681 2969 777 3023 album
797 2971 825 3024 et
842 2971 925 3023 tenue
944 2969 985 3023 vel
999 2967 1079 3021 albu·

72 3044 117 3098 bis
133 3047 177 3097 65.
209 3041 243 3107 of.
264 3047 310 3097 67:
330 3041 360 3095 in
374 3041 472 3111 primis
490 3043 544 3096 hoc
615 3056 688 3104 men,
702 3045 728 3094 et
737 3056 758 3094 o.
769 3044 807 3096 42
814 3040 910 3093 albore
921 3038 967 3092 ovi
980 3036 1078 3104 tenui).

73 3117 120 3169 est-
145 3112 178 3168 in
204 3112 346 3182 praesenti
383 3112 543 3169 ..circum-
616 3111 651 3178 cf.
670 3109 795 3179 Rdasolc,
814 3110 894 3164 Itala
912 3113 957 3163 67.

71 3184 194 3240 incides.
598 3181 694 3236 alicae
709 3195 775 3234 suco
784 3179 912 3248 ptisanae
927 3181 977 3232 aut
989 3178 1078 3231 alicae

56 3256 106 3311 ad·
130 3258 193 3323 (aec.
212 3256 251 3322 p):
277 3269 407 3323 agnosco,
433 3269 543 3324 appono
616 3258 659 3305 21.
687 3251 723 3317 cf.
745 3248 815 3304 (lael.
835 3250 889 3304 cler.
910 3253 993 3314 5,1o
1011 3250 1064 3327 etc..

72 3332 108 3396 (ct
129 3326 246 3396 adpono
269 3326 328 3393 22),
351 3325 488 3379 admoneo
509 3327 545 3393 (et
598 3320 750 3390 aliquanti
764 3322 808 3389 (=
823 3320 953 3388 aliquot)
973 3318 1010 3372 ab
1028 3315 1079 3371 alr·

71 3412 229 3454 ammoneo
246 3401 287 3449 34.
309 3400 349 3449 37.
379 3395 544 3451 ammonitio
617 3393 729 3462 quantis
742 3391 830 3447 latine
844 3407 950 3460 aurugo
960 3389 1080 3445 vocatur

69 3471 164 3541 ρ32),
186 3466 328 3522 admisceo
346 3468 381 3534 (et
395 3466 545 3522 ammixtus
617 3471 660 3521 49.
685 3461 823 3533 aliquanti
835 3461 995 3518 inferiorem
1012 3474 1065 3515 ven
