2414 3924
121 224 184 285 atu
411 236 444 283 s.
462 235 492 282 c.
509 233 607 282 cunct
622 233 817 281 uunrcmsu

121 389 206 465 bitur,
226 407 284 468 quo
307 390 421 450 facilius
444 389 592 450 claudatur
606 407 658 464 ea,
680 388 729 446 vel
746 397 827 447 certe
842 394 1072 464 coangustetur,
1089 389 1119 447 in

120 490 204 534 auum
220 489 336 552 quoque
354 472 445 533 danda
461 472 596 552 plumbea
616 471 710 531 fistula
725 479 787 548 est,
818 472 1002 548 extentisque
1025 473 1118 531 cruri·

120 556 174 616 bus
190 555 295 616 lemine
311 557 419 634 talique
435 558 508 615 inter
524 574 556 615 se
575 554 721 631 deligandi
737 563 812 629 suut,
830 554 940 629 donec,
963 553 1060 631 qualis
1075 554 1119 613 in·

119 648 181 697 tura
198 646 257 715 cst,
281 642 401 699 cicatrix
416 643 462 698 sit.

399 873 583 934 CAPUT
615 873 820 933 XXVIII.

128 989 165 1038 De
184 990 333 1038 naturalium
350 988 501 1037 lemiuarum
520 989 677 1038 concubitum
694 1002 743 1036 non
757 987 941 1037 admittentium
956 987 1097 1036 curandae.

182 1140 219 1199 Et
236 1138 293 1198 hoc
309 1138 423 1217 quidem
441 1156 589 1198 commune
602 1157 669 1199 csse
687 1137 811 1199 maribus
826 1146 856 1197 et
872 1137 987 1196 feminis
1004 1144 1116 1213 potest.

119 1222 240 1298 Proprie
269 1240 340 1281 vero
359 1222 498 1300 quaedam
514 1223 549 1282 ad
567 1222 688 1282 laminas
705 1223 863 1301 pertinent:
897 1229 926 1279 ut
950 1222 979 1279 iu
1001 1220 1115 1297 primis,

120 1304 196 1382 quod
214 1323 310 1364 aarum
332 1304 470 1365 naturalia
490 1322 716 1385 nonnumquam,
738 1307 812 1364 iuter
828 1323 860 1364 se
876 1303 1024 1381 glutinatis
1044 1303 1115 1380 oris,

120 1387 302 1447 concubitum
324 1407 380 1449 nou
404 1389 551 1448 admittunt
575 1389 622 1467 (P.
644 1389 720 1465 Aeg.
741 1387 792 1463 Vl,
814 1387 882 1466 72).
913 1386 1004 1464 ldque
1025 1387 1115 1447 inter·

119 1471 183 1530 dum
200 1473 296 1531 evenit
313 1475 442 1550 protinus
459 1475 487 1533 in
505 1482 586 1532 utero
603 1474 717 1533 matris:
732 1470 872 1530 interdurn
894 1469 1115 1530 exulceratione

120 1555 148 1613 iu
164 1554 209 1613 bis
225 1555 355 1633 partibus
370 1556 455 1633 lacta,
478 1565 507 1615 et
528 1574 581 1634 per
601 1555 701 1615 malam
728 1557 903 1615 curationem
927 1554 971 1613 bis
987 1553 1049 1612 oris
1070 1571 1114 1614 sa·

119 1637 268 1700 uescendo
280 1640 398 1714 junctis.
433 1641 464 1699 Si
479 1658 517 1699 ex
533 1649 615 1700 utero
630 1649 690 1715 est,
707 1637 869 1699 membrana
885 1638 928 1697 ori
943 1636 1052 1696 vulvae
1062 1653 1114 1714 op-

119 1723 213 1800 posita
241 1732 299 1782 est:
323 1725 347 1782 si
369 1741 406 1782 ex
432 1724 550 1799 ulcere,
577 1740 646 1783 caro
673 1724 701 1783 id
727 1722 831 1801 replet.
868 1719 992 1799 Oportet
1016 1728 1113 1780 autem

117 1806 309 1866 mcmbranam
324 1806 432 1866 duabus
447 1807 530 1866 lineis
545 1809 619 1866 inter
634 1825 665 1866 se
686 1806 858 1866 transversis
872 1803 1001 1863 incidere
1022 1802 1061 1862 ad
1077 1803 1113 1862 si-

118 1889 304 1948 militudinem
328 1891 441 1950 litterae
469 1891 506 1967 X,
537 1908 638 1967 magna
654 1907 722 1950 curu
737 1889 849 1966 habita,
876 1906 913 1947 nc
937 1888 1037 1946 urinae
1054 1889 1112 1947 iter
1126 1881 1148 1919 ¹⁵

117 1972 257 2032 violetur:
280 1973 384 2033 deinde
407 1975 531 2052 undique
561 1991 624 2033 eam
645 1973 835 2038 membranam
852 1971 999 2031 excidere.
1028 1969 1070 2030 At
1087 1972 1112 2030 si

118 2073 186 2114 caro
216 2058 351 2134 increvit,
378 2060 574 2118 necessarium
590 2066 636 2117 cst
650 2066 730 2117 recta
748 2058 824 2116 linea
842 2055 1028 2133 patefacere:
1053 2062 1112 2113 tum

117 2137 153 2198 ab
172 2156 223 2199 ora
238 2141 286 2199 vel
304 2141 438 2216 vulsella,
455 2142 501 2200 vel
517 2140 601 2200 hamo
615 2141 809 2219 apprehensa,
825 2149 965 2218 tamquam
982 2136 1112 2195 habenu-

118 2222 173 2282 lam
192 2224 344 2293 excidere;
372 2234 400 2283 et
424 2227 498 2283 intus
511 2224 677 2301 implicitum
700 2225 727 2282 in
749 2222 955 2300 longitudinem
972 2221 1110 2294 linamen-

117 2315 192 2375 tum;
217 2305 400 2385 dqpvlouov
416 2307 519 2367 Graeci
539 2316 659 2376 vocant;
674 2308 703 2366 in
721 2316 805 2367 aceto
817 2307 932 2365 tinctum
948 2305 1111 2381 demittere,
1122 2309 1147 2348 '2⁰

117 2406 263 2465 supraque
286 2390 429 2449 succidam
451 2390 541 2450 lanam
564 2400 648 2450 aceto
669 2391 829 2450 madentem
850 2389 994 2465 deligare:
1023 2389 1112 2448 tertio

117 2470 163 2529 die
181 2472 307 2547 solvere,
342 2479 371 2529 et
394 2469 494 2542 ulcus,
515 2472 587 2529 sicut
602 2469 657 2528 alia
672 2469 783 2547 ulcera,
806 2488 917 2529 curare.
959 2469 1112 2548 Quumque

113 2554 172 2627 jam
194 2552 229 2611 ad
254 2557 402 2614 sanitatem
423 2557 539 2634 tendet,
566 2557 727 2635 plumbeam
750 2557 872 2616 listulam
897 2553 1111 2615 medicamento

117 2635 281 2695 cicatricem
306 2638 458 2699 inducente
481 2641 612 2716 illinere,
643 2659 762 2719 eamque
789 2642 863 2700 intus
889 2640 975 2699 dare:
1006 2655 1110 2714 supra·

116 2735 171 2797 qne
188 2718 262 2779 idem
278 2721 514 2783 medicamentum
530 2725 663 2801 injicere,
681 2726 773 2785 donec
789 2724 824 2783 ad
844 2723 1005 2783 cicatricem
1020 2719 1110 2797 plaga
1120 2724 1146 2763 ²⁵

115 2805 272 2881 perueniat.

1128 1461 1150 1499 to

421 3043 605 3103 CAPUT
641 3042 796 3100 XXIX.

248 3163 301 3222 Qua
317 3165 414 3213 ratione
433 3172 520 3228 partus
537 3168 664 3212 emortuus
680 3176 712 3210 ex
732 3168 803 3210 utero
823 3162 971 3210 excutiatur.

198 3311 255 3372 Ubi
278 3316 412 3390 concepit
430 3321 522 3372 autem
544 3313 648 3391 aliqua,
666 3315 689 3371 si
706 3314 766 3387 jaun
785 3329 877 3391 prope
897 3320 1022 3372 maturus
1039 3332 1104 3391 par-

115 3400 160 3453 tus
175 3397 249 3454 intus
268 3405 412 3454 emortuus
428 3404 482 3471 est,
498 3413 591 3473 neque
609 3395 745 3455 excidere
770 3412 822 3472 per
844 3413 876 3454 se
897 3405 1003 3473 potest,
1025 3397 1103 3456 adbi·
1115 3402 1141 3443 3⁰

115 3473 206 3536 benda
230 3478 337 3537 curatio
362 3487 422 3537 est:
447 3496 520 3556 qnae
544 3480 684 3537 numerari
709 3479 783 3537 inter
798 3478 981 3539 difficillimas
1006 3489 1105 3558 potest
