<?xml version="1.0" encoding="UTF-8"?>
<!DOCTYPE html PUBLIC "-//W3C//DTD XHTML 1.0 Transitional//EN"
    "http://www.w3.org/TR/xhtml1/DTD/xhtml1-transitional.dtd">
<html xmlns="http://www.w3.org/1999/xhtml" xml:lang="en" lang="en">
 <head>
  <title>
</title>
<meta http-equiv="Content-Type" content="text/html;charset=utf-8" />
  <meta name='ocr-system' content='tesseract 3.04.00' />
  <meta name='ocr-capabilities' content='ocr_page ocr_carea ocr_par ocr_line ocrx_word'/>
</head>
<body>
  <div class='ocr_page' id='page_1' title='image "./cassiifelicisde00rosegoog_0454.png"; bbox 0 0 2414 3924; ppageno 0'>
   <div class='ocr_carea' id='block_1_1' title="bbox 408 207 1091 269">
    <p class='ocr_par' dir='ltr' id='par_1_1' title="bbox 408 207 1091 269">
     <span class='ocr_line' id='line_1_1' title="bbox 408 207 1091 269; baseline 0.012 -9"><span class='ocrx_word' id='word_1_1' title='bbox 408 212 476 260; x_wconf 82' lang='lat' dir='ltr'><strong>ms.</strong></span> <span class='ocrx_word' id='word_1_2' title='bbox 494 215 540 262; x_wconf 81' lang='lat' dir='ltr'><strong>ru.</strong></span> <span class='ocrx_word' id='word_1_3' title='bbox 560 213 635 261; x_wconf 79' lang='lat' dir='ltr'><strong>cnr.</strong></span> <span class='ocrx_word' id='word_1_4' title='bbox 652 215 725 261; x_wconf 86' lang='lat' dir='ltr'><strong>vru.</strong></span> <span class='ocrx_word' id='word_1_5' title='bbox 741 216 789 263; x_wconf 83' lang='lat' dir='ltr'><strong>rx.</strong></span> <span class='ocrx_word' id='word_1_6' title='bbox 1034 207 1091 269; x_wconf 81' lang='lat'><strong>131</strong></span> 
     </span>
    </p>
   </div>
   <div class='ocr_carea' id='block_1_2' title="bbox 61 368 1140 2884">
    <p class='ocr_par' dir='ltr' id='par_1_2' title="bbox 61 368 1140 2884">
     <span class='ocr_line' id='line_1_2' title="bbox 97 368 1093 446; baseline -0.002 -13"><span class='ocrx_word' id='word_1_7' title='bbox 97 373 145 433; x_wconf 93' lang='lat' dir='ltr'><strong>diu</strong></span> <span class='ocrx_word' id='word_1_8' title='bbox 168 368 256 438; x_wconf 89' lang='lat' dir='ltr'><strong>trahi;</strong></span> <span class='ocrx_word' id='word_1_9' title='bbox 278 369 334 429; x_wconf 90' lang='lat' dir='ltr'><strong>duo</strong></span> <span class='ocrx_word' id='word_1_10' title='bbox 350 369 532 446; x_wconf 80' lang='lat' dir='ltr'><strong>insequentia</strong></span> <span class='ocrx_word' id='word_1_11' title='bbox 548 377 631 428; x_wconf 88' lang='lat' dir='ltr'><strong>acuta</strong></span> <span class='ocrx_word' id='word_1_12' title='bbox 648 387 714 429; x_wconf 90' lang='lat' dir='ltr'><strong>esse</strong></span> <span class='ocrx_word' id='word_1_13' title='bbox 730 380 913 430; x_wconf 87' lang='lat' dir='ltr'><strong>consuerunt.</strong></span> <span class='ocrx_word' id='word_1_14' title='bbox 950 370 1000 430; x_wconf 93' lang='lat' dir='ltr'><strong>llis</strong></span> <span class='ocrx_word' id='word_1_15' title='bbox 1017 389 1093 431; x_wconf 89' lang='lat' dir='ltr'><strong>com-</strong></span> 
     </span>
     <span class='ocr_line' id='line_1_3' title="bbox 96 453 1094 533; baseline 0.001 -18"><span class='ocrx_word' id='word_1_16' title='bbox 96 456 190 515; x_wconf 88' lang='lat' dir='ltr'><strong>munia</strong></span> <span class='ocrx_word' id='word_1_17' title='bbox 206 462 282 513; x_wconf 91' lang='lat' dir='ltr'><strong>sunt:</strong></span> <span class='ocrx_word' id='word_1_18' title='bbox 305 453 381 530; x_wconf 89' lang='lat' dir='ltr'><strong>quod</strong></span> <span class='ocrx_word' id='word_1_19' title='bbox 397 462 518 530; x_wconf 89' lang='lat' dir='ltr'><strong>propter</strong></span> <span class='ocrx_word' id='word_1_20' title='bbox 530 455 692 530; x_wconf 81' lang='lat' dir='ltr'><strong>angustias,</strong></span> <span class='ocrx_word' id='word_1_21' title='bbox 709 472 762 532; x_wconf 91' lang='lat' dir='ltr'><strong>per</strong></span> <span class='ocrx_word' id='word_1_22' title='bbox 776 472 847 532; x_wconf 87' lang='lat' dir='ltr'><strong>quas</strong></span> <span class='ocrx_word' id='word_1_23' title='bbox 859 456 975 533; x_wconf 89' lang='lat' dir='ltr'><strong>spiritus</strong></span> <span class='ocrx_word' id='word_1_24' title='bbox 989 456 1094 533; x_wconf 85' lang='lat' dir='ltr'><strong>evadit,</strong></span> 
     </span>
     <span class='ocr_line' id='line_1_4' title="bbox 98 536 1094 617; baseline 0.001 -19"><span class='ocrx_word' id='word_1_25' title='bbox 98 538 211 598; x_wconf 86' lang='lat' dir='ltr'><strong>sibilum</strong></span> <span class='ocrx_word' id='word_1_26' title='bbox 233 537 307 611; x_wconf 88' lang='lat' dir='ltr'><strong>edit,</strong></span> <span class='ocrx_word' id='word_1_27' title='bbox 334 536 418 596; x_wconf 93' lang='lat' dir='ltr'><strong>dolor</strong></span> <span class='ocrx_word' id='word_1_28' title='bbox 434 538 461 595; x_wconf 93' lang='lat' dir='ltr'><strong>in</strong></span> <span class='ocrx_word' id='word_1_29' title='bbox 477 546 599 615; x_wconf 79' lang='lat' dir='ltr'>pectore</span> <span class='ocrx_word' id='word_1_30' title='bbox 616 537 855 617; x_wconf 82' lang='lat' dir='ltr'><strong>praecordiisque</strong></span> <span class='ocrx_word' id='word_1_31' title='bbox 872 547 930 616; x_wconf 89' lang='lat' dir='ltr'><strong>est,</strong></span> <span class='ocrx_word' id='word_1_32' title='bbox 953 540 1094 599; x_wconf 89' lang='lat' dir='ltr'><strong>interdum</strong></span> 
     </span>
     <span class='ocr_line' id='line_1_5' title="bbox 98 620 1093 700; baseline 0 -17"><span class='ocrx_word' id='word_1_33' title='bbox 98 624 182 683; x_wconf 90' lang='lat' dir='ltr'><strong>etium</strong></span> <span class='ocrx_word' id='word_1_34' title='bbox 198 624 226 680; x_wconf 91' lang='lat' dir='ltr'><strong>in</strong></span> <span class='ocrx_word' id='word_1_35' title='bbox 241 620 385 699; x_wconf 89' lang='lat' dir='ltr'><strong>scapulis,</strong></span> <span class='ocrx_word' id='word_1_36' title='bbox 407 622 490 698; x_wconf 89' lang='lat' dir='ltr'><strong>isque</strong></span> <span class='ocrx_word' id='word_1_37' title='bbox 506 623 592 682; x_wconf 93' lang='lat' dir='ltr'><strong>modo</strong></span> <span class='ocrx_word' id='word_1_38' title='bbox 611 622 744 700; x_wconf 89' lang='lat' dir='ltr'><strong>decedit,</strong></span> <span class='ocrx_word' id='word_1_39' title='bbox 766 622 852 682; x_wconf 92' lang='lat' dir='ltr'><strong>modo</strong></span> <span class='ocrx_word' id='word_1_40' title='bbox 867 625 1036 691; x_wconf 89' lang='lat' dir='ltr'><strong>revertitur;</strong></span> <span class='ocrx_word' id='word_1_41' title='bbox 1058 623 1093 683; x_wconf 99' lang='lat' dir='ltr'><strong>ad</strong></span> 
     </span>
     <span class='ocr_line' id='line_1_6' title="bbox 73 704 1092 785; baseline 0.004 -23"><span class='ocrx_word' id='word_1_42' title='bbox 73 708 170 767; x_wconf 80' lang='lat' dir='ltr'><strong>abaec</strong></span> <span class='ocrx_word' id='word_1_43' title='bbox 192 704 331 765; x_wconf 75' lang='lat' dir='ltr'><strong>tussicula</strong></span> <span class='ocrx_word' id='word_1_44' title='bbox 350 704 472 764; x_wconf 87' lang='lat' dir='ltr'><strong>accedit.</strong></span> <span class='ocrx_word' id='word_1_45' title='bbox 512 705 654 766; x_wconf 81' lang='lat' dir='ltr'><strong>Auxilium</strong></span> <span class='ocrx_word' id='word_1_46' title='bbox 671 714 732 784; x_wconf 88' lang='lat' dir='ltr'><strong>est,</strong></span> <span class='ocrx_word' id='word_1_47' title='bbox 754 707 809 764; x_wconf 92' lang='lat' dir='ltr'><strong>nisi</strong></span> <span class='ocrx_word' id='word_1_48' title='bbox 824 707 930 784; x_wconf 91' lang='lat' dir='ltr'><strong>aliquid</strong></span> <span class='ocrx_word' id='word_1_49' title='bbox 947 707 1092 785; x_wconf 92' lang='lat' dir='ltr'><strong>prohibet,</strong></span> 
     </span>
     <span class='ocr_line' id='line_1_7' title="bbox 95 789 1140 870; baseline -0.002 -19"><span class='ocrx_word' id='word_1_50' title='bbox 95 794 125 852; x_wconf 91' lang='lat' dir='ltr'><strong>in</strong></span> <span class='ocrx_word' id='word_1_51' title='bbox 140 790 289 867; x_wconf 81' lang='lat' dir='ltr'><strong>sanguinis</strong></span> <span class='ocrx_word' id='word_1_52' title='bbox 305 789 494 850; x_wconf 87' lang='lat' dir='ltr'><strong>detractione.</strong></span> <span class='ocrx_word' id='word_1_53' title='bbox 531 789 635 867; x_wconf 83' lang='lat' dir='ltr'><strong>Neque</strong></span> <span class='ocrx_word' id='word_1_54' title='bbox 651 790 680 848; x_wconf 93' lang='lat' dir='ltr'><strong>id</strong></span> <span class='ocrx_word' id='word_1_55' title='bbox 695 790 765 849; x_wconf 91' lang='lat' dir='ltr'><strong>satis</strong></span> <span class='ocrx_word' id='word_1_56' title='bbox 781 800 841 866; x_wconf 89' lang='lat' dir='ltr'><strong>est,</strong></span> <span class='ocrx_word' id='word_1_57' title='bbox 858 790 910 849; x_wconf 92' lang='lat' dir='ltr'><strong>sed</strong></span> <span class='ocrx_word' id='word_1_58' title='bbox 928 791 1005 850; x_wconf 90' lang='lat' dir='ltr'><strong>lacte</strong></span> <span class='ocrx_word' id='word_1_59' title='bbox 1022 807 1092 870; x_wconf 93' lang='lat' dir='ltr'><strong>quo·</strong></span> <span class='ocrx_word' id='word_1_60' title='bbox 1130 789 1140 800; x_wconf 49' lang='lat'>⁸</span> 
     </span>
     <span class='ocr_line' id='line_1_8' title="bbox 95 872 1092 954; baseline -0.001 -21"><span class='ocrx_word' id='word_1_61' title='bbox 95 893 153 954; x_wconf 93' lang='lat' dir='ltr'><strong>que</strong></span> <span class='ocrx_word' id='word_1_62' title='bbox 178 882 280 933; x_wconf 83' lang='lat' dir='ltr'><strong>venter</strong></span> <span class='ocrx_word' id='word_1_63' title='bbox 301 872 459 932; x_wconf 85' lang='lat' dir='ltr'><strong>solvendus</strong></span> <span class='ocrx_word' id='word_1_64' title='bbox 482 883 543 933; x_wconf 90' lang='lat' dir='ltr'><strong>est:</strong></span> <span class='ocrx_word' id='word_1_65' title='bbox 571 873 703 952; x_wconf 90' lang='lat' dir='ltr'><strong>liquanda</strong></span> <span class='ocrx_word' id='word_1_66' title='bbox 727 873 825 949; x_wconf 88' lang='lat' dir='ltr'><strong>alvus,</strong></span> <span class='ocrx_word' id='word_1_67' title='bbox 847 874 985 936; x_wconf 86' lang='lat' dir='ltr'><strong>interdum</strong></span> <span class='ocrx_word' id='word_1_68' title='bbox 1009 875 1092 934; x_wconf 89' lang='lat' dir='ltr'><strong>etiam</strong></span> 
     </span>
     <span class='ocr_line' id='line_1_9' title="bbox 96 957 1092 1037; baseline 0 -19"><span class='ocrx_word' id='word_1_69' title='bbox 96 958 244 1035; x_wconf 91' lang='lat' dir='ltr'><strong>ducenda,</strong></span> <span class='ocrx_word' id='word_1_70' title='bbox 267 957 370 1036; x_wconf 90' lang='lat' dir='ltr'><strong>quibus</strong></span> <span class='ocrx_word' id='word_1_71' title='bbox 391 966 574 1016; x_wconf 89' lang='lat' dir='ltr'><strong>extenuatum</strong></span> <span class='ocrx_word' id='word_1_72' title='bbox 597 974 703 1033; x_wconf 90' lang='lat' dir='ltr'><strong>corpus</strong></span> <span class='ocrx_word' id='word_1_73' title='bbox 721 959 819 1035; x_wconf 87' lang='lat' dir='ltr'><strong>incipit</strong></span> <span class='ocrx_word' id='word_1_74' title='bbox 834 959 962 1037; x_wconf 91' lang='lat' dir='ltr'><strong>spiritum</strong></span> <span class='ocrx_word' id='word_1_75' title='bbox 977 957 1092 1018; x_wconf 80' lang='lat' dir='ltr'><strong>trahere</strong></span> 
     </span>
     <span class='ocr_line' id='line_1_10' title="bbox 97 1038 1093 1119; baseline -0.003 -16"><span class='ocrx_word' id='word_1_76' title='bbox 97 1042 284 1103; x_wconf 88' lang='lat' dir='ltr'><strong>commodius.</strong></span> <span class='ocrx_word' id='word_1_77' title='bbox 320 1038 415 1119; x_wconf 82' lang='lat' dir='ltr'><strong>Gaput</strong></span> <span class='ocrx_word' id='word_1_78' title='bbox 436 1051 529 1100; x_wconf 90' lang='lat' dir='ltr'><strong>autem</strong></span> <span class='ocrx_word' id='word_1_79' title='bbox 553 1041 638 1100; x_wconf 88' lang='lat' dir='ltr'><strong>etiam</strong></span> <span class='ocrx_word' id='word_1_80' title='bbox 657 1043 685 1099; x_wconf 93' lang='lat' dir='ltr'><strong>in</strong></span> <span class='ocrx_word' id='word_1_81' title='bbox 701 1041 779 1101; x_wconf 86' lang='lat' dir='ltr'><strong>lecto</strong></span> <span class='ocrx_word' id='word_1_82' title='bbox 795 1041 917 1101; x_wconf 91' lang='lat' dir='ltr'><strong>sublime</strong></span> <span class='ocrx_word' id='word_1_83' title='bbox 932 1040 1093 1102; x_wconf 90' lang='lat' dir='ltr'><strong>habendum</strong></span> 
     </span>
     <span class='ocr_line' id='line_1_11' title="bbox 62 1124 1091 1204; baseline 0.001 -20"><span class='ocrx_word' id='word_1_84' title='bbox 62 1136 159 1195; x_wconf 84' lang='lat' dir='ltr'><strong>roest;</strong></span> <span class='ocrx_word' id='word_1_85' title='bbox 186 1125 288 1184; x_wconf 85' lang='lat' dir='ltr'><strong>thorax</strong></span> <span class='ocrx_word' id='word_1_86' title='bbox 311 1125 462 1202; x_wconf 86' lang='lat' dir='ltr'><strong>fomentis,</strong></span> <span class='ocrx_word' id='word_1_87' title='bbox 486 1124 756 1203; x_wconf 81' lang='lat' dir='ltr'><strong>cataplasmatisque</strong></span> <span class='ocrx_word' id='word_1_88' title='bbox 778 1125 894 1203; x_wconf 84' lang='lat' dir='ltr'><strong>calidis,</strong></span> <span class='ocrx_word' id='word_1_89' title='bbox 922 1135 970 1185; x_wconf 91' lang='lat' dir='ltr'><strong>aut</strong></span> <span class='ocrx_word' id='word_1_90' title='bbox 993 1127 1091 1204; x_wconf 91' lang='lat' dir='ltr'><strong>siccis,</strong></span> 
     </span>
     <span class='ocr_line' id='line_1_12' title="bbox 97 1209 1092 1287; baseline -0.001 -16"><span class='ocrx_word' id='word_1_91' title='bbox 97 1209 251 1271; x_wconf 90' lang='lat' dir='ltr'><strong>autetiam</strong></span> <span class='ocrx_word' id='word_1_92' title='bbox 274 1209 396 1269; x_wconf 87' lang='lat' dir='ltr'><strong>humidis</strong></span> <span class='ocrx_word' id='word_1_93' title='bbox 418 1209 594 1283; x_wconf 86' lang='lat' dir='ltr'><strong>adjuvandus</strong></span> <span class='ocrx_word' id='word_1_94' title='bbox 617 1217 676 1278; x_wconf 85' lang='lat' dir='ltr'><strong>est;</strong></span> <span class='ocrx_word' id='word_1_95' title='bbox 707 1218 736 1268; x_wconf 92' lang='lat' dir='ltr'><strong>et</strong></span> <span class='ocrx_word' id='word_1_96' title='bbox 756 1219 861 1287; x_wconf 89' lang='lat' dir='ltr'><strong>postea</strong></span> <span class='ocrx_word' id='word_1_97' title='bbox 880 1211 927 1270; x_wconf 87' lang='lat' dir='ltr'><strong>vel</strong></span> <span class='ocrx_word' id='word_1_98' title='bbox 952 1210 1092 1286; x_wconf 84' lang='lat' dir='ltr'><strong>malagma</strong></span> 
     </span>
     <span class='ocr_line' id='line_1_13' title="bbox 97 1292 1091 1373; baseline -0.001 -18"><span class='ocrx_word' id='word_1_99' title='bbox 97 1292 404 1373; x_wconf 84' lang='lat' dir='ltr'><strong>superimponendum,</strong></span> <span class='ocrx_word' id='word_1_100' title='bbox 427 1294 476 1353; x_wconf 89' lang='lat' dir='ltr'><strong>vel</strong></span> <span class='ocrx_word' id='word_1_101' title='bbox 500 1301 580 1352; x_wconf 86' lang='lat' dir='ltr'><strong>certe</strong></span> <span class='ocrx_word' id='word_1_102' title='bbox 600 1300 726 1353; x_wconf 89' lang='lat' dir='ltr'><strong>ceratum</strong></span> <span class='ocrx_word' id='word_1_103' title='bbox 741 1312 778 1352; x_wconf 90' lang='lat' dir='ltr'><strong>ex</strong></span> <span class='ocrx_word' id='word_1_104' title='bbox 794 1295 932 1372; x_wconf 83' lang='lat' dir='ltr'><strong>cyprino,</strong></span> <span class='ocrx_word' id='word_1_105' title='bbox 955 1295 1002 1353; x_wconf 83' lang='lat' dir='ltr'><strong>vel</strong></span> <span class='ocrx_word' id='word_1_106' title='bbox 1019 1296 1091 1354; x_wconf 92' lang='lat' dir='ltr'><strong>irino</strong></span> 
     </span>
     <span class='ocr_line' id='line_1_14' title="bbox 97 1377 1092 1457; baseline 0 -19"><span class='ocrx_word' id='word_1_107' title='bbox 97 1388 255 1456; x_wconf 82' lang='lat' dir='ltr'><strong>unguento.</strong></span> <span class='ocrx_word' id='word_1_108' title='bbox 290 1377 432 1437; x_wconf 91' lang='lat' dir='ltr'><strong>Sumenda</strong></span> <span class='ocrx_word' id='word_1_109' title='bbox 455 1377 558 1436; x_wconf 86' lang='lat' dir='ltr'><strong>deinde</strong></span> <span class='ocrx_word' id='word_1_110' title='bbox 575 1377 675 1452; x_wconf 89' lang='lat' dir='ltr'><strong>jejuno</strong></span> <span class='ocrx_word' id='word_1_111' title='bbox 699 1380 779 1455; x_wconf 93' lang='lat' dir='ltr'><strong>potui</strong></span> <span class='ocrx_word' id='word_1_112' title='bbox 800 1379 891 1439; x_wconf 91' lang='lat' dir='ltr'><strong>mulsa</strong></span> <span class='ocrx_word' id='word_1_113' title='bbox 913 1397 1005 1457; x_wconf 85' lang='lat' dir='ltr'><strong>aqua,</strong></span> <span class='ocrx_word' id='word_1_114' title='bbox 1029 1397 1092 1438; x_wconf 89' lang='lat' dir='ltr'><strong>oum</strong></span> 
     </span>
     <span class='ocr_line' id='line_1_15' title="bbox 98 1461 1091 1542; baseline -0.002 -19"><span class='ocrx_word' id='word_1_115' title='bbox 98 1482 153 1542; x_wconf 91' lang='lat' dir='ltr'><strong>qua</strong></span> <span class='ocrx_word' id='word_1_116' title='bbox 180 1462 228 1521; x_wconf 90' lang='lat' dir='ltr'><strong>vel</strong></span> <span class='ocrx_word' id='word_1_117' title='bbox 253 1462 398 1538; x_wconf 82' lang='lat' dir='ltr'><strong>hyssopus</strong></span> <span class='ocrx_word' id='word_1_118' title='bbox 425 1471 525 1539; x_wconf 86' lang='lat' dir='ltr'><strong>cocta,</strong></span> <span class='ocrx_word' id='word_1_119' title='bbox 553 1461 602 1521; x_wconf 89' lang='lat' dir='ltr'><strong>vel</strong></span> <span class='ocrx_word' id='word_1_120' title='bbox 629 1464 751 1522; x_wconf 89' lang='lat' dir='ltr'><strong>contrita</strong></span> <span class='ocrx_word' id='word_1_121' title='bbox 777 1465 911 1541; x_wconf 90' lang='lat' dir='ltr'><strong>capparis</strong></span> <span class='ocrx_word' id='word_1_122' title='bbox 938 1464 1019 1522; x_wconf 84' lang='lat' dir='ltr'><strong>radix</strong></span> <span class='ocrx_word' id='word_1_123' title='bbox 1044 1465 1091 1522; x_wconf 87' lang='lat' dir='ltr'><strong>sit.</strong></span> 
     </span>
     <span class='ocr_line' id='line_1_16' title="bbox 61 1546 1092 1623; baseline -0.006 -11"><span class='ocrx_word' id='word_1_124' title='bbox 61 1575 85 1612; x_wconf 80' lang='lat' dir='ltr'><strong>rs</strong></span> <span class='ocrx_word' id='word_1_125' title='bbox 97 1547 261 1623; x_wconf 82' lang='lat' dir='ltr'><strong>Delingitur</strong></span> <span class='ocrx_word' id='word_1_126' title='bbox 283 1547 368 1605; x_wconf 89' lang='lat' dir='ltr'><strong>etiam</strong></span> <span class='ocrx_word' id='word_1_127' title='bbox 394 1546 501 1605; x_wconf 91' lang='lat' dir='ltr'><strong>utiliter</strong></span> <span class='ocrx_word' id='word_1_128' title='bbox 527 1555 574 1606; x_wconf 91' lang='lat' dir='ltr'><strong>aut</strong></span> <span class='ocrx_word' id='word_1_129' title='bbox 601 1547 720 1623; x_wconf 87' lang='lat' dir='ltr'><strong>nitrum,</strong></span> <span class='ocrx_word' id='word_1_130' title='bbox 756 1556 801 1605; x_wconf 91' lang='lat' dir='ltr'><strong>aut</strong></span> <span class='ocrx_word' id='word_1_131' title='bbox 828 1549 1012 1623; x_wconf 89' lang='lat' dir='ltr'><strong>nasturtium,</strong></span> <span class='ocrx_word' id='word_1_132' title='bbox 1045 1555 1092 1606; x_wconf 90' lang='lat' dir='ltr'><strong>aut</strong></span> 
     </span>
     <span class='ocr_line' id='line_1_17' title="bbox 97 1630 1090 1706; baseline -0.003 -15"><span class='ocrx_word' id='word_1_133' title='bbox 97 1632 194 1691; x_wconf 91' lang='lat' dir='ltr'><strong>allium</strong></span> <span class='ocrx_word' id='word_1_134' title='bbox 216 1631 346 1706; x_wconf 86' lang='lat' dir='ltr'><strong>frictum,</strong></span> <span class='ocrx_word' id='word_1_135' title='bbox 369 1630 472 1689; x_wconf 91' lang='lat' dir='ltr'><strong>deinde</strong></span> <span class='ocrx_word' id='word_1_136' title='bbox 496 1631 647 1689; x_wconf 90' lang='lat' dir='ltr'><strong>contritum</strong></span> <span class='ocrx_word' id='word_1_137' title='bbox 669 1639 697 1688; x_wconf 87' lang='lat' dir='ltr'><strong>et</strong></span> <span class='ocrx_word' id='word_1_138' title='bbox 718 1649 781 1689; x_wconf 87' lang='lat' dir='ltr'><strong>cnm</strong></span> <span class='ocrx_word' id='word_1_139' title='bbox 795 1630 882 1690; x_wconf 92' lang='lat' dir='ltr'><strong>melle</strong></span> <span class='ocrx_word' id='word_1_140' title='bbox 898 1632 1032 1689; x_wconf 89' lang='lat' dir='ltr'><strong>mixtum:</strong></span> <span class='ocrx_word' id='word_1_141' title='bbox 1053 1633 1090 1688; x_wconf 94' lang='lat' dir='ltr'><strong>si·</strong></span> 
     </span>
     <span class='ocr_line' id='line_1_18' title="bbox 97 1712 1091 1793; baseline -0.004 -18"><span class='ocrx_word' id='word_1_142' title='bbox 97 1716 213 1793; x_wconf 86' lang='lat' dir='ltr'><strong>mulque</strong></span> <span class='ocrx_word' id='word_1_143' title='bbox 237 1723 397 1793; x_wconf 90' lang='lat' dir='ltr'><strong>coquuntur</strong></span> <span class='ocrx_word' id='word_1_144' title='bbox 416 1713 489 1789; x_wconf 92' lang='lat' dir='ltr'><strong>mel,</strong></span> <span class='ocrx_word' id='word_1_145' title='bbox 517 1712 687 1790; x_wconf 79' lang='lat' dir='ltr'><strong>galbanum,</strong></span> <span class='ocrx_word' id='word_1_146' title='bbox 715 1715 809 1774; x_wconf 89' lang='lat' dir='ltr'><strong>resina</strong></span> <span class='ocrx_word' id='word_1_147' title='bbox 831 1713 1038 1789; x_wconf 89' lang='lat' dir='ltr'><strong>terebinthina,</strong></span> <span class='ocrx_word' id='word_1_148' title='bbox 1063 1722 1091 1771; x_wconf 93' lang='lat' dir='ltr'><strong>et</strong></span> 
     </span>
     <span class='ocr_line' id='line_1_19' title="bbox 97 1797 1090 1874; baseline -0.005 -15"><span class='ocrx_word' id='word_1_149' title='bbox 97 1799 145 1859; x_wconf 91' lang='lat' dir='ltr'><strong>nbi</strong></span> <span class='ocrx_word' id='word_1_150' title='bbox 169 1801 315 1873; x_wconf 87' lang='lat' dir='ltr'><strong>coierunt,</strong></span> <span class='ocrx_word' id='word_1_151' title='bbox 338 1817 374 1856; x_wconf 90' lang='lat' dir='ltr'><strong>ex</strong></span> <span class='ocrx_word' id='word_1_152' title='bbox 397 1798 440 1857; x_wconf 93' lang='lat' dir='ltr'><strong>his</strong></span> <span class='ocrx_word' id='word_1_153' title='bbox 466 1797 641 1874; x_wconf 89' lang='lat' dir='ltr'><strong>quodiahae</strong></span> <span class='ocrx_word' id='word_1_154' title='bbox 657 1797 878 1874; x_wconf 78' lang='lat' dir='ltr'><strong>magnitudinem</strong></span> <span class='ocrx_word' id='word_1_155' title='bbox 894 1797 996 1872; x_wconf 92' lang='lat' dir='ltr'><strong>habet,</strong></span> <span class='ocrx_word' id='word_1_156' title='bbox 1021 1813 1090 1873; x_wconf 91' lang='lat' dir='ltr'><strong>quo·</strong></span> 
     </span>
     <span class='ocr_line' id='line_1_20' title="bbox 98 1880 1091 1958; baseline -0.004 -17"><span class='ocrx_word' id='word_1_157' title='bbox 98 1882 167 1942; x_wconf 87' lang='lat' dir='ltr'><strong>tidie</strong></span> <span class='ocrx_word' id='word_1_158' title='bbox 192 1884 244 1942; x_wconf 92' lang='lat' dir='ltr'><strong>sub</strong></span> <span class='ocrx_word' id='word_1_159' title='bbox 268 1883 364 1958; x_wconf 80' lang='lat' dir='ltr'><strong>lingua</strong></span> <span class='ocrx_word' id='word_1_160' title='bbox 384 1882 521 1958; x_wconf 89' lang='lat' dir='ltr'><strong>liquatur:</strong></span> <span class='ocrx_word' id='word_1_161' title='bbox 551 1889 599 1939; x_wconf 92' lang='lat' dir='ltr'><strong>aot</strong></span> <span class='ocrx_word' id='word_1_162' title='bbox 616 1880 765 1958; x_wconf 89' lang='lat' dir='ltr'><strong>sulphuris</strong></span> <span class='ocrx_word' id='word_1_163' title='bbox 784 1883 879 1958; x_wconf 84' lang='lat' dir='ltr'><strong>ignem</strong></span> <span class='ocrx_word' id='word_1_164' title='bbox 900 1898 957 1940; x_wconf 90' lang='lat' dir='ltr'><strong>non</strong></span> <span class='ocrx_word' id='word_1_165' title='bbox 977 1881 1091 1956; x_wconf 89' lang='lat' dir='ltr'><strong>experti</strong></span> 
     </span>
     <span class='ocr_line' id='line_1_21' title="bbox 62 1962 1090 2047; baseline -0.006 -19"><span class='ocrx_word' id='word_1_166' title='bbox 62 1986 127 2045; x_wconf 75' lang='lat' dir='ltr'><strong>cop.</strong></span> <span class='ocrx_word' id='word_1_167' title='bbox 149 1968 205 2047; x_wconf 87' lang='lat'>)·(.</span> <span class='ocrx_word' id='word_1_168' title='bbox 229 1984 277 2022; x_wconf 92' lang='lat'><strong>=.</strong></span> <span class='ocrx_word' id='word_1_169' title='bbox 301 1965 432 2024; x_wconf 88' lang='lat' dir='ltr'><strong>abrotoni</strong></span> <span class='ocrx_word' id='word_1_170' title='bbox 457 1983 484 2043; x_wconf 92' lang='lat' dir='ltr'><strong>p.</strong></span> <span class='ocrx_word' id='word_1_171' title='bbox 501 1963 556 2044; x_wconf 93' lang='lat'>)·(.</span> <span class='ocrx_word' id='word_1_172' title='bbox 579 1965 606 2022; x_wconf 92' lang='lat' dir='ltr'><strong>in</strong></span> <span class='ocrx_word' id='word_1_173' title='bbox 626 1966 683 2022; x_wconf 89' lang='lat' dir='ltr'><strong>vini</strong></span> <span class='ocrx_word' id='word_1_174' title='bbox 706 1965 810 2039; x_wconf 75' lang='lat' dir='ltr'><strong>cyatho</strong></span> <span class='ocrx_word' id='word_1_175' title='bbox 833 1975 979 2037; x_wconf 87' lang='lat' dir='ltr'><strong>teruntur,</strong></span> <span class='ocrx_word' id='word_1_176' title='bbox 1005 1962 1090 2041; x_wconf 90' lang='lat' dir='ltr'><strong>idque</strong></span> 
     </span>
     <span class='ocr_line' id='line_1_22' title="bbox 98 2048 1090 2128; baseline -0.004 -18"><span class='ocrx_word' id='word_1_177' title='bbox 98 2051 273 2128; x_wconf 81' lang='lat' dir='ltr'><strong>tepefactum</strong></span> <span class='ocrx_word' id='word_1_178' title='bbox 296 2048 440 2108; x_wconf 90' lang='lat' dir='ltr'><strong>sorbetur.</strong></span> <span class='ocrx_word' id='word_1_179' title='bbox 477 2048 530 2108; x_wconf 87' lang='lat' dir='ltr'><strong>Est</strong></span> <span class='ocrx_word' id='word_1_180' title='bbox 548 2049 632 2107; x_wconf 90' lang='lat' dir='ltr'><strong>etiam</strong></span> <span class='ocrx_word' id='word_1_181' title='bbox 647 2066 703 2107; x_wconf 93' lang='lat' dir='ltr'><strong>non</strong></span> <span class='ocrx_word' id='word_1_182' title='bbox 718 2066 789 2108; x_wconf 88' lang='lat' dir='ltr'><strong>vana</strong></span> <span class='ocrx_word' id='word_1_183' title='bbox 806 2051 919 2127; x_wconf 91' lang='lat' dir='ltr'><strong>opinio,</strong></span> <span class='ocrx_word' id='word_1_184' title='bbox 944 2048 1090 2125; x_wconf 87' lang='lat' dir='ltr'><strong>vulpinum</strong></span> 
     </span>
     <span class='ocr_line' id='line_1_23' title="bbox 93 2132 1089 2212; baseline -0.003 -18"><span class='ocrx_word' id='word_1_185' title='bbox 93 2139 194 2212; x_wconf 86' lang='lat' dir='ltr'><strong>jecur,</strong></span> <span class='ocrx_word' id='word_1_186' title='bbox 219 2133 265 2192; x_wconf 94' lang='lat' dir='ltr'><strong>ubi</strong></span> <span class='ocrx_word' id='word_1_187' title='bbox 289 2136 397 2192; x_wconf 87' lang='lat' dir='ltr'><strong>siccum</strong></span> <span class='ocrx_word' id='word_1_188' title='bbox 419 2142 447 2191; x_wconf 92' lang='lat' dir='ltr'><strong>et</strong></span> <span class='ocrx_word' id='word_1_189' title='bbox 468 2133 575 2192; x_wconf 89' lang='lat' dir='ltr'><strong>aridum</strong></span> <span class='ocrx_word' id='word_1_190' title='bbox 589 2132 695 2191; x_wconf 86' lang='lat' dir='ltr'><strong>iactum</strong></span> <span class='ocrx_word' id='word_1_191' title='bbox 713 2142 772 2207; x_wconf 87' lang='lat' dir='ltr'><strong>est,</strong></span> <span class='ocrx_word' id='word_1_192' title='bbox 790 2134 923 2193; x_wconf 89' lang='lat' dir='ltr'><strong>contundi</strong></span> <span class='ocrx_word' id='word_1_193' title='bbox 940 2142 1089 2210; x_wconf 91' lang='lat' dir='ltr'><strong>oportere,</strong></span> 
     </span>
     <span class='ocr_line' id='line_1_24' title="bbox 99 2217 1091 2298; baseline -0.004 -20"><span class='ocrx_word' id='word_1_194' title='bbox 99 2219 301 2298; x_wconf 88' lang='lat' dir='ltr'><strong>polentamque</strong></span> <span class='ocrx_word' id='word_1_195' title='bbox 327 2237 364 2277; x_wconf 90' lang='lat' dir='ltr'><strong>ex</strong></span> <span class='ocrx_word' id='word_1_196' title='bbox 386 2236 421 2278; x_wconf 92' lang='lat' dir='ltr'><strong>eo</strong></span> <span class='ocrx_word' id='word_1_197' title='bbox 437 2218 547 2294; x_wconf 91' lang='lat' dir='ltr'><strong>potioni</strong></span> <span class='ocrx_word' id='word_1_198' title='bbox 564 2218 696 2294; x_wconf 79' lang='lat' dir='ltr'><strong>aspergi:</strong></span> <span class='ocrx_word' id='word_1_199' title='bbox 721 2217 767 2276; x_wconf 90' lang='lat' dir='ltr'><strong>vel</strong></span> <span class='ocrx_word' id='word_1_200' title='bbox 784 2218 912 2294; x_wconf 90' lang='lat' dir='ltr'><strong>ejusdem</strong></span> <span class='ocrx_word' id='word_1_201' title='bbox 927 2217 1091 2296; x_wconf 89' lang='lat' dir='ltr'><strong>pulmonem</strong></span> 
     </span>
     <span class='ocr_line' id='line_1_25' title="bbox 99 2300 1091 2381; baseline -0.002 -19"><span class='ocrx_word' id='word_1_202' title='bbox 99 2321 182 2381; x_wconf 90' lang='lat' dir='ltr'><strong>quam</strong></span> <span class='ocrx_word' id='word_1_203' title='bbox 191 2304 419 2362; x_wconf 89' lang='lat' dir='ltr'><strong>recentissimum</strong></span> <span class='ocrx_word' id='word_1_204' title='bbox 428 2320 533 2377; x_wconf 91' lang='lat' dir='ltr'><strong>assum,</strong></span> <span class='ocrx_word' id='word_1_205' title='bbox 547 2301 597 2359; x_wconf 90' lang='lat' dir='ltr'><strong>sed</strong></span> <span class='ocrx_word' id='word_1_206' title='bbox 607 2301 940 2381; x_wconf 82' lang='lat' dir='ltr'><strong>sinelerro(‘l)coctum,</strong></span> <span class='ocrx_word' id='word_1_207' title='bbox 951 2300 1091 2361; x_wconf 91' lang='lat' dir='ltr'><strong>edendum</strong></span> 
     </span>
     <span class='ocr_line' id='line_1_26' title="bbox 62 2385 1091 2453; baseline -0.001 -7"><span class='ocrx_word' id='word_1_208' title='bbox 62 2409 88 2447; x_wconf 76' lang='lat' dir='ltr'><strong>os</strong></span> <span class='ocrx_word' id='word_1_209' title='bbox 100 2405 176 2446; x_wconf 88' lang='lat' dir='ltr'><strong>esse.</strong></span> <span class='ocrx_word' id='word_1_210' title='bbox 196 2387 314 2445; x_wconf 86' lang='lat' dir='ltr'><strong>Praeter</strong></span> <span class='ocrx_word' id='word_1_211' title='bbox 330 2387 403 2445; x_wconf 86' lang='lat' dir='ltr'><strong>haec</strong></span> <span class='ocrx_word' id='word_1_212' title='bbox 416 2385 621 2445; x_wconf 88' lang='lat' dir='ltr'><strong>sorbitionibus</strong></span> <span class='ocrx_word' id='word_1_213' title='bbox 636 2395 663 2443; x_wconf 88' lang='lat' dir='ltr'><strong>et</strong></span> <span class='ocrx_word' id='word_1_214' title='bbox 676 2385 788 2444; x_wconf 91' lang='lat' dir='ltr'><strong>lenibus</strong></span> <span class='ocrx_word' id='word_1_215' title='bbox 803 2386 873 2445; x_wconf 89' lang='lat' dir='ltr'><strong>cibis</strong></span> <span class='ocrx_word' id='word_1_216' title='bbox 886 2386 1019 2445; x_wconf 91' lang='lat' dir='ltr'><strong>utendum</strong></span> <span class='ocrx_word' id='word_1_217' title='bbox 1032 2394 1091 2453; x_wconf 89' lang='lat' dir='ltr'><strong>est;</strong></span> 
     </span>
     <span class='ocr_line' id='line_1_27' title="bbox 99 2470 1092 2548; baseline -0.004 -18"><span class='ocrx_word' id='word_1_218' title='bbox 99 2470 238 2530; x_wconf 91' lang='lat' dir='ltr'><strong>interdum</strong></span> <span class='ocrx_word' id='word_1_219' title='bbox 256 2473 321 2530; x_wconf 91' lang='lat' dir='ltr'><strong>vino</strong></span> <span class='ocrx_word' id='word_1_220' title='bbox 337 2472 429 2547; x_wconf 90' lang='lat' dir='ltr'><strong>tenui,</strong></span> <span class='ocrx_word' id='word_1_221' title='bbox 445 2479 579 2538; x_wconf 88' lang='lat' dir='ltr'><strong>austero;</strong></span> <span class='ocrx_word' id='word_1_222' title='bbox 597 2488 805 2548; x_wconf 89' lang='lat' dir='ltr'><strong>nonnumquam</strong></span> <span class='ocrx_word' id='word_1_223' title='bbox 821 2471 936 2529; x_wconf 88' lang='lat' dir='ltr'><strong>vomitu.</strong></span> <span class='ocrx_word' id='word_1_224' title='bbox 970 2471 1092 2529; x_wconf 86' lang='lat' dir='ltr'><strong>Prosunt</strong></span> 
     </span>
     <span class='ocr_line' id='line_1_28' title="bbox 100 2554 1091 2632; baseline -0.004 -18"><span class='ocrx_word' id='word_1_225' title='bbox 100 2556 183 2614; x_wconf 91' lang='lat' dir='ltr'><strong>etiam</strong></span> <span class='ocrx_word' id='word_1_226' title='bbox 208 2571 407 2632; x_wconf 87' lang='lat' dir='ltr'><strong>quaecumque</strong></span> <span class='ocrx_word' id='word_1_227' title='bbox 433 2556 541 2613; x_wconf 89' lang='lat' dir='ltr'><strong>urinam</strong></span> <span class='ocrx_word' id='word_1_228' title='bbox 565 2563 695 2613; x_wconf 91' lang='lat' dir='ltr'><strong>movent:</strong></span> <span class='ocrx_word' id='word_1_229' title='bbox 729 2554 781 2612; x_wconf 88' lang='lat' dir='ltr'><strong>sed</strong></span> <span class='ocrx_word' id='word_1_230' title='bbox 804 2554 873 2613; x_wconf 92' lang='lat' dir='ltr'><strong>nihil</strong></span> <span class='ocrx_word' id='word_1_231' title='bbox 894 2556 985 2631; x_wconf 86' lang='lat' dir='ltr'><strong>magis</strong></span> <span class='ocrx_word' id='word_1_232' title='bbox 1008 2571 1091 2631; x_wconf 88' lang='lat' dir='ltr'><strong>quam</strong></span> 
     </span>
     <span class='ocr_line' id='line_1_29' title="bbox 101 2637 1090 2716; baseline -0.001 -21"><span class='ocrx_word' id='word_1_233' title='bbox 101 2637 253 2697; x_wconf 88' lang='lat' dir='ltr'><strong>ambulatio</strong></span> <span class='ocrx_word' id='word_1_234' title='bbox 276 2638 353 2698; x_wconf 88' lang='lat' dir='ltr'><strong>lenta</strong></span> <span class='ocrx_word' id='word_1_235' title='bbox 375 2657 468 2716; x_wconf 91' lang='lat' dir='ltr'><strong>paene</strong></span> <span class='ocrx_word' id='word_1_236' title='bbox 493 2639 633 2715; x_wconf 89' lang='lat' dir='ltr'><strong>usquead</strong></span> <span class='ocrx_word' id='word_1_237' title='bbox 650 2637 858 2707; x_wconf 90' lang='lat' dir='ltr'><strong>lassitudinem;</strong></span> <span class='ocrx_word' id='word_1_238' title='bbox 882 2639 976 2697; x_wconf 87' lang='lat' dir='ltr'><strong>frictio</strong></span> <span class='ocrx_word' id='word_1_239' title='bbox 994 2637 1090 2711; x_wconf 87' lang='lat' dir='ltr'><strong>multa,</strong></span> 
     </span>
     <span class='ocr_line' id='line_1_30' title="bbox 100 2722 1092 2800; baseline -0.001 -22"><span class='ocrx_word' id='word_1_240' title='bbox 100 2723 258 2799; x_wconf 89' lang='lat' dir='ltr'><strong>praecipue</strong></span> <span class='ocrx_word' id='word_1_241' title='bbox 274 2722 438 2781; x_wconf 86' lang='lat' dir='ltr'><strong>inferiorum</strong></span> <span class='ocrx_word' id='word_1_242' title='bbox 458 2724 595 2800; x_wconf 90' lang='lat' dir='ltr'><strong>partium,</strong></span> <span class='ocrx_word' id='word_1_243' title='bbox 613 2722 660 2780; x_wconf 88' lang='lat' dir='ltr'><strong>vel</strong></span> <span class='ocrx_word' id='word_1_244' title='bbox 677 2724 703 2780; x_wconf 91' lang='lat' dir='ltr'><strong>in</strong></span> <span class='ocrx_word' id='word_1_245' title='bbox 721 2722 800 2798; x_wconf 92' lang='lat' dir='ltr'><strong>sole,</strong></span> <span class='ocrx_word' id='word_1_246' title='bbox 818 2722 865 2781; x_wconf 87' lang='lat' dir='ltr'><strong>vel</strong></span> <span class='ocrx_word' id='word_1_247' title='bbox 884 2722 919 2781; x_wconf 90' lang='lat' dir='ltr'><strong>ad</strong></span> <span class='ocrx_word' id='word_1_248' title='bbox 934 2723 1046 2797; x_wconf 79' lang='lat' dir='ltr'><strong>ignem,</strong></span> <span class='ocrx_word' id='word_1_249' title='bbox 1063 2728 1092 2777; x_wconf 87' lang='lat' dir='ltr'><strong>et</strong></span> 
     </span>
     <span class='ocr_line' id='line_1_31' title="bbox 65 2804 849 2884; baseline 0 -22"><span class='ocrx_word' id='word_1_250' title='bbox 65 2824 90 2864; x_wconf 84' lang='lat' dir='ltr'><strong>an</strong></span> <span class='ocrx_word' id='word_1_251' title='bbox 101 2823 155 2882; x_wconf 92' lang='lat' dir='ltr'><strong>per</strong></span> <span class='ocrx_word' id='word_1_252' title='bbox 171 2822 204 2862; x_wconf 92' lang='lat' dir='ltr'><strong>se</strong></span> <span class='ocrx_word' id='word_1_253' title='bbox 220 2808 322 2881; x_wconf 88' lang='lat' dir='ltr'><strong>ipsum,</strong></span> <span class='ocrx_word' id='word_1_254' title='bbox 331 2816 358 2865; x_wconf 88' lang='lat' dir='ltr'><strong>et</strong></span> <span class='ocrx_word' id='word_1_255' title='bbox 375 2826 428 2884; x_wconf 92' lang='lat' dir='ltr'><strong>per</strong></span> <span class='ocrx_word' id='word_1_256' title='bbox 443 2806 532 2880; x_wconf 89' lang='lat' dir='ltr'><strong>alios,</strong></span> <span class='ocrx_word' id='word_1_257' title='bbox 549 2824 639 2883; x_wconf 90' lang='lat' dir='ltr'><strong>usque</strong></span> <span class='ocrx_word' id='word_1_258' title='bbox 655 2806 690 2864; x_wconf 88' lang='lat' dir='ltr'><strong>ad</strong></span> <span class='ocrx_word' id='word_1_259' title='bbox 705 2804 849 2864; x_wconf 90' lang='lat' dir='ltr'><strong>sudorem.</strong></span> 
     </span>
    </p>
   </div>
   <div class='ocr_carea' id='block_1_3' title="bbox 381 3041 807 3120">
    <p class='ocr_par' dir='ltr' id='par_1_3' title="bbox 381 3041 807 3120">
     <span class='ocr_line' id='line_1_32' title="bbox 381 3041 807 3120; baseline -0.007 -14"><span class='ocrx_word' id='word_1_260' title='bbox 381 3041 807 3120; x_wconf 63' lang='lat' dir='ltr'><strong>carbonianum.</strong></span> 
     </span>
    </p>
   </div>
   <div class='ocr_carea' id='block_1_4' title="bbox 406 3155 782 3206">
    <p class='ocr_par' dir='ltr' id='par_1_4' title="bbox 406 3155 782 3206">
     <span class='ocr_line' id='line_1_33' title="bbox 406 3155 782 3206; baseline 0 -1"><span class='ocrx_word' id='word_1_261' title='bbox 406 3159 441 3206; x_wconf 85' lang='lat' dir='ltr'><strong>De</strong></span> <span class='ocrx_word' id='word_1_262' title='bbox 460 3157 570 3205; x_wconf 82' lang='lat' dir='ltr'><strong>faucium</strong></span> <span class='ocrx_word' id='word_1_263' title='bbox 589 3155 782 3205; x_wconf 83' lang='lat' dir='ltr'><strong>exulceratione.</strong></span> 
     </span>
    </p>
   </div>
   <div class='ocr_carea' id='block_1_5' title="bbox 101 3304 1092 3471">
    <p class='ocr_par' dir='ltr' id='par_1_5' title="bbox 101 3304 1092 3471">
     <span class='ocr_line' id='line_1_34' title="bbox 161 3304 1092 3386; baseline -0.01 -18"><span class='ocrx_word' id='word_1_264' title='bbox 161 3308 193 3368; x_wconf 95' lang='lat' dir='ltr'><strong>ln</strong></span> <span class='ocrx_word' id='word_1_265' title='bbox 207 3312 345 3369; x_wconf 87' lang='lat' dir='ltr'><strong>interiore</strong></span> <span class='ocrx_word' id='word_1_266' title='bbox 362 3327 432 3368; x_wconf 89' lang='lat' dir='ltr'><strong>vero</strong></span> <span class='ocrx_word' id='word_1_267' title='bbox 448 3310 570 3368; x_wconf 91' lang='lat' dir='ltr'><strong>lancium</strong></span> <span class='ocrx_word' id='word_1_268' title='bbox 588 3315 669 3386; x_wconf 87' lang='lat' dir='ltr'><strong>parte</strong></span> <span class='ocrx_word' id='word_1_269' title='bbox 681 3305 820 3364; x_wconf 90' lang='lat' dir='ltr'><strong>interdum</strong></span> <span class='ocrx_word' id='word_1_270' title='bbox 833 3304 1012 3363; x_wconf 88' lang='lat' dir='ltr'><strong>exulceratio</strong></span> <span class='ocrx_word' id='word_1_271' title='bbox 1025 3319 1092 3361; x_wconf 87' lang='lat' dir='ltr'><strong>esse</strong></span> 
     </span>
     <span class='ocr_line' id='line_1_35' title="bbox 101 3386 1091 3471; baseline -0.008 -19"><span class='ocrx_word' id='word_1_272' title='bbox 101 3396 260 3452; x_wconf 90' lang='lat' dir='ltr'><strong>consuevit.</strong></span> <span class='ocrx_word' id='word_1_273' title='bbox 290 3393 322 3453; x_wconf 93' lang='lat' dir='ltr'><strong>ln</strong></span> <span class='ocrx_word' id='word_1_274' title='bbox 337 3394 391 3452; x_wconf 87' lang='lat' dir='ltr'><strong>hac</strong></span> <span class='ocrx_word' id='word_1_275' title='bbox 405 3394 537 3471; x_wconf 91' lang='lat' dir='ltr'><strong>plerique</strong></span> <span class='ocrx_word' id='word_1_276' title='bbox 555 3393 735 3451; x_wconf 85' lang='lat' dir='ltr'><strong>extrinsecus</strong></span> <span class='ocrx_word' id='word_1_277' title='bbox 751 3389 963 3466; x_wconf 89' lang='lat' dir='ltr'><strong>cataplasmatis</strong></span> <span class='ocrx_word' id='word_1_278' title='bbox 980 3386 1091 3461; x_wconf 86' lang='lat' dir='ltr'><strong>calidis,</strong></span> 
     </span>
    </p>
   </div>
   <div class='ocr_carea' id='block_1_6' title="bbox 64 3472 1186 3554">
    <p class='ocr_par' dir='ltr' id='par_1_6' title="bbox 64 3472 1186 3554">
     <span class='ocr_line' id='line_1_36' title="bbox 64 3472 1186 3554; baseline -0.006 -19"><span class='ocrx_word' id='word_1_279' title='bbox 64 3492 89 3529; x_wconf 76' lang='lat'><strong>³⁵</strong></span> <span class='ocrx_word' id='word_1_280' title='bbox 100 3477 294 3554; x_wconf 88' lang='lat' dir='ltr'><strong>lomentisque</strong></span> <span class='ocrx_word' id='word_1_281' title='bbox 314 3476 435 3536; x_wconf 92' lang='lat' dir='ltr'><strong>humidis</strong></span> <span class='ocrx_word' id='word_1_282' title='bbox 451 3486 577 3536; x_wconf 87' lang='lat' dir='ltr'><strong>utuntur:</strong></span> <span class='ocrx_word' id='word_1_283' title='bbox 603 3475 700 3535; x_wconf 88' lang='lat' dir='ltr'><strong>volunt</strong></span> <span class='ocrx_word' id='word_1_284' title='bbox 716 3475 799 3533; x_wconf 89' lang='lat' dir='ltr'><strong>etiam</strong></span> <span class='ocrx_word' id='word_1_285' title='bbox 817 3490 956 3551; x_wconf 88' lang='lat' dir='ltr'><strong>vaporem</strong></span> <span class='ocrx_word' id='word_1_286' title='bbox 971 3472 1092 3533; x_wconf 91' lang='lat' dir='ltr'><strong>calidum</strong></span> <span class='ocrx_word' id='word_1_287' title='bbox 1184 3475 1186 3479; x_wconf 86' lang='lat'>&#39;</span> 
     </span>
    </p>
   </div>
   <div class='ocr_carea' id='block_1_7' title="bbox 839 3559 886 3618">
    <p class='ocr_par' dir='ltr' id='par_1_7' title="bbox 839 3559 886 3618">
     <span class='ocr_line' id='line_1_37' title="bbox 839 3559 886 3618; baseline 0 -26"><span class='ocrx_word' id='word_1_288' title='bbox 839 3559 886 3618; x_wconf 69' lang='grc'><strong>9*</strong></span> 
     </span>
    </p>
   </div>
   <div class='ocr_carea' id='block_1_8' title="bbox 0 0 1212 3924">
    <p class='ocr_par' dir='ltr' id='par_1_8' title="bbox 0 0 1212 3924">
     <span class='ocr_line' id='line_1_38' title="bbox 0 0 1212 3924; baseline 0 1"><span class='ocrx_word' id='word_1_289' title='bbox 0 0 1212 3924; x_wconf 95' lang='lat' dir='ltr'><strong> </strong></span> 
     </span>
    </p>
   </div>
  </div>
 </body>
</html>
