2414 3924
425 213 758 304 mmmm
914 308 917 312 ,
1033 247 1096 310 m

96 414 193 492 aliquo
211 411 279 472 loco
297 420 420 476 maneat.
457 411 539 486 Quae
553 411 591 470 ita
606 411 688 488 deut,
712 413 737 471 si
758 413 841 471 venis
861 409 1015 484 vinciendo
1036 430 1095 474 me·
1192 411 1195 417 ’

97 498 179 558 dicus
197 496 393 574 prospexerit.
420 492 506 571 Lina,
523 492 626 572 quibus
642 495 737 573 capita
754 513 851 557 earum
864 494 1094 575 continebuntur,

96 590 178 641 extra
195 578 312 657 plagam
338 576 505 657 dependere
529 576 690 638 debebunt:
714 596 805 657 quae,
830 597 903 658 pure
924 587 1006 657 orto,
1032 581 1095 641 sine

95 665 154 724 ullo
182 663 287 723 dolore
316 662 461 722 excident.
501 660 560 739 lpsi
582 670 675 722 autem
700 663 805 742 plagae
827 663 1000 738 injiciendae
1021 664 1095 726 duae

71 748 202 814 alibulae
224 757 302 813 sunt:
327 756 355 806 et
371 747 490 824 insuper
504 745 756 824 medicamentum,
774 764 831 825 quo
847 745 1014 824 glutinetur.
1040 750 1094 809 So·

96 833 135 892 let
163 839 257 892 autem
278 829 419 890 interdum
442 828 477 889 ab
498 828 589 889 altera
610 846 661 890 ora
684 832 882 890 necessarium
903 849 970 890 esse
987 830 1094 910 aliquid

96 915 208 992 excidi,
225 923 255 974 ut
270 915 390 974 cicatrix
404 914 497 989 maior
511 920 540 971 et
553 913 639 972 latior
654 913 713 974 liat,
745 914 832 989 Quod
849 914 897 974 ubi
918 913 1033 992 incidit,
1061 915 1094 975 li·

95 1007 227 1059 namenta
244 1016 334 1077 super
348 1015 404 1057 non
420 996 580 1072 fulcienda,
600 996 653 1057 sed
668 997 773 1057 leviter
794 1008 900 1059 tantum
920 999 1094 1076 imponenda

96 1091 176 1151 sunt:
201 1099 349 1160 supraque
363 1099 408 1157 ea,
425 1098 498 1158 quae
515 1079 763 1141 inflammationem
778 1082 931 1160 repellant,
949 1081 979 1141 id
994 1092 1038 1143 est
1056 1101 1094 1143 ex

63 1188 87 1229 lo
97 1176 181 1227 aceto
206 1166 338 1226 vellana
360 1164 495 1239 succida,
519 1163 567 1223 vel
585 1166 729 1243 spongia:
755 1175 853 1225 cetera
867 1165 985 1243 eadem,
1006 1171 1091 1245 quae,

96 1250 143 1310 ubi
159 1267 214 1328 pus
229 1250 340 1309 moveri
356 1247 458 1323 debet,
475 1246 637 1308 adhihenda
652 1258 725 1308 suut.
762 1249 800 1309 At
814 1267 899 1328 quum
916 1250 989 1310 inira
1006 1250 1093 1312 incidi

97 1341 230 1413 oportet,
253 1333 421 1411 resupinato
436 1330 561 1407 homine,
581 1331 761 1407 subjicienda
783 1332 836 1392 sul)
857 1341 958 1393 scroto
976 1334 1093 1394 sinistra

97 1435 196 1478 manus
222 1425 281 1486 est;
302 1416 406 1476 deinde
424 1414 453 1474 id
470 1414 659 1476 vehementer
672 1416 960 1495 apprehendendum,
977 1427 1006 1477 et
1022 1419 1092 1478 inci·

97 1501 235 1569 dendum;
251 1500 275 1560 si
292 1499 440 1578 parvulum
458 1499 594 1577 estquod
609 1509 714 1577 nocet,
730 1500 852 1578 modice,
874 1508 904 1560 ut
924 1503 1008 1562 tertia
1023 1519 1092 1581 pars

65 1586 224 1662 reintegra,
241 1583 277 1644 ad
293 1582 487 1644 sustinendum
501 1582 679 1659 testiculum,
698 1584 772 1644 inira
787 1584 978 1664 relinquatur:
995 1586 1020 1645 si
1033 1603 1092 1645 ma·

94 1670 142 1746 jus
160 1677 220 1744 est,
237 1669 321 1727 etiam
337 1666 476 1745 amplius,
493 1674 522 1725 ut
544 1666 658 1745 paulum
673 1668 867 1728 tantummodo
885 1667 920 1728 ad
935 1670 1029 1746 imum,
1047 1670 1093 1728 cui

97 1751 391 1812 testiculus-insidere
413 1751 521 1829 possit,
540 1751 682 1828 integrum
698 1763 820 1813 maneat.
852 1751 910 1812 Sed
930 1753 1022 1830 primo
1047 1770 1091 1812 re·

99 1844 162 1896 ctus
182 1835 341 1914 scalpellus
367 1853 450 1914 quarn
482 1833 627 1894 levissima
654 1853 737 1897 manu
761 1837 855 1896 teneri
878 1835 974 1913 debet,
997 1836 1092 1896 donec

59 1970 62 1974 ,
98 1927 225 1979 scrotum
254 1920 347 1998 ipsum
380 1918 511 1978 diducat:
548 1927 604 1977 tum
634 1919 812 1979 inclinandus
841 1938 940 1980 mucro
967 1928 1026 1997 est,
1063 1929 1092 1979 ut

61 2013 280 2066 aotransversas
307 2002 487 2062 membranas
521 2012 619 2078 secet,
658 2021 732 2081 quae
761 2005 836 2063 inter
866 2022 1001 2064 summam
1033 2022 1090 2063 me·

98 2087 229 2164 diamque
244 2089 367 2146 tunicam
382 2095 456 2147 sunt.
477 2086 534 2162 Ac,
550 2087 574 2144 si
588 2085 685 2146 vitium
703 2088 730 2146 in
747 2089 878 2167 proximo
895 2097 955 2164 est,
970 2087 1091 2148 mediam

98 2171 221 2231 tunicam
234 2171 333 2247 attingi
348 2188 405 2230 non
420 2178 551 2249 oportet:
577 2171 600 2228 si
616 2169 668 2229 sub
687 2170 736 2230 illa
753 2189 869 2250 quoque
886 2171 1027 2248 conditur,
1049 2180 1090 2230 et·

98 2258 152 2315 iam
168 2253 218 2314 illa
234 2253 384 2314 incidenda
400 2263 459 2322 est;
486 2255 559 2312 sicut
573 2257 657 2314 tertia
673 2273 804 2334 quoque,
826 2256 850 2314 si
866 2256 916 2316 illa
937 2257 1035 2315 vitium
1049 2263 1090 2314 te·

99 2340 149 2416 git.
182 2338 363 2416 Ubicumque
384 2347 478 2398 autem
500 2336 646 2417 repertum
667 2339 770 2398 malum
796 2347 857 2416 est,
879 2341 1036 2399 ministrum
1054 2337 1091 2398 ab

62 2445 89 2485 aa
99 2422 237 2482 inferiore
254 2431 336 2501 parte
352 2423 514 2500 exprimere
531 2422 679 2482 moderate
695 2431 821 2484 scrotum
839 2432 970 2502 oportet:
1002 2423 1090 2483 medi·

100 2524 179 2581 cnm,
198 2505 288 2583 digito
305 2504 522 2566 manubriolove
539 2505 671 2583 scalpelli
688 2506 831 2567 diductam
848 2507 987 2567 inferiore
1009 2515 1092 2586 parte

98 2591 222 2650 tunicam
236 2599 317 2649 extra
332 2588 496 2657 collocare;
520 2589 623 2648 deiude
644 2607 706 2650 eam
721 2591 913 2668 ferramento,
929 2591 1005 2669 qnod
1022 2609 1038 2650 a
1054 2592 1091 2649 si·

98 2673 254 2734 militudine
275 2691 392 2733 corvum
408 2681 523 2747 vocant,
540 2672 668 2732 incidere
683 2675 726 2732 sic
759 2683 790 2733 ut
807 2677 915 2735 intrare
928 2675 983 2736 duo
999 2673 1090 2750 digiti,
1128 2740 1130 2745 .

98 2757 185 2817 index
202 2767 229 2817 et
245 2757 365 2833 medius,
381 2757 507 2835 possint:
530 2754 574 2814 his
587 2754 691 2815 deinde
699 2755 852 2830 conjectis,
865 2755 1036 2831 excipienda
1046 2774 1090 2815 re·

62 2866 89 2908 30
100 2841 176 2919 liqua
192 2859 259 2919 pars
274 2841 387 2900 tunicae
404 2849 432 2898 et
446 2841 519 2897 inter
535 2838 641 2915 digitos
658 2840 816 2917 scalpellus
828 2841 1018 2900 immittendus
1034 2847 1091 2914 est,

100 2925 338 3002 eximendumque
351 2932 398 2983 aut
416 2921 615 2981 effundendum
629 2924 765 3001 quidquid
777 2933 821 2982 est
833 2926 958 2982 noxium.
986 2922 1090 2997 Quam·

101 3026 222 3087 cumque
240 3017 334 3067 autem
348 3008 470 3066 tunicam
484 3007 546 3083 quis
561 3005 695 3080 violavit,
719 3006 795 3065 illam
810 3024 925 3085 quoque
938 3004 1024 3064 debet
1040 3021 1090 3062 ex-

102 3091 214 3160 cidere;
244 3109 278 3151 ac
300 3091 421 3151 mediam
442 3089 571 3167 quidem,
601 3098 630 3147 ut
645 3107 729 3168 supra
746 3089 820 3166 dixi,
845 3107 928 3167 quam
950 3089 1089 3149 altissime

101 3175 136 3237 ad
150 3177 272 3253 inguen:
296 3178 377 3235 imam
394 3183 496 3250 autem,
512 3172 597 3252 paulo
611 3172 693 3231 inira.
727 3170 861 3232 Ceterum
876 3181 1027 3251 antequam
1040 3191 1089 3231 ex-

62 3258 245 3335 sacidantum
267 3277 360 3319 venae
382 3275 498 3336 quoque
515 3257 614 3315 vinciri
629 3255 687 3314 lino
709 3275 835 3317 summae
851 3256 969 3322 debent:
983 3263 1011 3313 et
1028 3257 1092 3332 ejus
1116 3318 1119 3322 ,

99 3345 149 3404 lini
167 3344 261 3421 capita
277 3353 359 3403 extra
375 3343 489 3421 plagam
503 3340 691 3419 relinquenda
706 3349 788 3417 sunt,
809 3343 881 3402 sicut
895 3342 924 3400 in
939 3339 1002 3399 aliis

101 3445 157 3506 que
172 3427 271 3504 venis,
294 3446 367 3505 quae
390 3426 418 3485 id
440 3426 632 3503 requisierint.
663 3422 707 3484 Eo
722 3425 818 3501 iacto,
844 3422 968 3487 testiculi

44 3576 47 3581 Δ
100 3510 285 3589 reponendus
301 3520 360 3571 est:
389 3527 516 3587 oraeque
540 3511 630 3569 scroti
653 3510 755 3569 suturis
774 3510 896 3571 intense
915 3518 964 3569 cou
