2414 3924
141 177 181 239 30
283 171 288 180 '
448 183 844 234 coenomanorum

142 346 249 404 siccum
265 351 324 418 est,
339 341 479 419 gravidae
491 340 607 419 quidem
624 341 765 415 feminae,
782 341 886 419 quibus
902 352 958 403 tum
975 343 1057 402 adest
1073 361 1141 421 par-

142 439 197 504 tus,
213 427 314 486 abortu
332 425 546 504 periclitantur;
564 441 617 484 ene
634 441 706 484 vero
727 441 801 502 quae
815 427 946 502 gignunt,
962 427 1140 502 imbecillos,

141 515 247 590 vixque
263 509 368 570 vitales
383 509 485 568 edunt:
508 516 626 567 ceteros
641 508 783 586 lippitudo
802 509 891 582 arida,
909 519 948 585 et,
967 513 991 569 si
1007 512 1141 570 seniores

141 604 221 672 sunt,
238 594 413 672 gravedines
427 602 514 671 atque
530 591 742 651 destillationes
757 591 832 651 male
850 592 958 653 babent
976 591 1072 673 (Apu.
1088 594 1140 668 lll,

142 680 208 760 12).
240 678 279 737 Αι
290 679 315 737 si
330 679 448 755 aprima
460 677 555 735 hieme
571 677 659 735 austri
668 676 704 735 ad
716 676 843 735 ultimum
857 695 909 734 ver
928 680 1139 754 continuarunt,
1153 709 1166 747 5

141 765 260 825 laterum
273 762 404 836 dolores,
416 769 446 819 et
456 761 565 819 insania
577 758 808 835 febricitantium,
821 779 904 838 quarn
918 769 1071 840 φρενῖτιν
1084 762 1140 840 (cf.

140 848 196 922 ΠΙ,
214 845 269 926 18)
286 844 451 923 appellant,
467 861 551 923 quam
564 843 717 903 celerrime
731 845 852 920 rapiunt.
877 843 933 904 Ubi
944 863 1016 906 vero
1032 847 1141 906 colora

140 933 232 1010 primo
248 947 319 989 vere
335 946 419 988 orsus
435 936 576 987 aestatem
592 944 708 1006 quoque
725 928 846 987 similem
863 929 998 1005 exhibet,
1015 949 1140 990 necesse

141 1024 186 1075 εει
201 1014 318 1074 multum
334 1013 471 1072 sudorem
488 1013 515 1069 in
529 1010 660 1070 febribus
676 1011 813 1089 subsequi
831 1008 926 1090 (Aple.
946 1013 1003 1089 ΙΙΙ,
1019 1015 1066 1094 6).
1103 1016 1142 1074 Αι

140 1102 165 1158 εἰ
181 1101 258 1158 sicca
274 1107 370 1157 aestas
382 1095 534 1174 aquilones
548 1095 662 1170 babuit,
681 1104 813 1154 autumno
829 1113 900 1154 vcro
916 1097 1023 1156 imbres
1039 1099 1139 1159 austri·
1153 1123 1177 1162 ro

141 1203 198 1262 que
214 1191 294 1257 suut,
318 1190 378 1239 tota
395 1179 505 1254 bieme,
529 1197 603 1258 quae
620 1180 751 1256 proxima
767 1188 827 1254 est,
846 1182 949 1252 tussis,
970 1166 1140 1256 destillatio,

141 1267 280 1339 raucitas,
303 1266 331 1323 in
353 1263 521 1342 quibusdam
546 1264 632 1321 etiam
653 1262 737 1322 tabes
760 1266 850 1322 oritur
872 1262 968 1343 (Apo.
992 1264 1048 1340 ΙΙΙ,
1073 1266 1140 1345 13).

141 1352 191 1410 Sin
206 1358 302 1408 autem
317 1357 465 1407 autumnus
482 1364 598 1425 quoque
615 1365 709 1425 aeque
728 1349 824 1408 siccus
839 1348 940 1408 iisdem
957 1349 1141 1427 aquilonibus

141 1433 290 1513 perdatur,
306 1431 436 1490 omnibus
453 1431 567 1509 quidem
580 1430 760 1491 mollioribus
777 1432 961 1510 corporibus,
977 1435 1051 1492 inter
1066 1451 1141 1511 quae

140 1516 290 1577 muliebria
306 1534 373 1574 esse
390 1517 547 1593 proposui,
570 1516 698 1575 secunda
713 1515 850 1575 valetudo
867 1518 1022 1593 contingit:
1044 1517 1177 1584 durio-15

141 1601 220 1660 ribus
241 1617 313 1659 vero
336 1601 443 1659 instare
464 1608 585 1677 possunt
608 1608 637 1658 et
653 1599 750 1659 aridae
770 1599 972 1678 lippitudines,
995 1610 1025 1660 ει
1039 1601 1140 1660 febres

142 1686 243 1765 partim
259 1694 379 1758 acutae,
405 1686 506 1761 partim
527 1683 648 1759 longam
676 1684 737 1742 etii
753 1684 860 1759 morbi,
878 1686 926 1762 qui
944 1703 981 1743 ex
999 1694 1061 1744 atra
1079 1685 1140 1744 bile

141 1778 297 1829 nascuntur
313 1765 408 1846 (Apu.
424 1766 481 1842 ΙΙΙ,
502 1768 568 1845 14).

205 1852 289 1926 Quod
304 1852 340 1911 ad
355 1861 465 1911 aetates
477 1869 548 1910 vero
561 1852 701 1928 pertinet,
718 1853 800 1928 pueri
810 1853 998 1932 'proximique
1010 1853 1053 1912 bis
1069 1871 1140 1911 vere

142 1939 248 2015 optime
265 1936 377 2011 valent,
395 1945 424 1995 et
441 1944 552 1995 aestate
573 1936 664 2013 prima
679 1937 812 1995 tutissimi
828 1945 907 2004 sunt;
926 1955 1013 1995 senes
1028 1945 1175 2000 aestatem

142 2032 170 2081 et
186 2022 310 2080 autumni
326 2021 417 2098 prima
436 2030 532 2098 parte;
552 2021 679 2095 juvenes
694 2019 805 2095 hieme,
826 2022 932 2099 quique
947 2021 1022 2079 inter
1035 2023 1139 2097 juven·

141 2116 196 2165 tam
219 2114 455 2181 senectutemque
483 2113 556 2164 sunt.
601 2101 746 2162 inimicior
767 2103 884 2163 senibus
911 2105 1019 2178 biems,
1043 2113 1140 2163 aestas

141 2188 375 2249 adolescentibus
392 2197 436 2246 est
452 2185 547 2266 (Apo.
563 2186 619 2263 ΙΙΙ,
638 2185 704 2266 18).
742 2187 812 2246 'lum
834 2189 858 2246 si
880 2206 935 2267 qua
956 2187 1140 2246 imbecillitas

142 2275 246 2345 oritur,
264 2274 423 2349 proximum
440 2282 500 2348 est,
522 2281 552 2331 ut
567 2271 708 2346 infantes,
731 2281 908 2350 tenerosque
923 2271 1016 2331 adhuc
1031 2289 1140 2349 pueros

142 2357 289 2434 serpentia
304 2355 404 2415 ulcera
426 2358 501 2433 oris,
524 2374 598 2433 quae
620 2347 734 2432 ἅφθας
752 2354 856 2416 Graeci
871 2358 1032 2431 nominant,
1050 2356 1176 2420 vomi-25

142 2451 203 2514 tus,
228 2449 386 2499 nocturnae
406 2439 538 2516 vigiliae,
563 2441 670 2499 aurium
687 2440 803 2515 humor,
824 2442 902 2498 circa
919 2440 1082 2499 umbilicum
1099 2441 1139 2497 in·

141 2524 348 2583 damnationes
367 2534 524 2584 exerceant
539 2521 634 2603 (Apa.
647 2523 703 2598 ΙΙΙ,
720 2523 786 2601 24).
825 2521 947 2599 Proprie
970 2524 1055 2582 etiam
1071 2523 1139 2581 den-

142 2610 262 2683 tientes,
291 2611 470 2686 gingivarum
503 2609 753 2682 exulcerationes,
792 2607 969 2682 febriculae,
998 2606 1140 2665 interdum

141 2691 330 2751 distentiones
345 2710 516 2768 nervorum,
540 2691 597 2751 alvi
613 2691 812 2767 dejectiones,
834 2692 1014 2768 maximeque
1031 2691 1141 2749 caninis

141 2774 274 2835 dentibus
290 2777 466 2851 orientibus,
488 2775 563 2835 male
578 2774 693 2834 babent.
725 2774 806 2848 Quae
829 2775 959 2854 pericula
980 2775 1175 2852 plenissimiao

142 2862 281 2936 cujusque
305 2871 384 2938 sunt,
415 2870 444 2920 ει
466 2863 511 2919 cui
531 2861 653 2918 maxime
675 2869 779 2918 venter
803 2860 955 2919 adstrictus
976 2868 1021 2918 est
1042 2855 1139 2935 (Apa.

141 2942 196 3018 lll,
213 2942 279 3023 25).
319 2944 356 3004 Αι
369 2945 418 3004 ubi
433 2954 514 3003 aetas
529 2944 644 3021 paulum
659 2945 821 3021 processit,
838 2942 1010 3019 glandulae,
1031 2950 1060 3000 et
1075 2960 1139 3000 ver-

141 3028 284 3088 tebrarum
300 3047 374 3107 quae
392 3030 418 3085 in
434 3029 516 3105 spina
532 3037 612 3108 sunt,
635 3028 749 3107 aliquae
767 3027 982 3101 inclinationes,
1002 3035 1138 3099 strumae,

141 3130 325 3172 verrucarum
341 3111 480 3191 quaedam
496 3131 606 3188 genera
622 3112 760 3189 dolentia,
776 3103 1023 3189 ἀκροχορδόνες
1036 3108 1140 3169 Graeci

141 3196 305 3274 appellant,
327 3205 356 3254 et
378 3196 459 3273 plura
482 3197 537 3255 alia
561 3195 709 3255 tubercula
730 3197 859 3254 oriuntur
881 3191 975 3273 (Aple.
994 3192 1048 3266 lll,
1072 3193 1177 3272 26).3n

142 3279 301 3357 incipiente
317 3297 387 3338 vero
398 3281 458 3354 jam
473 3280 562 3358 pube,
579 3298 615 3339 ex
631 3279 731 3338 iisdem
748 3280 845 3356 multa,
863 3288 892 3337 et
909 3279 1013 3354 longae
1029 3277 1140 3352 febres,

141 3372 169 3421 et
186 3364 331 3440 sangoinis
355 3382 392 3421 ex
406 3363 523 3423 naribus
542 3382 643 3423 cursus
665 3361 760 3441 (Apo.
779 3362 835 3436 ΙΙΙ,
853 3361 920 3440 27).
957 3360 1141 3438 Maximeque

141 3449 232 3507 omnis
248 3448 387 3525 pueritia,
409 3449 528 3525 primum
552 3448 629 3506 circa
652 3447 901 3524 quadragesimum
918 3447 1010 3517 diem,
1035 3444 1141 3505 deinde
