2414 3924
506 208 747 274 ..204-

117 341 530 430 &torhoswzflegmagogum
537 365 603 417 pur·
670 349 700 418 (p

135 416 277 488 guterium
306 417 382 486 quod
413 418 518 473 droitur
544 418 602 474 eln-

135 489 238 544 terium
257 493 284 543 8.

701 361 732 402 er
759 347 872 402 enetera
899 361 1010 401 osseum
1041 345 1139 401 vesica

670 415 948 488 >

117 553 603 629 {truecoxoszelilisfacisemon
651 551 691 615 ἐν
731 553 984 624 κατακαλύψας
1027 561 1138 627 aposte-

134 629 165 684 id
184 634 228 686 est
244 631 350 686 herbae
369 629 475 686 salviae
494 636 536 686 76.

119 693 302 768 imeritus:
348 700 479 755 lumbrici
533 716 603 770 quos

137 771 240 828 Graeci
258 773 388 827 elmintas
409 771 507 826 dieunt
525 778 567 828 7⁸2.

119 836 363 915 ἐμβροχισμόςε
418 841 603 898 embrocismo

135 916 268 969 curentur
284 914 315 968 id
334 915 378 968 est
391 913 447 968 olei
466 912 603 968 infusione

135 984 285 1040 foveantur
320 990 355 1038 42
393 984 440 1051 (of.
474 984 605 1039 embroca

136 1056 298 1111 embrocare
321 1057 428 1124 possim
455 1071 500 1124 cp.
528 1054 603 1110 Osse.

137 1127 288 1192 „embrooa
296 1143 337 1196 gr.
347 1124 450 1179 infusio
459 1142 544 1193 quam
553 1142 604 1180 nos

127 1196 293 1279 ‚fomentum
312 1195 450 1278 dicimus“
469 1195 559 1278 Sim).

118 1267 605 1419 ‘susurraretur

137 1408 250 1462 occulta
260 1413 303 1462 21.
318 1409 429 1463 rutema
438 1408 604 1464 collectione

137 1494 223 1545 quam
242 1478 383 1548 empiema
396 1479 495 1535 dicunt
507 1485 542 1533 40
557 1480 604 1548 (cf.

117 1550 604 1692 iuguwbzthsxo's:empy(i)oticis

136 1692 187 1761 (sic
208 1708 260 1763 ραι
284 1692 364 1763 Sim.)
387 1692 535 1749 adiutoriis
562 1693 605 1748 nti

138 1767 252 1833 oportet
264 1763 295 1818 id
315 1767 359 1820 est
377 1781 450 1834 quae
467 1764 605 1821 ssniolam

136 1834 245 1891 nutrire
264 1837 380 1891 valeant
400 1842 443 1891 21.

121 1897 301 1978 ἔμφραξιςε
348 1907 385 1962 ad
431 1907 605 1964 obtrusiones

140 1978 271 2048 (anuum)
286 1996 357 2049 quas
369 1978 470 2034 Graeci
483 1979 605 2034 enfraxis

140 2049 270 2115 (eufrosis
289 2067 315 2116 o,
340 2050 426 2104 efresi
443 2053 478 2119 p)
503 2051 606 2104 vocant

138 2123 172 2171 28
198 2119 246 2185 (ad
268 2119 393 2174 eufrasia
416 2117 508 2187 epatis
528 2135 544 2171 c
561 2123 605 2184 44,

136 2188 187 2240 ubi
203 2188 299 2257 etrasi,
313 2189 398 2242 efran
411 2189 452 2256 p).
481 2186 606 2240 enitaris

139 2257 219 2311 Alex.
249 2258 298 2311 lat.
327 2256 474 2326 (eniraxim
500 2255 519 2310 i.
545 2254 605 2322 opi·

138 2325 274 2381 lationem
299 2331 327 2394 1,
354 2333 397 2381 92.
436 2322 558 2378 enfraxis
585 2323 605 2380 i.

137 2396 308 2464 constipatio
327 2402 352 2463 2,
374 2396 446 2465 154).

120 2465 194 2522 κατὰ
232 2461 285 2523 ἔνι
313 2465 402 2549 ‘cocci
438 2464 530 2536 guidii
544 2507 551 2521 .
566 2508 604 2550 :¹

137 2555 227 2608 grana
242 2579 249 2594 .
264 2581 271 2594 .
286 2580 293 2594 .
310 2555 341 2591 m
354 2554 422 2593 uvas
440 2554 535 2608 pausae
550 2555 606 2592 sm·

137 2610 219 2679 gulas
233 2651 239 2666 .
257 2651 263 2666 .
279 2647 286 2660 .
298 2607 398 2664 indues
409 2610 456 2678 (cl.
466 2608 605 2678 includes)

138 2681 167 2734 et
181 2679 263 2735 dabis
278 2720 285 2734 .
301 2720 328 2736 ..
346 2681 411 2736 ceta
427 2681 502 2750 eu(a)
515 2679 545 2735 id
564 2681 607 2734 est

137 2749 302 2820 angulatim
335 2751 511 2821 (singulatim
542 2753 606 2807 eata

138 2838 194 2876 una
212 2824 255 2891 ep)
276 2821 462 2878 comedendos
477 2829 519 2877 76.

120 2883 242 2958 torua:
265 2909 365 2948 enema
382 2893 412 2948 id
431 2894 474 2948 est
491 2892 605 2949 iniectio

142 2967 175 3016 51
199 2964 310 3031 (enema
332 2964 441 3019 colicon
464 2964 606 3020 euodinon

137 3035 194 3103 ia).
227 3035 262 3104 cf.
281 3034 348 3090 Sim.
369 3051 468 3091 enema
493 3035 605 3106 proprie

139 3108 257 3162 vocatur
270 3106 398 3163 decoctio
412 3124 466 3175 que
484 3123 535 3176 per
556 3105 605 3160 cli-

138 3179 241 3234 sterem
259 3176 390 3233 mittitur.

119 3240 256 3321 ἐνετὴρτ
271 3250 409 3319 decoques
425 3291 431 3305 .
448 3289 453 3302 .
471 3291 477 3304 .
493 3250 523 3304 et
541 3266 605 3318 sup-

138 3321 231 3400 posito
255 3320 383 3375 clunibus
407 3319 540 3376 cervicali
564 3319 606 3373 in·

136 3390 205 3444 retes
231 3407 283 3459 per
308 3395 421 3447 enetera
444 3391 475 3445 id
501 3392 545 3445 est
568 3389 605 3444 ti-

138 3459 216 3515 biam
240 3461 416 3517 iniectoriam
435 3466 479 3517 48.
516 3462 551 3529 cs.
571 3465 605 3515 '18

670 631 749 685 mate
764 673 770 686 .
786 671 793 684 .
808 670 815 686 .
830 628 967 684 absconsa
992 631 1022 685 et
1042 629 1073 682 in
1096 630 1137 683 al-

670 699 789 755 tioribus
834 700 974 755 viscerum
1009 699 1137 770 partibus

669 772 739 826 nata
761 769 802 841 (in
825 769 943 826 occultis
969 773 1039 825 uate
1062 770 1136 825 Cael.

671 843 726 898 car.
746 847 776 911 t,
799 843 859 911 91),
882 857 949 895 nam
972 841 1072 897 Graeci
1091 858 1138 896 en-

671 911 829 982 catalppsiu
859 913 887 980 (q
917 912 952 980 cf.
980 912 1063 981 Sim„
1091 930 1138 968 en·

672 983 810 1053 csalipsiu
828 985 853 1052 e)
871 983 976 1038 vocant
992 989 1036 1039 21.

654 1046 865 1120 ἐντύαωσιςι·
909 1071 983 1122 quae
1029 1054 1139 1111 inflatio

672 1123 800 1194 (ventris)
828 1142 892 1180 eum
924 1124 1023 1196 digitis
1053 1125 1140 1181 fuerit

671 1196 810 1322 imtpgreglsta
824 1195 1010 1322 consotaivigatis
1019 1197 1140 1323 ἰριιιιαέι

672 1283 703 1322 os
734 1285 754 1321 n
805 1283 879 1335 ‚qu
964 1284 1040 1323 raeci
1068 1285 1139 1322 en·

693 1337 756 1392 osiu
774 1338 857 1405 (-sis
876 1338 920 1406 cp)
941 1342 1045 1393 vocant
1064 1344 1107 1393 76.

653 1354 691 1476 ἐξ
717 1399 904 1477 ὑποβολῆςι
938 1409 1057 1463 crassius
1086 1410 1138 1463 sub

671 1478 809 1548 palpebre
823 1478 960 1548 inungues
978 1478 1138 1548 (collyrium

672 1550 897 1618 tracomatioum)
915 1551 974 1606 sive
994 1549 1045 1604 sub
1064 1549 1138 1604 ciliis

672 1621 749 1691 quod
772 1619 873 1676 Graeci
897 1618 1076 1690 exhipoboles
1100 1622 1137 1689 (p,

673 1691 836 1761 exipobolos
855 1695 899 1761 cp)
918 1693 1020 1747 vocant
1037 1696 1081 1744 29.

654 1755 892 1835 ὲααφαὶρεσιςι
955 1762 1137 1817 flebotomare

673 1836 787 1905 oportet
827 1836 856 1890 et
897 1832 1046 1890 secundam
1089 1833 1137 1886 de-

673 1906 840 1961 tractionem
858 1905 953 1960 facere
967 1921 1051 1974 quam
1070 1921 1136 1973 epa-

673 1976 796 2031 taeresin
814 1975 964 2045 (-faresin
988 1991 1040 2047 pop
1058 1974 1138 2043 Sim.)

672 2049 777 2102 vocant
812 2053 854 2100 24.
906 2047 1055 2102 secundam
1091 2046 1139 2099 de-

672 2116 841 2171 tractionem
859 2117 947 2172 facias
970 2134 1056 2186 quam
1074 2132 1138 2186 epa-

672 2185 775 2238 feresiu
789 2187 839 2252 (sic
850 2188 879 2255 9)
893 2191 999 2241 uocant
1012 2194 1055 2243 36.
1075 2205 1139 2242 oum

673 2254 796 2306 secunda
809 2255 952 2322 sanguinis
967 2257 1139 2313 detractione

673 2339 759 2392 quam
782 2322 937 2393 epaferesin
964 2331 1069 2383 vocant
1097 2336 1138 2383 73.

655 2387 825 2461 ἐπίθεματ
836 2393 973 2462 epithim
982 2399 1140 2469 (siosemper

672 2463 1138 2538 yemarenteraecimedicamen-

673 2542 734 2593 tum
753 2536 829 2607 quod
845 2536 989 2591 stomacho
1009 2541 1038 2593 et
1055 2557 1138 2607 pree·

674 2608 775 2664 cordiis
794 2608 878 2663 simul
893 2608 923 2662 et
938 2607 1029 2662 ventri
1043 2626 1139 2679 super-

673 2682 808 2750 ponatur,
836 2696 900 2735 eum
927 2679 1014 2734 fuerit
1044 2697 1139 2750 panno

673 2751 820 2806 inunctum
849 2757 883 2806 76
912 2751 960 2820 (cf.
988 2751 1091 2809 Simon.
1116 2770 1138 2807 e.

674 2823 828 2892 epythyma
840 2839 941 2894 graece
952 2825 1139 2894 superpositio

673 2893 856 2963 emplastrum
878 2895 966 2950 molle
988 2895 1034 2950 vel
1054 2912 1138 2964 aquo-

663 2982 734 3046 ⁹sum
754 2963 829 3022 Cass.
848 2965 896 3021 Fe.
915 2967 983 3035 etc).

654 3034 1137 3106 saltuoso:superpositionistem-

672 3122 741 3175 pore
762 3123 848 3175 quam
871 3105 972 3160 Graeci
996 3104 1137 3173 epithesin

673 3179 777 3231 vocant
791 3182 833 3231 51.
872 3177 913 3230 eie
926 3175 1049 3245 (eobani
1062 3179 1138 3243 apud

673 3247 792 3301 Latinos
805 3247 991 3301 emerebatur
1004 3246 1045 3299 set
1054 3248 1136 3300 iater-

668 3319 824 3386 prctctiorse
841 3333 911 3386 qaae
925 3316 1038 3372 Graccis
1056 3319 1138 3371 ctiam

668 3404 723 3457 pro
747 3388 847 3457 epitasi
874 3393 913 3442 est
938 3383 1080 3454 ἐπίθεσις,
1107 3395 1139 3442 at

673 3458 733 3514 Sor.
739 3475 770 3528 p.
781 3462 840 3516 267
851 3458 890 3518 D.
900 3474 961 3528 opp.
972 3455 1135 3530 διάλειμμα)
