2414 3924
141 202 183 267 80
438 214 470 260 s.
487 210 517 263 tt.
535 213 634 264 cunas
651 213 847 262 suamcuusu

138 373 263 449 itenque
285 386 321 429 eo
347 367 447 444 coelo,
470 369 545 447 quod
560 370 652 443 magis
673 368 788 444 digerit.
821 367 865 427 Ob
882 385 966 446 quam
982 386 1099 429 causam
1113 371 1142 430 in

73 469 76 475 ’
136 452 238 514 Africa
252 452 332 512 nullo
345 451 390 511 die
409 469 500 528 aeger
511 451 647 510 abstineri
659 460 739 510 recte
751 451 871 510 videtur.
903 451 1040 512 Maturius
1055 455 1141 514 etiam

137 554 239 617 puero,
256 553 340 614 quarn
351 536 463 610 juveni,
482 543 603 610 aestate,
622 552 706 612 quam
721 533 826 613 hieme,
843 533 904 594 dari
918 534 1015 594 debet.
1045 536 1140 596 Unum

134 619 206 681 illud
223 628 279 695 est,
298 618 374 698 quod
391 636 516 696 semper,
534 617 612 695 quod
628 617 734 695 ubique
751 616 921 678 serrandum
937 627 996 693 est,
1013 628 1042 679 ut
1056 623 1139 697 aegri

134 705 214 763 vires
229 703 350 762 subinde
365 702 495 761 assidens
511 702 638 761 medicus
654 702 803 779 inspiciat,
821 711 851 762 et
868 701 999 780 quamdiu
1017 719 1162 783 supere-s

135 796 216 863 runt,
241 785 413 847 abstinentia
435 793 560 863 pugnet;
581 786 606 843 si
628 784 853 845 imbecillitatem
874 787 971 845 uereri
994 788 1138 866 coeperit,

136 870 203 931 cibo
216 870 376 930 subveniat.
391 868 424 927 ld
436 870 510 928 enim
523 869 587 943 ejus
602 869 729 928 cilicium
742 877 798 944 est,
807 878 837 927 ut
845 886 974 946 aegrum,
984 887 1080 947 neque
1092 889 1138 929 su-

136 972 283 1034 pervacua
298 953 417 1013 materia
430 960 554 1024 oneret,
581 968 676 1027 neque
694 951 919 1011 imbecillitatem
936 954 1011 1012 lanne
1024 953 1138 1030 prodat.

134 1036 224 1116 ldque
235 1035 311 1114 apud
324 1035 526 1094 Erasistratum
542 1051 658 1115 quoque
674 1036 805 1096 invenio:
827 1038 874 1112 qui
892 1037 1021 1114 quamvis
1037 1053 1138 1114 pamm

135 1121 249 1196 docuit,
274 1119 387 1198 quando
409 1127 526 1194 venter,
549 1118 661 1196 quando
685 1135 792 1195 corpus
815 1119 908 1196 ipsum
930 1120 1136 1195 exinaniretur,
1148 1137 1174 1178 ro

135 1202 258 1264 dicendo
282 1212 376 1262 tannen
403 1202 476 1261 haec
502 1219 570 1260 esse
591 1201 729 1276 videnda,
758 1210 788 1261 et
810 1211 868 1261 tum
890 1202 982 1262 cibum
1004 1201 1137 1280 dandum,

136 1304 220 1365 quum
237 1286 354 1363 corpori
371 1284 542 1360 deberetur,
564 1286 634 1345 satis
650 1284 791 1360 ostendit,
816 1285 881 1344 dum
902 1287 980 1345 vires
1001 1304 1137 1366 superes·

135 1378 213 1446 seut,
235 1369 294 1428 dari
318 1385 375 1427 non
400 1377 552 1446 oportere;
579 1388 613 1430 ne
638 1369 812 1444 delicerent,
836 1368 1042 1428 consulendum
1058 1386 1136 1428 esse.

135 1453 181 1513 Ex
194 1452 239 1512 bis
252 1461 345 1511 autern
355 1452 478 1528 intelligi
491 1460 598 1529 potest,
615 1453 651 1513 ab
664 1469 720 1512 uno
736 1451 849 1512 medico
859 1452 962 1512 multos
976 1471 1033 1512 non
1044 1470 1136 1531 posse

136 1537 246 1596 curari:
264 1553 394 1613 eumque,
410 1537 433 1593 si
451 1536 557 1593 artilex
571 1545 626 1611 est,
641 1534 774 1595 idoneum
789 1554 866 1614 esse,
882 1538 930 1614 qui
945 1553 1002 1595 non
1016 1535 1133 1596 multum
1146 1561 1172 1601 rs

134 1619 170 1680 ab
188 1636 279 1695 aegro
295 1617 416 1678 recedit.
446 1617 505 1677 Sed
519 1619 566 1695 qui
584 1619 714 1698 quaestui
728 1620 871 1694 serviunt,
890 1621 1023 1698 quoniam
1037 1621 1063 1678 is
1076 1637 1134 1680 ura·

130 1705 180 1779 jor
194 1720 232 1762 ex
250 1701 359 1781 populo
375 1710 437 1777 est,
454 1701 578 1760 libenter
591 1702 801 1783 amplectuntur
816 1721 850 1762 ea
867 1711 1041 1780 praecepta,
1060 1720 1136 1781 quae

135 1785 315 1845 sedulitatem
330 1801 388 1843 non
404 1786 536 1862 exiguae
560 1795 589 1844 ut
612 1788 640 1845 in
659 1784 715 1846 bac
728 1787 792 1864 ipsa
813 1805 855 1845 re.
885 1786 984 1846 Facile
999 1795 1044 1845 est
1059 1788 1136 1846 enim

135 1869 197 1928 dies
213 1868 261 1930 vel
278 1869 466 1928 accessiones
487 1886 637 1930 numerare
653 1871 687 1928 iis
703 1887 835 1948 quoque,
858 1871 907 1946 qui
930 1887 1048 1946 aegrum
1066 1887 1133 1930 raro

133 1951 248 2012 vident:
273 1952 322 2012 ille
336 1952 464 2011 assideat
476 1970 601 2013 necesse
616 1963 677 2029 est,
694 1955 758 2031 qui,
782 1953 859 2029 quod
875 1953 967 2012 solum
984 1971 1058 2033 opus
1078 1963 1169 2029 esua

132 2036 248 2095 visurus
266 2044 327 2111 est,
352 2036 464 2114 quando
479 2036 561 2096 nimis
580 2034 742 2096 imbecillus
762 2036 873 2094 iuturus
894 2038 945 2111 sit,
967 2039 1021 2096 nisi
1040 2036 1134 2096 cibum

134 2121 293 2198 acceperit.
331 2118 363 2177 ln
384 2119 514 2198 pluribus
543 2129 636 2179 tanuen
657 2119 693 2179 ad
720 2119 828 2178 initium
850 2118 906 2178 cibi
931 2119 993 2179 dies
1014 2129 1134 2198 quartus

133 2203 297 2280 aptissimus
314 2221 382 2261 esse
399 2204 559 2262 consuevit.

195 2285 249 2345 Est
264 2295 358 2345 autem
374 2285 428 2346 alia
447 2288 531 2346 etiarn
546 2285 582 2346 de
598 2286 699 2346 diebus
720 2287 791 2364 ipsis
816 2285 969 2356 dubitatio;
1000 2288 1134 2364 quoniam

134 2369 240 2446 antiqui
264 2370 441 2445 potissimum
462 2371 587 2447 impares
610 2369 820 2448 sequebantur,
842 2388 968 2450 eosque,
989 2379 1168 2447 tamquamsr

134 2461 202 2510 tunc
215 2450 251 2510 de
272 2453 369 2528 aegris
380 2453 570 2530 judicaretur,
585 2452 760 2534 κρισίμους
774 2453 981 2515 nominabant*
997 2453 1084 2531 [adeo
1104 2462 1134 2513 ut

133 2534 328 2612 Hippocrates
351 2533 446 2614 (Aple.
468 2536 526 2613 tv,
547 2538 602 2607 61;
631 2535 725 2598 Coae.
745 2538 836 2616 142),
860 2540 883 2596 si
905 2537 962 2597 alio
980 2535 1027 2594 die
1043 2536 1134 2596 febris

133 2617 285 2692 desiisset,
302 2619 458 2679 recidivam
474 2621 574 2679 timere
590 2623 626 2680 sit
641 2619 767 2700 solitusl.
795 2621 830 2681 lli
848 2629 929 2680 erant
943 2620 1005 2680 dies
1020 2621 1133 2695 tertius,

134 2703 263 2781 quintus,
280 2704 433 2780 septimus,
450 2721 560 2780 nouus,
577 2704 761 2779 undecimus,
778 2703 1039 2783 quartusdecimus,
1061 2721 1133 2761 unus

134 2794 163 2845 et
182 2785 352 2854 vicesimus;
374 2787 413 2845 ita
431 2795 461 2845 ut
475 2805 580 2848 summa
600 2789 726 2865 potentia
744 2789 882 2867 septimo,
899 2786 1002 2847 deinde
1018 2796 1167 2863 quarto-sc

133 2866 263 2943 decimo,
291 2868 394 2928 deinde
417 2871 464 2928 uni
485 2880 513 2929 et
532 2872 672 2931 vicesimo
696 2870 812 2930 daretur
830 2872 885 2951 (ci.
906 2869 986 2948 Aple.
1009 2868 1052 2944 ll,
1075 2870 1131 2939 23;

132 2948 226 3028 ltptd.
243 2951 267 3027 l,
287 2952 340 3022 12;
353 2953 439 3012 Hom.
454 2957 485 3030 4,
502 2955 532 3029 5,
546 2954 593 3031 6).
623 2954 715 3031 Igitur
731 2956 774 3014 sic
789 2971 896 3032 aegros
911 2952 1089 3027 nutriebant,
1102 2961 1133 3012 ut

133 3032 242 3094 dierum
264 3038 412 3114 imparium
438 3040 626 3098 accessiones
655 3046 872 3116 exspectarent;
901 3037 1004 3097 deinde
1028 3044 1133 3113 postea

134 3118 238 3196 cibum,
257 3121 338 3198 quasi
355 3119 513 3179 levioribus
529 3121 745 3182 accessionibus
760 3121 944 3198 instantibus,
961 3120 1070 3180 darent.
1099 3117 1132 3178 ld

132 3202 325 3282 Asclepiades
343 3205 411 3278 jure
432 3213 462 3263 ut
483 3222 587 3263 vanum
610 3205 785 3282 repudiavit;
811 3200 898 3282 atque
922 3206 950 3262 in
972 3201 1050 3262 nullo
1073 3202 1167 3278 die,35

134 3288 199 3363 quia
222 3305 275 3364 par
294 3288 423 3365 imparve
445 3297 539 3364 esset,
562 3290 596 3346 iis
618 3289 665 3347 vel
684 3289 775 3363 maius
792 3289 839 3348 vel
859 3290 951 3347 minus
971 3284 1130 3366 periculum

130 3385 201 3429 esse
217 3370 297 3430 dixit.
327 3371 471 3431 Interdum
484 3374 557 3431 enirn
572 3373 689 3449 pejores
704 3370 767 3431 dios
778 3391 865 3451 pares
877 3372 959 3441 bunt;
978 3379 1007 3430 et
1022 3386 1130 3448 oppor-

128 3454 227 3513 tunius
255 3463 323 3531 post
347 3472 446 3514 eorum
476 3457 664 3515 accessiones
687 3454 769 3515 cibus
793 3453 884 3515 datur.
914 3453 1132 3532 Nonnumquam
