2414 3924
135 195 196 257 284
424 206 456 251 a.
473 203 502 250 c.
519 204 617 252 coner
631 203 825 252 mumoniae

135 361 274 423 catricem
290 359 459 426 inducente:
482 360 617 436 circaque
638 358 714 418 idem
737 358 974 418 medicamentum
995 359 1132 437 dandum,

135 454 165 506 ut
178 446 251 504 cutis
267 446 346 503 circa
360 443 474 521 pinnam
489 452 637 503 sanescat:
656 458 713 521 quo
728 443 770 519 fit,
786 450 815 500 ut
831 459 865 501 ea
881 450 1008 517 remota,
1025 453 1131 521 postea

134 528 258 589 facultas
271 525 404 587 audiendi
418 526 464 585 sit.
495 525 534 585 Αι
550 524 598 585 ubi
613 543 715 601 aures,
735 527 839 584 inviro
859 533 944 604 puta,
961 527 1132 605 perforatae

135 621 216 687 sunt,
240 620 268 670 ιι
285 609 432 670 offendunt
450 608 505 686 (cf.
518 609 591 669 Plin.
607 608 659 685 Xl,
672 609 724 684 37,
738 609 812 688 50),
830 610 968 684 trajicere
984 610 1133 671 idearum

135 696 271 757 celeriter
290 693 431 753 candente
448 711 501 752 acu
516 694 586 752 satis
602 701 663 766 est,
680 700 710 750 ut
724 691 829 751 leviter
847 693 909 767 ejus
924 710 994 753 orae
1011 695 1154 755 eunice-⁵
1186 706 1189 712 '

134 788 249 849 rentur:
276 787 323 837 aut
346 778 431 837 etiam
451 777 589 836 adurente
612 776 819 835 medicamento
842 776 917 835 idem
940 777 1130 838 exulcerare:

134 872 238 944 postea
260 861 364 921 deinde
387 862 537 938 imponere
555 860 583 919 id
598 860 674 938 quod
689 868 809 938 purget:
828 869 885 919 tum
909 860 1068 938 quodcum
1087 862 1130 922 lo·

134 963 198 1009 cum
212 945 342 1024 repleat,
366 954 395 1003 et
410 945 452 1004 sic
474 944 638 1002 cicatricem
655 942 778 1003 inducat.
811 943 896 1018 Quod
912 945 937 1003 si
952 962 1088 1020 magnum
1103 945 1131 1005 id

134 1033 265 1092 foramen
281 1037 339 1104 est,
361 1029 433 1087 sieut
451 1027 527 1088 solet
543 1029 653 1086 esseio
670 1028 719 1102 iis,
742 1027 790 1105 qui
809 1028 920 1102 majora
935 1028 1067 1105 pondera
1083 1048 1130 1089 au·

133 1114 214 1174 ribus
229 1121 396 1190 gesserunt,
417 1110 546 1170 incidere
563 1111 641 1189 quod
658 1120 792 1187 superest
814 1110 851 1170 ad
866 1119 1025 1171 extremum
1040 1130 1129 1191 opor·
1143 1131 1165 1170 ro

134 1206 189 1258 tet:
213 1213 301 1274 supra
316 1194 419 1254 deinde
436 1210 502 1254 oras
519 1194 660 1272 scalpello
672 1193 855 1270 exulcerare,
870 1204 900 1253 et
914 1205 1018 1273 postea
1032 1214 1131 1274 suere,

133 1299 168 1342 ac
184 1277 503 1356 medicamentumque
520 1277 548 1336 id
562 1278 729 1354 glutinetur,
744 1279 904 1356 imponere.
928 1278 1056 1339 Tertium
1074 1290 1131 1356 est,

133 1367 157 1424 si
174 1365 242 1444 quid
258 1365 297 1423 ibi
313 1366 385 1423 curti
401 1373 457 1439 est,
474 1364 599 1423 sarcire·
617 1380 690 1440 quae
706 1382 754 1423 res
768 1381 853 1442 quum
867 1364 896 1421 in
907 1361 998 1422 labris
1011 1381 1130 1442 quoque

133 1457 163 1509 et
177 1447 294 1507 naribus
306 1448 368 1507 sreri
385 1448 492 1525 possit,
509 1446 694 1524 eamdemque
708 1447 793 1506 etiam
810 1447 952 1506 rationem
977 1446 1132 1524 (curandi

131 1532 283 1593 rationem
290 1534 317 1607 ι)
335 1531 456 1608 habeat,
469 1530 550 1589 simul
567 1530 738 1608 explicanda
752 1538 805 1589 est.
1141 1543 1163 1583 rs

483 1767 666 1828 CAPUT
702 1765 771 1828 IX.

199 1886 274 1936 Curta
294 1887 452 1947 inauribus,
473 1887 613 1950 labrisque,
632 1903 662 1936 ac
677 1890 794 1950 naribus,
815 1891 940 1953 quomodo
959 1892 1056 1952 sarciri,

505 1966 529 2020 ιι
548 1974 629 2021 curari
646 1975 752 2038 possint.

197 2124 282 2186 curra
299 2127 385 2202 igitur
402 2128 429 2184 in
447 2126 489 2184 his
506 2125 607 2203 tribus,
625 2128 648 2184 si
667 2144 721 2204 qua
745 2145 833 2205 parva
849 2136 925 2203 sunt,
946 2130 1040 2188 curari
1058 2146 1126 2207 pos-

130 2218 210 2269 sunt:
235 2212 258 2268 si
275 2227 329 2287 qua
348 2211 457 2284 majora
473 2219 554 2285 sunt,
580 2219 626 2269 aut
641 2227 698 2268 non
714 2213 857 2289 recipiunt
873 2214 1062 2289 curationem,
1079 2224 1162 2274 autao

129 2295 167 2353 ita
186 2311 239 2372 per
255 2293 328 2352 hanc
343 2297 436 2371 ipsam
457 2293 662 2369 deformantur,
676 2304 705 2353 ιιι
721 2296 812 2354 minus
827 2295 964 2355 indecora
980 2306 1046 2356 ante
1063 2297 1125 2357 fue·

129 2377 193 2436 rint.
228 2376 325 2454 Atque
341 2379 367 2434 in
385 2395 453 2436 aure
469 2377 582 2454 quidem
597 2387 626 2437 ιι
641 2377 757 2438 naribus
771 2379 937 2439 deformitas
951 2378 1015 2439 sola
1031 2382 1126 2442 timeri

130 2468 241 2540 potest:
265 2463 293 2518 in
311 2460 398 2520 labris
413 2478 500 2538 vero,
523 2464 547 2521 si
564 2463 677 2521 nimium
694 2472 844 2523 contracta
859 2472 939 2540 aunt,
961 2483 1030 2523 usus
1053 2482 1126 2543 quo·

130 2561 186 2621 que
202 2546 370 2604 necessario
382 2545 494 2620 jactura
515 2547 561 2622 fit,
584 2547 648 2625 quia
670 2549 761 2606 minus
779 2547 865 2607 facile
889 2556 918 2606 et
941 2546 1022 2606 cibus
1045 2566 1125 2609 assu·

129 2628 228 2702 mitur,
251 2637 280 2686 et
299 2646 394 2688 sermo
412 2631 583 2709 explicatur.
612 2629 717 2708 Neque
733 2634 807 2690 enim
825 2639 939 2690 creatur
951 2631 989 2690 ibi
1003 2649 1125 2711 corpus,
1137 2654 1162 2693 ιι

129 2710 181 2772 sed
196 2729 233 2770 ex
250 2714 345 2773 vicino
365 2714 525 2773 adducitur:
559 2713 636 2792 quod
652 2715 680 2772 in
695 2714 753 2773 levi
768 2716 925 2775 mutatione
940 2724 968 2774 et
983 2715 1051 2774 nihil
1070 2718 1125 2777 eri·

131 2815 216 2877 pere,
237 2805 266 2855 et
283 2798 385 2858 fallere
409 2799 522 2858 oculum
542 2807 651 2875 potest:
677 2800 704 2856 in
726 2817 828 2876 magna
851 2816 907 2858 non
928 2809 1035 2878 potest.
1065 2800 1124 2860 Ne·

128 2900 185 2960 que
204 2882 296 2942 senile
313 2893 406 2943 autem
424 2900 548 2960 corpus,
572 2899 666 2959 neque
682 2883 759 2961 quod
774 2883 839 2941 mali
855 2882 968 2942 habitus
994 2893 1054 2961 est,
1075 2903 1124 2944 ne-

129 2985 183 3044 que
200 2968 228 3024 io
244 2984 300 3044 quo
316 2967 472 3027 difficulter
487 2965 585 3024 ulcera
606 2977 774 3043 sanescunt,
793 2967 860 3026 huic
882 2967 1042 3027 medicinae
1061 2968 1124 3029 ido-

128 3069 211 3109 neum
228 3060 286 3118 est;
311 3054 376 3129 quia
392 3068 531 3128 nusquam
550 3050 674 3109 celerius
691 3069 796 3110 cancer
811 3060 945 3130 occupat,
959 3061 1007 3112 aut
1020 3052 1122 3112 diflici·
1136 3073 1162 3114 ao

128 3132 182 3192 lius
198 3133 315 3193 tollitur.
347 3133 431 3195 Ratio
451 3135 605 3193 curationis
622 3135 763 3209 ejusmodi
779 3144 823 3194 est
840 3135 894 3213 (cl.
915 3136 947 3196 P.
971 3135 1048 3213 Aeg.
1074 3136 1124 3214 Vl,

128 3216 183 3286 26;
203 3215 311 3291 Antyll.
337 3220 365 3276 in
387 3217 500 3277 Oribas.
525 3216 600 3278 Coll.
623 3218 699 3278 med.
717 3218 800 3294 XLV,
820 3219 891 3297 21):
924 3220 951 3278 id
966 3219 1044 3298 quod
1061 3238 1124 3280 eur·

128 3309 185 3360 tum
200 3308 245 3359 est
260 3303 288 3358 in
304 3301 471 3377 quadratum
488 3301 639 3377 redigere;
661 3301 696 3360 ab
720 3302 903 3362 interioribus
925 3305 987 3378 ejus
1011 3305 1125 3382 angulis

127 3383 218 3445 lineas
233 3393 414 3444 transversas
430 3385 575 3461 incidere,
593 3402 666 3462 quae
683 3387 847 3445 citeriorem
869 3396 979 3465 partem
999 3387 1035 3447 ab
1051 3389 1124 3448 ulte·

127 3467 204 3527 riore
230 3487 268 3526 es
291 3477 351 3527 toto
375 3467 521 3536 diducant3
542 3467 644 3526 deinde
662 3487 711 3546 ea,
735 3488 808 3547 quae
830 3471 872 3528 sic
889 3471 1079 3549 resolvimus,
1096 3474 1160 3539 inan
