2414 3924
110 190 170 253 122
404 199 437 246 s.
453 196 484 245 o.
501 197 601 245 censu
616 195 812 244 numentum

108 358 186 417 sinus
205 353 393 414 vehementer
415 351 596 429 implicitum:
618 349 706 410 orbes
729 368 801 410 vero
816 353 879 427 ejus
896 369 949 430 per
964 350 1106 411 membra-

107 440 190 501 nulas
211 436 318 514 singuli
342 453 405 494 cum
427 433 611 494 inferioribus
636 442 857 503 connectuntur;
887 436 935 512 qui
956 436 985 494 in
1004 433 1105 494 dexte-

107 525 215 584 riorem
243 528 352 599 partem
380 519 528 595 conversi,
564 526 593 576 et
618 536 635 576 e
662 519 784 594 regione
810 518 985 578 dexterioris
1011 535 1106 578 coxae

108 607 194 682 liniti,
216 604 384 681 superiores
407 611 502 661 tamen
525 611 624 679 partes
645 602 737 677 magis
754 602 910 680 complent.
947 601 1060 661 Deinde
1078 600 1106 660 id

107 689 271 750 intestinum
288 705 352 746 cum
364 687 510 745 crassiore
522 685 616 744 altero
628 696 796 745 transverso
809 687 1010 760 committitur,
1028 685 1107 762 quod
1120 711 1132 748 s

108 793 125 836 a
140 774 242 834 dextra
257 779 339 848 parte
354 770 511 846 incipiens,
530 770 559 827 in
573 769 783 829 sinisteriorem
798 770 928 846 pervium
943 779 972 827 et
988 769 1106 844 longum

109 867 168 934 est,
185 858 213 915 in
228 854 423 914 dexteriorem
438 870 494 912 non
510 860 570 918 est:
591 853 717 930 ideoque
732 869 857 912 coecum
871 854 1040 912 nominatur.
1067 851 1106 911 At

109 942 152 1017 id,
172 938 250 1019 quod
266 937 398 1016 pervium
412 946 471 1012 est,
488 936 546 996 late
563 935 656 996 lusum
671 946 755 1014 atque
771 937 927 1013 sinuatum,
953 937 1105 1012 minusque

109 1042 192 1102 quam
218 1021 370 1099 superiora
393 1021 527 1079 intestina
547 1038 717 1095 nervosum,
747 1020 783 1080 ab
804 1028 925 1098 utraque
946 1028 1028 1097 perte
1048 1018 1106 1078 buc

107 1117 195 1186 atque
213 1106 283 1165 illuc
297 1104 441 1179 volutum,
457 1104 549 1179 magis
564 1113 659 1163 tamen
676 1104 872 1163 sinisteriores
890 1102 1104 1181 inferioresque
1115 1120 1142 1160 no

109 1201 208 1270 partes
235 1199 353 1261 tenens,
385 1188 523 1263 contingit
546 1189 632 1262 Jecur
652 1195 739 1264 utque
760 1186 966 1246 ventriculum:
1001 1186 1105 1246 deinde

110 1292 172 1334 cum
189 1271 358 1350 quibusdam
375 1269 577 1330 membranulis
600 1288 616 1329 a
632 1271 747 1330 sinistro
762 1288 832 1330 rene
848 1270 1030 1330 venientibus
1040 1272 1105 1346 jun·

107 1358 200 1435 gitur3
230 1363 316 1431 atque
335 1353 400 1412 hinc
421 1354 523 1413 dextra
544 1363 726 1414 recurvatum
745 1355 773 1412 iu
793 1355 849 1413 imo
873 1354 1020 1431 dirigitur,
1049 1370 1106 1431 que

107 1439 254 1504 excernit;
265 1437 397 1515 ideoque
413 1437 440 1496 id
456 1437 495 1496 ibi
509 1443 625 1498 rectum
639 1437 812 1498 intestinum
826 1439 996 1497 nominatur.
1030 1435 1104 1496 Gon-

107 1523 182 1599 tcgit
196 1537 267 1580 vero
282 1521 416 1580 universa
431 1521 504 1580 baec
523 1531 682 1596 omentum,
705 1539 743 1581 ex
761 1521 899 1582 inferiore
919 1529 1002 1599 parte
1018 1521 1141 1582 laevem

110 1616 140 1667 et
163 1607 306 1678 strictum,
333 1622 370 1662 ex
392 1606 545 1682 superiore
563 1605 692 1674 mollius;
714 1605 759 1664 cui
780 1605 872 1684 adeps
894 1621 1010 1682 quoque
1027 1605 1104 1663 inna-

107 1691 213 1756 scitur;
231 1705 305 1766 quae
319 1706 420 1764 sensu,
435 1689 509 1747 sieut
522 1687 673 1749 cerebrum
686 1706 802 1767 quoque
814 1698 842 1747 et
853 1688 996 1765 medulla,
1014 1697 1104 1748 caret.

108 1773 148 1834 At
162 1791 178 1833 a
193 1771 310 1831 renibus
322 1771 453 1847 singulae
466 1790 576 1847 venae,
592 1772 693 1832 colore
704 1772 802 1848 albae,
821 1771 857 1832 ad
869 1773 997 1832 vesicam
1009 1771 1105 1831 lerun-

108 1867 168 1925 tur;
193 1844 380 1934 οὐρητῆρας
396 1854 499 1916 Graeci
519 1865 641 1934 vocant,
667 1857 745 1934 quod
763 1875 817 1934 per
831 1874 882 1915 eas
897 1855 963 1915 inde
981 1855 1105 1915 descen·

109 1941 224 2001 dentem
236 1940 344 2000 urinam
356 1941 384 1998 in
393 1941 520 1999 vesicam
532 1939 681 2000 destillare
695 1940 870 2018 concipiunt.
890 1938 998 1998 Vesica
1011 1949 1106 1999 autem
1115 1965 1142 2004 20

109 2025 138 2083 in
153 2024 217 2102 ipso
235 2024 296 2082 sinu
315 2040 441 2083 nervosa
457 2032 486 2083 et
501 2023 624 2101 duplex,
642 2025 758 2083 cervice
773 2024 858 2100 plena
871 2032 956 2100 atque
971 2040 1105 2098 carnosa,

105 2108 235 2184 jungitur
257 2124 312 2184 per
331 2125 421 2165 venas
442 2125 505 2166 cum
527 2108 680 2182 intestino,
707 2125 801 2186 eoque
825 2124 909 2184 osse,
937 2107 1015 2185 quod
1036 2106 1105 2184 pubi

109 2191 224 2252 subest:
248 2192 310 2267 ipsa
335 2190 429 2249 soluta
452 2200 538 2268 atque
559 2190 679 2249 liberior
700 2200 759 2250 est:
781 2191 866 2250 aliter
887 2192 915 2249 in
931 2192 1002 2249 viris
1018 2199 1105 2268 atque

108 2275 136 2332 in
159 2274 273 2332 leminis
294 2275 398 2350 posita.
434 2273 506 2332 Nam
521 2274 549 2332 in
564 2274 634 2332 viris
644 2275 728 2350 juxta
743 2283 854 2333 rectum
870 2275 1032 2333 intestinum
1049 2283 1105 2350 est,

109 2357 205 2434 potius
222 2357 250 2413 in
266 2356 407 2417 sinistram
423 2365 533 2434 partem
550 2356 699 2428 inclinata3
713 2358 741 2417 in
753 2358 865 2417 leminis
878 2376 966 2436 super
977 2357 1141 2434 genitalem

110 2456 206 2498 earum
227 2438 281 2496 sita
304 2447 364 2513 est,
389 2458 534 2518 superque
553 2440 671 2518 elapsa,
697 2441 732 2501 ab
753 2442 816 2519 ipsa
836 2441 922 2501 vulva
937 2442 1103 2500 sustinetur.

109 2520 179 2581 'lum
199 2521 227 2579 in
242 2521 377 2581 mosculis
396 2524 451 2583 iter
466 2525 565 2583 urinae
580 2526 736 2603 spatiosius
753 2534 782 2585 et
798 2527 993 2602 compressius
1008 2543 1024 2584 a
1041 2542 1104 2583 cer·

108 2603 273 2679 vice'bujus
290 2605 441 2665 descendit
457 2606 491 2666 ad
508 2608 619 2668 colem:
637 2609 665 2666 in
681 2608 793 2668 leminis
808 2609 925 2668 brevius
938 2619 968 2668 et
978 2607 1104 2686 plenius,

108 2706 198 2765 super
219 2688 324 2747 vulvae
335 2690 485 2749 cervicem
501 2708 534 2749 se
550 2692 686 2752 ostendit.
723 2692 816 2752 Vulva
834 2701 927 2752 autem
943 2695 971 2752 in
987 2691 1104 2768 virgini·

39 2837 42 2840 Α
108 2771 161 2830 bus
182 2771 296 2847 quidem
318 2773 467 2833 admodum
489 2775 593 2851 exigua
616 2785 675 2836 est:
704 2777 731 2836 in
752 2775 921 2835 mulieribus
940 2791 1027 2850 vero,
1050 2774 1141 2834 nisiso

108 2853 156 2913 ubi
172 2855 309 2931 gravidae
326 2869 405 2935 sunt,
427 2874 484 2916 non
501 2858 589 2918 multo
606 2863 711 2936 major,
728 2878 811 2938 quam
828 2867 858 2919 ut
872 2877 955 2919 manu
973 2876 1104 2936 compre·

107 2939 258 2998 hendatur.
296 2941 337 3000 Ea
360 2951 440 3002 recta
456 2951 629 3020 tenuataque
646 2945 781 3017 cervice,
806 2962 891 3021 quem
908 2943 1037 3004 canalem
1052 2957 1104 2999 vo·

109 3031 190 3097 eant,
213 3033 313 3083 contra
327 3025 449 3084 mediam
471 3026 563 3085 alvum
581 3043 666 3102 orsa,
689 3026 756 3085 inde
774 3027 887 3104 paulum
905 3028 939 3086 ad
959 3025 1104 3085 dexterio-

108 3124 169 3165 rem
200 3124 302 3167 coxam
329 3110 521 3177 convertitur;
556 3110 659 3169 deinde
687 3128 777 3188 super
803 3120 914 3169 rectum
941 3109 1104 3168 intestinum

108 3206 281 3267 progressa,
304 3192 359 3250 iliis
383 3192 507 3252 feminae
522 3193 614 3253 latera
630 3211 680 3252 sua
695 3195 822 3253 innectit.
860 3193 926 3273 lpsa
944 3202 1040 3252 autem
1055 3191 1103 3250 ilia
1114 3207 1140 3250 es

106 3273 182 3331 inter
203 3291 292 3334 coras
316 3285 344 3333 et
365 3275 470 3352 pubem
491 3287 547 3336 imo
568 3286 670 3337 ventre
686 3279 781 3355 posita
797 3286 870 3335 sunt.
904 3276 1051 3355 Aquibus
1068 3293 1104 3334 ec

107 3355 183 3432 pube
204 3356 345 3417 abdomen
367 3378 477 3418 sursum
500 3378 603 3419 versus
625 3360 662 3420 ad
688 3359 860 3439 praecordia
888 3360 1037 3438 pervenit;
1067 3358 1103 3417 ab

108 3439 253 3500 exteriore
275 3451 357 3516 parte
379 3442 505 3503 evidenti
531 3453 611 3511 cute;
635 3443 670 3505 ab
693 3445 831 3504 interiore
846 3444 923 3504 laevi
938 3442 1103 3503 membrana
