2414 3924
399 625 444 694 A.
461 618 708 696 CORNELII
721 618 872 696 OELSI

164 793 427 882 ARTIUM
459 791 665 873 LIBER
695 792 1103 873 UNDEOIMUS

589 965 670 1005 IDEM

395 1090 654 1154 MEDICINAE
686 1089 870 1155 SEXTUS.

552 1255 700 1264 ———

508 1400 693 1463 CAPUT
726 1404 752 1461 I.

352 1525 388 1573 De
405 1524 474 1573 vitiis
493 1525 651 1589 singularum
666 1526 780 1590 corporis
799 1525 915 1589 partium.

197 1677 263 1736 Dixi
280 1676 316 1736 de
331 1677 366 1735 iis
385 1677 478 1752 vitiis,
498 1694 590 1754 quae,
611 1694 666 1755 per
681 1685 770 1736 toturn
787 1693 894 1753 corpus
912 1676 1052 1753 orientia,
1068 1695 1128 1736 me-

135 1761 360 1822 dicamentorum
376 1759 482 1820 auxilia
498 1759 682 1820 desiderant:
704 1777 779 1820 nunc
795 1761 830 1821 ad
847 1778 882 1819 ea
900 1761 1030 1835 veniam,
1053 1779 1129 1839 quae

134 1863 192 1905 non
216 1847 270 1904 nisi
293 1846 321 1904 in
345 1844 467 1923 singulis
490 1844 621 1924 partibus
644 1845 774 1905 incidere
796 1853 986 1921 consuerunt,
1011 1862 1098 1904 orsus
1113 1861 1151 1904 aa

135 1930 241 2008 capite·
265 1929 297 1988 ln
311 1929 369 1989 hoc
384 1930 470 2007 igitur
484 1928 597 2007 capillis
610 1928 763 1989 fluentibus
775 1930 896 1989 maxime
912 1928 1025 2006 quidem
1037 1946 1129 2008 saepe

134 2014 265 2074 radendo
288 2015 474 2073 succurritur.
513 2013 622 2090 Adjicit
638 2022 734 2073 autem
750 2014 805 2072 vim
820 2012 968 2091 quamdam
984 2012 1019 2071 ad
1036 2016 1128 2073 conti-

134 2097 257 2158 nendum
285 2098 417 2157 ladanum
446 2115 509 2155 cum
535 2097 604 2156 oleo
627 2100 753 2160 mixtum.
790 2097 872 2156 Nunc
895 2097 931 2155 de
954 2097 988 2156 iis
1012 2097 1129 2176 capillis

135 2182 256 2259 loquor,
273 2183 321 2259 qui
336 2190 404 2259 post
421 2178 550 2239 morbum
562 2180 625 2239 fere
638 2181 735 2241 ilunnt.
760 2181 849 2256 Nam,
867 2198 923 2258 qno
936 2181 1027 2239 minus
1042 2191 1130 2260 caput

135 2265 306 2342 quibusdam
324 2273 419 2323 aetate
438 2261 576 2338 nudetur,
594 2266 724 2325 succurri
740 2266 818 2325 nnllo
835 2265 920 2325 modo
941 2274 1048 2344 potest.
1138 2287 1162 2327 10

503 2462 687 2525 CAPUT
719 2466 770 2524 II.

535 2582 572 2632 De
589 2585 727 2649 porrigine.

198 2715 320 2794 Porrigo
345 2727 438 2778 autem
454 2729 514 2796 est,
540 2719 588 2780 ubi
605 2722 680 2780 inter
696 2721 773 2798 pilos
788 2722 928 2798 quaedam
945 2723 1026 2800 quasi
1044 2740 1127 2799 squa-

134 2800 230 2880 mulae
245 2811 381 2880 surgunt‚
404 2822 517 2882 eaeque
534 2823 550 2864 a
567 2815 633 2865 cute
648 2805 845 2872 resolvuntur;
867 2815 896 2865 et
911 2806 1053 2865 interdum
1069 2825 1126 2865 ma-

135 2885 220 2962 dent,
241 2887 329 2946 multo
354 2889 470 2967 saepius
492 2890 590 2948 siccae
614 2898 687 2948 sunt.
724 2889 814 2968 idque
836 2891 933 2950 evenit
953 2891 1039 2949 modo
1063 2890 1125 2949 sine
1139 2906 1162 2947 m

134 2970 251 3047 ulcere,
281 2972 367 3032 modo
395 2971 564 3032 exulcerato
591 2972 676 3033 loco:
710 2973 775 3033 inuio
800 2992 916 3052 quoqne
940 2974 1026 3033 modo
1049 2974 1126 3034 malo

135 3053 244 3130 odore,
270 3056 356 3115 modo
379 3056 458 3115 nullo
483 3056 651 3116 accedente.
696 3056 830 3137 Fereque
853 3057 882 3117 id
904 3059 931 3116 in
954 3058 1059 3136 capillo
1084 3059 1125 3132 tit,

134 3138 228 3196 rarius
254 3139 281 3196 in
304 3138 412 3214 barba,
441 3140 593 3217 aliquando
615 3143 700 3200 etiam
721 3144 749 3201 in
771 3142 947 3221 supercilio:
976 3160 1011 3202 ac
1030 3160 1128 3220 neque

136 3221 197 3279 sine
215 3221 312 3298 aliquo
329 3224 399 3282 vitio
416 3226 548 3300 corporis
565 3228 709 3299 nascitur,
724 3244 818 3304 neque
832 3245 869 3285 err
881 3235 943 3286 toto
956 3226 1057 3286 inutile
1070 3234 1125 3285 est.

134 3301 206 3362 Nam
222 3304 297 3364 bene
314 3307 426 3382 integro
444 3309 539 3385 capite
558 3326 614 3367 non
633 3310 708 3368 exit:
731 3308 779 3368 ubi
793 3310 910 3387 aliquod
926 3313 954 3369 in
972 3329 1008 3370 eo
1026 3311 1162 3371 vitiumao

135 3395 196 3461 est,
226 3406 282 3446 non
308 3389 517 3449 incommodum
540 3401 586 3451 est
610 3409 746 3452 summam
767 3403 861 3453 cutem
884 3397 979 3471 potius
1003 3393 1126 3454 subinde
