<?xml version="1.0" encoding="UTF-8"?>
<!DOCTYPE html PUBLIC "-//W3C//DTD XHTML 1.0 Transitional//EN"
    "http://www.w3.org/TR/xhtml1/DTD/xhtml1-transitional.dtd">
<html xmlns="http://www.w3.org/1999/xhtml" xml:lang="en" lang="en">
 <head>
  <title>
</title>
<meta http-equiv="Content-Type" content="text/html;charset=utf-8" />
  <meta name='ocr-system' content='tesseract 3.04.00' />
  <meta name='ocr-capabilities' content='ocr_page ocr_carea ocr_par ocr_line ocrx_word'/>
</head>
<body>
  <div class='ocr_page' id='page_1' title='image "./cassiifelicisde00rosegoog_0739.png"; bbox 0 0 2414 3924; ppageno 0'>
   <div class='ocr_carea' id='block_1_1' title="bbox 76 189 671 239">
    <p class='ocr_par' dir='ltr' id='par_1_1' title="bbox 76 189 671 239">
     <span class='ocr_line' id='line_1_1' title="bbox 76 189 671 239; baseline -0.007 0"><span class='ocrx_word' id='word_1_1' title='bbox 76 193 144 239; x_wconf 69' lang='lat' dir='ltr'>sm</span> <span class='ocrx_word' id='word_1_2' title='bbox 458 189 671 238; x_wconf 74' lang='lat' dir='ltr'>mmno.</span> 
     </span>
    </p>
   </div>
   <div class='ocr_carea' id='block_1_2' title="bbox 76 325 1126 3489">
    <p class='ocr_par' dir='ltr' id='par_1_2' title="bbox 76 325 1126 2173">
     <span class='ocr_line' id='line_1_2' title="bbox 76 325 1052 413; baseline -0.004 -19"><span class='ocrx_word' id='word_1_3' title='bbox 76 330 187 394; x_wconf 73' lang='lat' dir='ltr'>form</span> <span class='ocrx_word' id='word_1_4' title='bbox 206 329 380 405; x_wconf 74' lang='grc' dir='ltr'>ιαναφόρα</span> <span class='ocrx_word' id='word_1_5' title='bbox 404 325 514 390; x_wconf 69' lang='lat' dir='ltr'>sdhoe</span> <span class='ocrx_word' id='word_1_6' title='bbox 538 347 607 388; x_wconf 82' lang='lat' dir='ltr'>non</span> <span class='ocrx_word' id='word_1_7' title='bbox 625 327 759 410; x_wconf 74' lang='lat' dir='ltr'>cognita</span> <span class='ocrx_word' id='word_1_8' title='bbox 777 326 843 389; x_wconf 78' lang='lat' dir='ltr'>nisi</span> <span class='ocrx_word' id='word_1_9' title='bbox 867 348 913 390; x_wconf 87' lang='lat' dir='ltr'>ex</span> <span class='ocrx_word' id='word_1_10' title='bbox 933 327 1052 413; x_wconf 84' lang='lat' dir='ltr'>Hesy-</span> 
     </span>
     <span class='ocr_line' id='line_1_3' title="bbox 77 434 1051 522; baseline -0.001 -19"><span class='ocrx_word' id='word_1_11' title='bbox 77 438 167 504; x_wconf 76' lang='lat' dir='ltr'>ebio.</span> <span class='ocrx_word' id='word_1_12' title='bbox 194 435 297 500; x_wconf 69' lang='lat' dir='ltr'>Aliud</span> <span class='ocrx_word' id='word_1_13' title='bbox 309 435 477 500; x_wconf 76' lang='lat' dir='ltr'>Gneeun</span> <span class='ocrx_word' id='word_1_14' title='bbox 496 434 696 500; x_wconf 74' lang='lat' dir='ltr'>rooebnlnm</span> <span class='ocrx_word' id='word_1_15' title='bbox 714 435 861 501; x_wconf 73' lang='lat' dir='ltr'>nondum</span> <span class='ocrx_word' id='word_1_16' title='bbox 880 448 1051 522; x_wconf 71' lang='lat' dir='ltr'>receptum</span> 
     </span>
     <span class='ocr_line' id='line_1_4' title="bbox 77 544 1052 633; baseline -0.001 -20"><span class='ocrx_word' id='word_1_17' title='bbox 77 544 942 633; x_wconf 69' lang='lat' dir='ltr'>innosmlexicalatetinglossaqmepaulo</span> <span class='ocrx_word' id='word_1_18' title='bbox 974 558 1052 612; x_wconf 80' lang='lat' dir='ltr'>ante</span> 
     </span>
     <span class='ocr_line' id='line_1_5' title="bbox 80 655 1052 745; baseline 0.001 -24"><span class='ocrx_word' id='word_1_19' title='bbox 80 664 133 745; x_wconf 76' lang='lat' dir='ltr'>(p.</span> <span class='ocrx_word' id='word_1_20' title='bbox 153 658 209 738; x_wconf 75' lang='grc' dir='ltr'>ὀῖ,</span> <span class='ocrx_word' id='word_1_21' title='bbox 228 656 269 740; x_wconf 78' lang='lat'>2)</span> <span class='ocrx_word' id='word_1_22' title='bbox 299 657 443 742; x_wconf 81' lang='lat' dir='ltr'>primurn</span> <span class='ocrx_word' id='word_1_23' title='bbox 463 656 603 740; x_wconf 68' lang='lat' dir='ltr'>margini</span> <span class='ocrx_word' id='word_1_24' title='bbox 623 655 794 744; x_wconf 71' lang='lat' dir='ltr'>adscripta</span> <span class='ocrx_word' id='word_1_25' title='bbox 813 657 896 739; x_wconf 79' lang='lat' dir='ltr'>fuit,</span> <span class='ocrx_word' id='word_1_26' title='bbox 922 668 995 722; x_wconf 82' lang='lat' dir='ltr'>tnrn</span> <span class='ocrx_word' id='word_1_27' title='bbox 1015 660 1052 722; x_wconf 90' lang='lat' dir='ltr'>in</span> 
     </span>
     <span class='ocr_line' id='line_1_6' title="bbox 78 765 1052 855; baseline 0 -21"><span class='ocrx_word' id='word_1_28' title='bbox 78 780 273 834; x_wconf 72' lang='lat' dir='ltr'>contextum</span> <span class='ocrx_word' id='word_1_29' title='bbox 285 768 464 832; x_wconf 80' lang='lat' dir='ltr'>verborum</span> <span class='ocrx_word' id='word_1_30' title='bbox 478 765 585 830; x_wconf 70' lang='lat' dir='ltr'>illata.</span> <span class='ocrx_word' id='word_1_31' title='bbox 617 767 688 832; x_wconf 81' lang='lat' dir='ltr'>Ubi</span> <span class='ocrx_word' id='word_1_32' title='bbox 700 767 847 833; x_wconf 67' lang='lat' dir='ltr'>dubiuri</span> <span class='ocrx_word' id='word_1_33' title='bbox 859 791 928 833; x_wconf 89' lang='lat' dir='ltr'>non</span> <span class='ocrx_word' id='word_1_34' title='bbox 941 779 1052 855; x_wconf 82' lang='lat' dir='ltr'>potest</span> 
     </span>
     <span class='ocr_line' id='line_1_7' title="bbox 78 877 1052 966; baseline -0.002 -22"><span class='ocrx_word' id='word_1_35' title='bbox 78 882 160 966; x_wconf 84' lang='lat' dir='ltr'>quin</span> <span class='ocrx_word' id='word_1_36' title='bbox 188 892 278 942; x_wconf 81' lang='lat' dir='ltr'>recte</span> <span class='ocrx_word' id='word_1_37' title='bbox 310 882 506 941; x_wconf 65' lang='lat' dir='ltr'>moerim</span> <span class='ocrx_word' id='word_1_38' title='bbox 536 878 708 964; x_wconf 68' lang='lat' dir='ltr'>scripserit</span> <span class='ocrx_word' id='word_1_39' title='bbox 739 877 864 942; x_wconf 74' lang='lat' dir='ltr'>Iabnus</span> <span class='ocrx_word' id='word_1_40' title='bbox 896 877 1052 943; x_wconf 76' lang='lat' dir='ltr'>lenaeum</span> 
     </span>
     <span class='ocr_line' id='line_1_8' title="bbox 79 986 1052 1074; baseline 0.001 -22"><span class='ocrx_word' id='word_1_41' title='bbox 79 988 237 1054; x_wconf 80' lang='lat' dir='ltr'>Vossium</span> <span class='ocrx_word' id='word_1_42' title='bbox 263 1002 415 1069; x_wconf 76' lang='lat' dir='ltr'>secnms3</span> <span class='ocrx_word' id='word_1_43' title='bbox 449 986 539 1072; x_wconf 82' lang='lat' dir='ltr'>quod</span> <span class='ocrx_word' id='word_1_44' title='bbox 564 1000 674 1052; x_wconf 71' lang='lat' dir='ltr'>aaran</span> <span class='ocrx_word' id='word_1_45' title='bbox 699 988 736 1050; x_wconf 90' lang='lat' dir='ltr'>in</span> <span class='ocrx_word' id='word_1_46' title='bbox 761 989 875 1053; x_wconf 81' lang='lat' dir='ltr'>codiee</span> <span class='ocrx_word' id='word_1_47' title='bbox 901 990 1052 1074; x_wconf 80' lang='lat' dir='ltr'>sequitur</span> 
     </span>
     <span class='ocr_line' id='line_1_9' title="bbox 80 1097 1053 1180; baseline 0 -18"><span class='ocrx_word' id='word_1_48' title='bbox 80 1107 247 1178; x_wconf 63' lang='lat' dir='ltr'>esame,</span> <span class='ocrx_word' id='word_1_49' title='bbox 267 1098 305 1164; x_wconf 78' lang='lat' dir='ltr'>id</span> <span class='ocrx_word' id='word_1_50' title='bbox 316 1120 379 1162; x_wconf 81' lang='lat' dir='ltr'>neo</span> <span class='ocrx_word' id='word_1_51' title='bbox 393 1101 518 1171; x_wconf 61' lang='lat' dir='ltr'>enm</span> <span class='ocrx_word' id='word_1_52' title='bbox 537 1108 577 1161; x_wconf 80' lang='lat' dir='ltr'>ut</span> <span class='ocrx_word' id='word_1_53' title='bbox 588 1099 696 1162; x_wconf 73' lang='lat' dir='ltr'>sunsit</span> <span class='ocrx_word' id='word_1_54' title='bbox 709 1097 840 1180; x_wconf 75' lang='lat' dir='ltr'>Carrio,</span> <span class='ocrx_word' id='word_1_55' title='bbox 860 1121 923 1163; x_wconf 83' lang='lat' dir='ltr'>nee</span> <span class='ocrx_word' id='word_1_56' title='bbox 936 1098 1053 1163; x_wconf 78' lang='lat' dir='ltr'><strong>Lach-</strong></span> 
     </span>
     <span class='ocr_line' id='line_1_10' title="bbox 79 1205 1052 1293; baseline -0.001 -20"><span class='ocrx_word' id='word_1_57' title='bbox 79 1211 292 1273; x_wconf 76' lang='lat' dir='ltr'>mannianurn</span> <span class='ocrx_word' id='word_1_58' title='bbox 321 1215 464 1272; x_wconf 57' lang='lat' dir='ltr'>onmem</span> <span class='ocrx_word' id='word_1_59' title='bbox 488 1208 595 1271; x_wconf 79' lang='lat' dir='ltr'>inisse</span> <span class='ocrx_word' id='word_1_60' title='bbox 620 1205 769 1289; x_wconf 78' lang='lat' dir='ltr'>videtur,</span> <span class='ocrx_word' id='word_1_61' title='bbox 796 1207 857 1272; x_wconf 84' lang='lat' dir='ltr'>sed</span> <span class='ocrx_word' id='word_1_62' title='bbox 877 1208 914 1272; x_wconf 88' lang='lat' dir='ltr'>id</span> <span class='ocrx_word' id='word_1_63' title='bbox 940 1211 1052 1293; x_wconf 89' lang='lat' dir='ltr'>ipsum</span> 
     </span>
     <span class='ocr_line' id='line_1_11' title="bbox 80 1317 1126 1404; baseline 0.001 -23"><span class='ocrx_word' id='word_1_64' title='bbox 80 1318 168 1404; x_wconf 86' lang='lat' dir='ltr'>quod</span> <span class='ocrx_word' id='word_1_65' title='bbox 189 1317 376 1382; x_wconf 72' lang='lat' dir='ltr'>Nunnesius</span> <span class='ocrx_word' id='word_1_66' title='bbox 402 1319 638 1403; x_wconf 73' lang='lat' dir='ltr'>interpretetus</span> <span class='ocrx_word' id='word_1_67' title='bbox 658 1329 711 1382; x_wconf 84' lang='lat' dir='ltr'>est</span> <span class='ocrx_word' id='word_1_68' title='bbox 731 1325 785 1396; x_wconf 67' lang='lat' dir='ltr'>qui</span> <span class='ocrx_word' id='word_1_69' title='bbox 803 1325 906 1383; x_wconf 81' lang='lat' dir='ltr'>eversi</span> <span class='ocrx_word' id='word_1_70' title='bbox 923 1331 1053 1382; x_wconf 78' lang='lat' dir='ltr'>contra-</span> <span class='ocrx_word' id='word_1_71' title='bbox 1123 1358 1126 1363; x_wconf 61' lang='lat'>&gt;</span> 
     </span>
     <span class='ocr_line' id='line_1_12' title="bbox 80 1426 1053 1507; baseline 0.001 -17"><span class='ocrx_word' id='word_1_72' title='bbox 80 1436 142 1492; x_wconf 79' lang='lat' dir='ltr'>rios</span> <span class='ocrx_word' id='word_1_73' title='bbox 164 1434 251 1507; x_wconf 79' lang='lat' dir='ltr'>polos</span> <span class='ocrx_word' id='word_1_74' title='bbox 276 1439 426 1506; x_wconf 76' lang='lat' dir='ltr'><em>spectent:</em></span> <span class='ocrx_word' id='word_1_75' title='bbox 452 1437 488 1492; x_wconf 79' lang='lat' dir='ltr'>at</span> <span class='ocrx_word' id='word_1_76' title='bbox 514 1448 594 1492; x_wconf 79' lang='lat' dir='ltr'>vero</span> <span class='ocrx_word' id='word_1_77' title='bbox 620 1426 685 1492; x_wconf 84' lang='lat' dir='ltr'>hoo</span> <span class='ocrx_word' id='word_1_78' title='bbox 704 1450 773 1492; x_wconf 91' lang='lat' dir='ltr'>non</span> <span class='ocrx_word' id='word_1_79' title='bbox 799 1439 851 1494; x_wconf 85' lang='lat' dir='ltr'>est</span> <span class='ocrx_word' id='word_1_80' title='bbox 871 1429 1053 1505; x_wconf 76' lang='lat' dir='ltr'>barbarum</span> 
     </span>
     <span class='ocr_line' id='line_1_13' title="bbox 81 1535 1053 1618; baseline -0.002 -16"><span class='ocrx_word' id='word_1_81' title='bbox 81 1544 267 1618; x_wconf 63' lang='lat' dir='ltr'>anemae,</span> <span class='ocrx_word' id='word_1_82' title='bbox 289 1549 328 1602; x_wconf 90' lang='lat' dir='ltr'>ut</span> <span class='ocrx_word' id='word_1_83' title='bbox 346 1538 404 1602; x_wconf 86' lang='lat' dir='ltr'>ille</span> <span class='ocrx_word' id='word_1_84' title='bbox 424 1535 547 1618; x_wconf 74' lang='lat' dir='ltr'>voluit,</span> <span class='ocrx_word' id='word_1_85' title='bbox 573 1536 634 1601; x_wconf 84' lang='lat' dir='ltr'>sed</span> <span class='ocrx_word' id='word_1_86' title='bbox 654 1544 825 1617; x_wconf 62' lang='lat' dir='ltr'>mtrieopoe</span> <span class='ocrx_word' id='word_1_87' title='bbox 846 1539 917 1603; x_wconf 85' lang='lat' dir='ltr'>sive</span> <span class='ocrx_word' id='word_1_88' title='bbox 939 1537 1053 1602; x_wconf 82' lang='lat' dir='ltr'>Grae-</span> 
     </span>
     <span class='ocr_line' id='line_1_14' title="bbox 80 1647 1053 1734; baseline -0.006 -18"><span class='ocrx_word' id='word_1_89' title='bbox 80 1672 157 1716; x_wconf 84' lang='lat' dir='ltr'>eum</span> <span class='ocrx_word' id='word_1_90' title='bbox 177 1650 373 1715; x_wconf 72' lang='grc' dir='ltr'>ἀνῐίαοποι</span> <span class='ocrx_word' id='word_1_91' title='bbox 414 1648 568 1733; x_wconf 83' lang='lat' dir='ltr'>Denique</span> <span class='ocrx_word' id='word_1_92' title='bbox 594 1648 696 1711; x_wconf 73' lang='lat' dir='ltr'>etism</span> <span class='ocrx_word' id='word_1_93' title='bbox 716 1647 808 1734; x_wconf 80' lang='lat' dir='ltr'><strong>apud</strong></span> <span class='ocrx_word' id='word_1_94' title='bbox 827 1650 938 1734; x_wconf 87' lang='lat' dir='ltr'>ipsum</span> <span class='ocrx_word' id='word_1_95' title='bbox 959 1647 1053 1712; x_wconf 88' lang='lat' dir='ltr'>Cen-</span> 
     </span>
     <span class='ocr_line' id='line_1_15' title="bbox 80 1757 1053 1827; baseline -0.004 -1"><span class='ocrx_word' id='word_1_96' title='bbox 80 1762 228 1827; x_wconf 85' lang='lat' dir='ltr'>sorinum</span> <span class='ocrx_word' id='word_1_97' title='bbox 241 1757 409 1823; x_wconf 77' lang='lat' dir='ltr'><strong>insolitam</strong></span> <span class='ocrx_word' id='word_1_98' title='bbox 422 1758 563 1823; x_wconf 77' lang='lat' dir='ltr'>formam</span> <span class='ocrx_word' id='word_1_99' title='bbox 576 1757 740 1822; x_wconf 77' lang='lat' dir='ltr'><strong>Graecam</strong></span> <span class='ocrx_word' id='word_1_100' title='bbox 749 1757 884 1823; x_wconf 75' lang='lat' dir='ltr'>Halmio</span> <span class='ocrx_word' id='word_1_101' title='bbox 897 1769 1053 1824; x_wconf 86' lang='lat' dir='ltr'>monente</span> 
     </span>
     <span class='ocr_line' id='line_1_16' title="bbox 81 1867 1059 1953; baseline -0.006 -16"><span class='ocrx_word' id='word_1_102' title='bbox 81 1894 99 1937; x_wconf 89' lang='lat' dir='ltr'>e</span> <span class='ocrx_word' id='word_1_103' title='bbox 120 1870 235 1936; x_wconf 79' lang='lat' dir='ltr'>codiee</span> <span class='ocrx_word' id='word_1_104' title='bbox 255 1868 404 1948; x_wconf 85' lang='lat' dir='ltr'>restitui,</span> <span class='ocrx_word' id='word_1_105' title='bbox 430 1875 616 1932; x_wconf 72' lang='lat' dir='ltr'>enneaeten&#39;s</span> <span class='ocrx_word' id='word_1_106' title='bbox 635 1890 668 1953; x_wconf 87' lang='lat' dir='ltr'>p.</span> <span class='ocrx_word' id='word_1_107' title='bbox 688 1868 746 1948; x_wconf 76' lang='lat'>37,</span> <span class='ocrx_word' id='word_1_108' title='bbox 768 1868 825 1949; x_wconf 80' lang='lat'>12,</span> <span class='ocrx_word' id='word_1_109' title='bbox 854 1869 909 1931; x_wconf 86' lang='lat' dir='ltr'>oui</span> <span class='ocrx_word' id='word_1_110' title='bbox 930 1867 1059 1931; x_wconf 70' lang='lat' dir='ltr'>similis</span> 
     </span>
     <span class='ocr_line' id='line_1_17' title="bbox 81 1976 1051 2062; baseline -0.004 -16"><span class='ocrx_word' id='word_1_111' title='bbox 81 1991 157 2046; x_wconf 87' lang='lat' dir='ltr'>sunt</span> <span class='ocrx_word' id='word_1_112' title='bbox 184 1979 349 2046; x_wconf 84' lang='grc' dir='ltr'>ἑννεαετία</span> <span class='ocrx_word' id='word_1_113' title='bbox 375 1989 408 2042; x_wconf 85' lang='lat' dir='ltr'>et</span> <span class='ocrx_word' id='word_1_114' title='bbox 433 1979 618 2058; x_wconf 70' lang='grc' dir='ltr'>ἑννεαετήι,</span> <span class='ocrx_word' id='word_1_115' title='bbox 644 1978 686 2042; x_wconf 87' lang='lat' dir='ltr'>de</span> <span class='ocrx_word' id='word_1_116' title='bbox 712 1978 833 2062; x_wconf 90' lang='lat' dir='ltr'>quibus</span> <span class='ocrx_word' id='word_1_117' title='bbox 860 1976 937 2042; x_wconf 87' lang='lat' dir='ltr'>vide</span> <span class='ocrx_word' id='word_1_118' title='bbox 959 1977 1051 2042; x_wconf 90' lang='lat' dir='ltr'>Din-</span> 
     </span>
     <span class='ocr_line' id='line_1_18' title="bbox 82 2087 628 2173; baseline -0.009 -17"><span class='ocrx_word' id='word_1_119' title='bbox 82 2091 203 2156; x_wconf 86' lang='lat' dir='ltr'>dorfios</span> <span class='ocrx_word' id='word_1_120' title='bbox 226 2090 259 2153; x_wconf 91' lang='lat' dir='ltr'>in</span> <span class='ocrx_word' id='word_1_121' title='bbox 282 2087 442 2173; x_wconf 78' lang='lat' dir='ltr'>Stephani</span> <span class='ocrx_word' id='word_1_122' title='bbox 463 2090 628 2153; x_wconf 78' lang='lat' dir='ltr'>thesauro.</span> 
     </span>
    </p>

    <p class='ocr_par' dir='ltr' id='par_1_3' title="bbox 81 2197 1055 3489">
     <span class='ocr_line' id='line_1_19' title="bbox 166 2197 1053 2284; baseline -0.002 -21"><span class='ocrx_word' id='word_1_123' title='bbox 166 2199 303 2264; x_wconf 82' lang='lat' dir='ltr'>Monent</span> <span class='ocrx_word' id='word_1_124' title='bbox 331 2221 384 2262; x_wconf 90' lang='lat' dir='ltr'>me</span> <span class='ocrx_word' id='word_1_125' title='bbox 403 2197 485 2262; x_wconf 84' lang='lat' dir='ltr'>haee</span> <span class='ocrx_word' id='word_1_126' title='bbox 507 2199 636 2262; x_wconf 80' lang='lat' dir='ltr'>Graeca</span> <span class='ocrx_word' id='word_1_127' title='bbox 656 2207 694 2262; x_wconf 84' lang='lat' dir='ltr'>ut</span> <span class='ocrx_word' id='word_1_128' title='bbox 714 2198 830 2284; x_wconf 84' lang='lat' dir='ltr'><strong>paucis</strong></span> <span class='ocrx_word' id='word_1_129' title='bbox 858 2198 1053 2282; x_wconf 82' lang='lat' dir='ltr'>significem,</span> 
     </span>
     <span class='ocr_line' id='line_1_20' title="bbox 83 2307 1053 2396; baseline -0.001 -22"><span class='ocrx_word' id='word_1_130' title='bbox 83 2331 181 2396; x_wconf 82' lang='lat' dir='ltr'>quarn</span> <span class='ocrx_word' id='word_1_131' title='bbox 204 2330 353 2374; x_wconf 79' lang='lat' dir='ltr'>normam</span> <span class='ocrx_word' id='word_1_132' title='bbox 374 2316 407 2371; x_wconf 84' lang='lat' dir='ltr'>et</span> <span class='ocrx_word' id='word_1_133' title='bbox 429 2308 464 2371; x_wconf 91' lang='lat' dir='ltr'>in</span> <span class='ocrx_word' id='word_1_134' title='bbox 480 2307 616 2371; x_wconf 83' lang='lat' dir='ltr'>Graecis</span> <span class='ocrx_word' id='word_1_135' title='bbox 638 2307 808 2373; x_wconf 79' lang='lat' dir='ltr'>voca-bulis</span> <span class='ocrx_word' id='word_1_136' title='bbox 830 2310 919 2373; x_wconf 85' lang='lat' dir='ltr'>etin</span> <span class='ocrx_word' id='word_1_137' title='bbox 940 2331 1053 2373; x_wconf 90' lang='lat' dir='ltr'>nume-</span> 
     </span>
     <span class='ocr_line' id='line_1_21' title="bbox 82 2405 1054 2503; baseline -0.001 -20"><span class='ocrx_word' id='word_1_138' title='bbox 82 2421 129 2483; x_wconf 87' lang='lat' dir='ltr'>ris</span> <span class='ocrx_word' id='word_1_139' title='bbox 159 2417 342 2482; x_wconf 82' lang='lat' dir='ltr'>scribendis</span> <span class='ocrx_word' id='word_1_140' title='bbox 365 2428 497 2482; x_wconf 83' lang='lat' dir='ltr'>secutus</span> <span class='ocrx_word' id='word_1_141' title='bbox 520 2418 594 2480; x_wconf 89' lang='lat' dir='ltr'>sim.</span> <span class='ocrx_word' id='word_1_142' title='bbox 638 2417 821 2481; x_wconf 77' lang='lat' dir='ltr'>Nemeum</span> <span class='ocrx_word' id='word_1_143' title='bbox 848 2441 891 2482; x_wconf 86' lang='lat' dir='ltr'>ex</span> <span class='ocrx_word' id='word_1_144' title='bbox 911 2405 1054 2503; x_wconf 66' lang='lat' dir='ltr'>atrotiue</span> 
     </span>
     <span class='ocr_line' id='line_1_22' title="bbox 83 2525 1055 2613; baseline -0.001 -22"><span class='ocrx_word' id='word_1_145' title='bbox 83 2549 202 2613; x_wconf 84' lang='lat' dir='ltr'>genere</span> <span class='ocrx_word' id='word_1_146' title='bbox 217 2527 380 2613; x_wconf 82' lang='lat' dir='ltr'>permulta</span> <span class='ocrx_word' id='word_1_147' title='bbox 394 2549 453 2612; x_wconf 88' lang='lat' dir='ltr'>pro</span> <span class='ocrx_word' id='word_1_148' title='bbox 468 2528 633 2592; x_wconf 80' lang='lat' dir='ltr'>brevitate</span> <span class='ocrx_word' id='word_1_149' title='bbox 648 2525 725 2591; x_wconf 89' lang='lat' dir='ltr'>libri</span> <span class='ocrx_word' id='word_1_150' title='bbox 744 2529 949 2612; x_wconf 81' lang='lat' dir='ltr'>reperiantur</span> <span class='ocrx_word' id='word_1_151' title='bbox 963 2528 1055 2612; x_wconf 85' lang='lat' dir='ltr'>apud</span> 
     </span>
     <span class='ocr_line' id='line_1_23' title="bbox 83 2636 1053 2721; baseline -0.001 -18"><span class='ocrx_word' id='word_1_152' title='bbox 83 2637 318 2718; x_wconf 83' lang='lat' dir='ltr'>Censorinum,</span> <span class='ocrx_word' id='word_1_153' title='bbox 354 2637 486 2701; x_wconf 92' lang='lat' dir='ltr'>minime</span> <span class='ocrx_word' id='word_1_154' title='bbox 517 2660 557 2701; x_wconf 82' lang='lat' dir='ltr'>ea</span> <span class='ocrx_word' id='word_1_155' title='bbox 588 2659 641 2701; x_wconf 87' lang='lat' dir='ltr'>res</span> <span class='ocrx_word' id='word_1_156' title='bbox 672 2636 877 2721; x_wconf 83' lang='lat' dir='ltr'>neglegenda</span> <span class='ocrx_word' id='word_1_157' title='bbox 908 2637 1053 2703; x_wconf 84' lang='lat' dir='ltr'>videtur.</span> 
     </span>
     <span class='ocr_line' id='line_1_24' title="bbox 82 2746 1053 2832; baseline -0.001 -21"><span class='ocrx_word' id='word_1_158' title='bbox 82 2747 229 2812; x_wconf 91' lang='lat' dir='ltr'>Primum</span> <span class='ocrx_word' id='word_1_159' title='bbox 251 2756 361 2811; x_wconf 82' lang='lat' dir='ltr'>autem</span> <span class='ocrx_word' id='word_1_160' title='bbox 382 2746 445 2812; x_wconf 86' lang='lat' dir='ltr'>hoo</span> <span class='ocrx_word' id='word_1_161' title='bbox 465 2747 546 2810; x_wconf 90' lang='lat' dir='ltr'>mihi</span> <span class='ocrx_word' id='word_1_162' title='bbox 567 2767 762 2832; x_wconf 83' lang='lat' dir='ltr'>persuasum</span> <span class='ocrx_word' id='word_1_163' title='bbox 788 2768 861 2810; x_wconf 88' lang='lat' dir='ltr'>esse</span> <span class='ocrx_word' id='word_1_164' title='bbox 882 2746 1053 2832; x_wconf 81' lang='lat' dir='ltr'>profiteor,</span> 
     </span>
     <span class='ocr_line' id='line_1_25' title="bbox 84 2854 1054 2942; baseline -0.001 -20"><span class='ocrx_word' id='word_1_165' title='bbox 84 2867 209 2922; x_wconf 82' lang='lat' dir='ltr'>certam</span> <span class='ocrx_word' id='word_1_166' title='bbox 231 2856 337 2940; x_wconf 82' lang='lat' dir='ltr'>legem</span> <span class='ocrx_word' id='word_1_167' title='bbox 359 2877 464 2942; x_wconf 90' lang='lat' dir='ltr'>neque</span> <span class='ocrx_word' id='word_1_168' title='bbox 492 2855 573 2920; x_wconf 85' lang='lat' dir='ltr'>alios</span> <span class='ocrx_word' id='word_1_169' title='bbox 596 2857 772 2941; x_wconf 78' lang='lat' dir='ltr'>scriptores</span> <span class='ocrx_word' id='word_1_170' title='bbox 794 2854 968 2942; x_wconf 88' lang='lat' dir='ltr'>plerosque</span> <span class='ocrx_word' id='word_1_171' title='bbox 990 2879 1054 2921; x_wconf 87' lang='lat' dir='ltr'>nee</span> 
     </span>
     <span class='ocr_line' id='line_1_26' title="bbox 83 2964 1054 3052; baseline 0.001 -21"><span class='ocrx_word' id='word_1_172' title='bbox 83 2964 300 3031; x_wconf 83' lang='lat' dir='ltr'>Censorinum</span> <span class='ocrx_word' id='word_1_173' title='bbox 327 2965 391 3031; x_wconf 91' lang='lat' dir='ltr'>sibi</span> <span class='ocrx_word' id='word_1_174' title='bbox 414 2967 578 3047; x_wconf 80' lang='lat' dir='ltr'>sanxisse,</span> <span class='ocrx_word' id='word_1_175' title='bbox 608 2987 737 3052; x_wconf 78' lang='lat' dir='ltr'>exque</span> <span class='ocrx_word' id='word_1_176' title='bbox 763 2975 797 3030; x_wconf 85' lang='lat' dir='ltr'>et</span> <span class='ocrx_word' id='word_1_177' title='bbox 818 2986 971 3030; x_wconf 90' lang='lat' dir='ltr'>numeros</span> <span class='ocrx_word' id='word_1_178' title='bbox 994 2978 1054 3032; x_wconf 84' lang='lat' dir='ltr'>aut</span> 
     </span>
     <span class='ocr_line' id='line_1_27' title="bbox 81 3074 1054 3141; baseline 0.002 -3"><span class='ocrx_word' id='word_1_179' title='bbox 81 3076 168 3140; x_wconf 89' lang='lat' dir='ltr'>notis</span> <span class='ocrx_word' id='word_1_180' title='bbox 192 3085 250 3140; x_wconf 81' lang='lat' dir='ltr'>eut</span> <span class='ocrx_word' id='word_1_181' title='bbox 271 3074 390 3140; x_wconf 78' lang='lat' dir='ltr'>litteris</span> <span class='ocrx_word' id='word_1_182' title='bbox 412 3087 445 3140; x_wconf 90' lang='lat' dir='ltr'>et</span> <span class='ocrx_word' id='word_1_183' title='bbox 460 3074 589 3141; x_wconf 81' lang='lat' dir='ltr'>Graeca</span> <span class='ocrx_word' id='word_1_184' title='bbox 610 3085 668 3139; x_wconf 82' lang='lat' dir='ltr'>aut</span> <span class='ocrx_word' id='word_1_185' title='bbox 689 3077 827 3141; x_wconf 81' lang='lat' dir='ltr'>Graecis</span> <span class='ocrx_word' id='word_1_186' title='bbox 851 3084 908 3140; x_wconf 81' lang='lat' dir='ltr'>aut</span> <span class='ocrx_word' id='word_1_187' title='bbox 921 3076 1054 3140; x_wconf 88' lang='lat' dir='ltr'>Latinis</span> 
     </span>
     <span class='ocr_line' id='line_1_28' title="bbox 83 3183 1055 3272; baseline 0.001 -24"><span class='ocrx_word' id='word_1_188' title='bbox 83 3183 236 3250; x_wconf 79' lang='lat' dir='ltr'>ductibus</span> <span class='ocrx_word' id='word_1_189' title='bbox 260 3185 457 3266; x_wconf 78' lang='lat' dir='ltr'>scriberent3</span> <span class='ocrx_word' id='word_1_190' title='bbox 480 3186 538 3250; x_wconf 85' lang='lat' dir='ltr'>sed</span> <span class='ocrx_word' id='word_1_191' title='bbox 559 3183 691 3270; x_wconf 84' lang='lat' dir='ltr'>regulas</span> <span class='ocrx_word' id='word_1_192' title='bbox 706 3185 839 3272; x_wconf 88' lang='lat' dir='ltr'>quidem</span> <span class='ocrx_word' id='word_1_193' title='bbox 861 3185 963 3249; x_wconf 86' lang='lat' dir='ltr'>fuisse</span> <span class='ocrx_word' id='word_1_194' title='bbox 986 3184 1055 3250; x_wconf 84' lang='lat' dir='ltr'>ali-</span> 
     </span>
     <span class='ocr_line' id='line_1_29' title="bbox 82 3293 1054 3380; baseline 0.001 -23"><span class='ocrx_word' id='word_1_195' title='bbox 82 3314 179 3380; x_wconf 82' lang='lat' dir='ltr'>quas,</span> <span class='ocrx_word' id='word_1_196' title='bbox 202 3315 411 3380; x_wconf 80' lang='lat' dir='ltr'>nequequam</span> <span class='ocrx_word' id='word_1_197' title='bbox 433 3302 542 3359; x_wconf 85' lang='lat' dir='ltr'>tamen</span> <span class='ocrx_word' id='word_1_198' title='bbox 563 3293 793 3361; x_wconf 77' lang='lat' dir='ltr'>immutabiles.</span> <span class='ocrx_word' id='word_1_199' title='bbox 831 3295 917 3359; x_wconf 88' lang='lat' dir='ltr'>Tum</span> <span class='ocrx_word' id='word_1_200' title='bbox 937 3296 1054 3378; x_wconf 86' lang='lat' dir='ltr'>negari</span> 
     </span>
     <span class='ocr_line' id='line_1_30' title="bbox 82 3404 1054 3489; baseline 0.002 -24"><span class='ocrx_word' id='word_1_201' title='bbox 82 3425 147 3468; x_wconf 89' lang='lat' dir='ltr'>non</span> <span class='ocrx_word' id='word_1_202' title='bbox 169 3413 279 3489; x_wconf 84' lang='lat' dir='ltr'>potest</span> <span class='ocrx_word' id='word_1_203' title='bbox 301 3416 427 3468; x_wconf 78' lang='lat' dir='ltr'>veteres</span> <span class='ocrx_word' id='word_1_204' title='bbox 449 3404 601 3472; x_wconf 82' lang='lat' dir='ltr'>librarios</span> <span class='ocrx_word' id='word_1_205' title='bbox 623 3407 658 3470; x_wconf 91' lang='lat' dir='ltr'>in</span> <span class='ocrx_word' id='word_1_206' title='bbox 680 3404 902 3470; x_wconf 78' lang='lat' dir='ltr'>describendis</span> <span class='ocrx_word' id='word_1_207' title='bbox 925 3404 1054 3469; x_wconf 82' lang='lat' dir='ltr'>codici-</span> 
     </span>
    </p>
   </div>
   <div class='ocr_carea' id='block_1_3' title="bbox 0 0 1219 3924">
    <p class='ocr_par' dir='ltr' id='par_1_4' title="bbox 0 0 1219 3924">
     <span class='ocr_line' id='line_1_31' title="bbox 0 0 1219 3924; baseline 0 0"><span class='ocrx_word' id='word_1_208' title='bbox 0 0 1219 3924; x_wconf 95' lang='lat' dir='ltr'> </span> 
     </span>
    </p>
   </div>
  </div>
 </body>
</html>
