2414 3924
142 247 204 310 326
431 256 463 304 ιι.
481 253 837 321 commutassemus

142 415 218 490 cula,
238 430 313 490 qnae
329 410 459 471 inferiori
479 412 657 487 inserantur,
677 410 776 486 exigit.
798 407 922 470 Ceterae
938 410 1131 488 processibus

142 499 277 560 deorsum
292 493 489 576 spectantibus
506 495 534 553 in
547 492 701 554 inferiores
716 493 907 568 insinuantur,
928 511 963 553 ao
979 512 1032 572 per
1048 497 1130 556 sinus

142 599 216 659 qnos
233 583 374 658 utrimque
389 577 510 652 habent,
527 579 695 656 superiores
709 576 869 654 accipiunt;
892 576 1046 655 multisque
1062 597 1128 638 ner-

141 667 185 725 vis
200 674 229 724 et
244 663 331 723 multa
353 661 523 738 cartilagine
550 663 737 720 continentur.
768 659 815 719 Ao
839 662 882 720 sic
897 678 954 722 nno
974 660 1052 721 llexu
1067 679 1128 722 mo·

141 749 231 809 dico'
223 767 251 806 rn
268 764 389 827 pronum
401 746 479 821 dato,
496 746 601 803 ceteris
615 746 739 821 negatis,
754 743 840 803 homo
856 753 885 804 et
898 753 996 804 rectus
1011 747 1153 823 insistite

141 843 171 893 et
187 830 294 910 aliquid
309 830 345 890 nd
356 830 522 889 necessaria
538 846 627 906 opera
640 837 782 889 curvatur.
801 826 879 888 lnira
895 829 1039 888 cervicem
1054 848 1128 889 vero

141 933 248 977 summa
264 922 453 975 oostacontra
466 911 612 972 humerum
626 915 679 972 sita
695 920 748 971 est
765 910 836 970 Inde
848 929 902 971 sex
915 911 1070 973 inferiores
1081 933 1129 974 us·

141 1018 198 1079 que
216 999 276 1058 ad'
268 1015 352 1057 rmum
368 997 664 1076 pectusprovenlunt:
680 1012 802 1072 eaeque,
818 997 916 1072 primis
931 996 1061 1073 partibus
1081 1016 1129 1057 ro·

39 1122 43 1129 -
140 1083 256 1158 tnndae,
277 1090 306 1141 et
321 1080 426 1139 leniter
443 1082 523 1157 quasi
540 1079 723 1158 capitulatae,
734 1078 932 1138 vertebrarum
953 1083 1130 1141 transversis

142 1164 331 1246 processibus
347 1163 385 1222 ibi
404 1180 520 1241 quoqne
536 1162 649 1241 paulurn
666 1163 795 1238 sinuatis,
810 1161 978 1224 inhaerent:
1007 1164 1075 1226 inde
1087 1165 1128 1226 la·
1141 1182 1166 1222 ιι

141 1258 268 1325 tescunt,
285 1249 338 1307 et
330 1266 359 1306 ιιι
376 1249 552 1306 exteriorem
565 1255 674 1324 partem
690 1255 858 1306 recurvatae
874 1246 1032 1324 paulatim
1024 1267 1053 1308 ιιι
1067 1266 1130 1309 oar·

141 1333 288 1409 tilaginem
304 1331 498 1407 degenerant;
514 1347 607 1408 eaque
623 1339 704 1408 parte
721 1348 820 1389 rursus
833 1332 861 1389 in
873 1332 1009 1392 interiora
1024 1332 1132 1393 leniter

142 1417 235 1477 flexae
251 1417 461 1476 committuntur
474 1432 537 1472 cnm
552 1431 620 1473 osse
634 1415 772 1491 pectoris.
803 1412 888 1489 Quod
909 1415 1010 1476 valens
1033 1425 1062 1477 ct
1077 1416 1129 1476 ‹lu-
1185 1446 1191 1451 ·

141 1518 201 1560 rum
217 1517 234 1559 a
249 1498 380 1558 lancibus
395 1499 511 1576 incipit,
527 1497 562 1557 ab
576 1506 696 1576 utroque
713 1496 803 1557 latere
816 1498 950 1576 lunatum,
967 1508 996 1560 et
1010 1518 1027 1559 a
1043 1518 1129 1578 prae·

142 1584 296 1660 cordiis,
282 1600 343 1658 Jam
363 1584 456 1681 ipsum
482 1598 598 1660 qnoque
624 1580 792 1657 cartilagine
816 1581 969 1680 mollitum,
992 1586 1128 1644 termina·
1141 1608 1165 1648 ιι

141 1679 195 1729 tur.
226 1667 285 1727 Sub
303 1667 393 1726 costis
408 1683 480 1725 vero
497 1664 642 1742 prioribus
658 1665 799 1743 quinque,
816 1682 887 1744 quas
901 1658 1008 1738 νόθας
1024 1667 1131 1729 Graeci

141 1754 303 1830 nominant,
322 1750 428 1810 breves
445 1750 661 1827 tenuioresque,
682 1750 793 1825 atque
785 1767 867 1827 rpsae
890 1768 1006 1829 quoqne
1028 1751 1130 1831 paula·

141 1837 189 1896 tim
206 1838 234 1895 in
256 1834 454 1910 cartilaginem
469 1851 585 1909 versae,
612 1834 748 1892 extremis
765 1832 926 1893 abdominis
942 1835 1096 1934 partibus
1087 1854 1130 1894 rn-

141 1919 328 1986 haerescunt;
345 1920 456 1994 imaque
472 1935 509 1977 ex
524 1917 569 1976 his
578 1916 785 1993 ,majorejam
800 1926 882 1994 parte
899 1917 979 1994 nihil,
997 1921 1129 1979 nisicar·

141 2003 231 2080 tilago
246 2012 300 2063 est
335 2002 444 2062 Rursus
461 2020 476 2061 a
492 2003 610 2061 cervice
627 1999 683 2059 duo
699 1999 754 2058 lata
771 2017 838 2059 ossa
828 2002 992 2100 utrimque
1010 2003 1044 2063 ad
1063 2021 1129 2064 sca·
1140 2027 1166 2066 ao

142 2087 224 2164 pules
251 2085 383 2145 tendunt:
409 2086 500 2145 nostri
529 2084 641 2144 scutula
669 2092 780 2160 operta,
811 2071 1008 2163 ὥμοιιλατας
1023 2085 1130 2146 Graeci

105 2225 108 2231 .
140 2172 294 2230 nominant.
325 2169 390 2228 Ea
382 2188 409 2227 ιιι
425 2187 540 2228 summis
554 2166 710 2227 verticibus
725 2169 851 2245 sinuata
868 2169 904 2229 ab
916 2170 960 2228 brs
972 2170 1130 2247 triangula,

140 2254 333 2332 paulatimque
354 2253 521 2312 latescentia
543 2251 578 2310 ad
602 2253 712 2328 spinam
734 2251 865 2321 tendunt;
894 2262 922 2311 et
944 2271 1000 2331 quo
1023 2253 1131 2314 latiora

140 2355 253 2415 quaque
271 2345 353 2413 parte
377 2345 455 2412 sunt,
473 2335 531 2394 hoc
546 2334 707 2394 hebetiora.
738 2335 835 2413 Atque
857 2337 920 2413 ipsa
937 2353 1069 2414 quoque,
1101 2339 1131 2396 in

139 2422 195 2480 imo
212 2421 425 2493 cartilaginosa,
442 2420 606 2496 posteriore
625 2427 708 2496 parte
724 2419 808 2477 velnt'
820 2421 960 2488 innatant;
982 2421 1129 2498 quoniam,
1141 2447 1165 2485 ιι

139 2503 193 2560 nisi
210 2504 237 2559 in
252 2519 378 2577 summo,
395 2502 464 2560 nulli
481 2503 540 2560 ossi
555 2501 768 2561 inhaerescunt.
799 2501 842 2562 lbi
855 2520 926 2562 vero
949 2503 1052 2562 validis
1069 2523 1130 2564 mu-

139 2584 227 2644 sculis
250 2586 405 2661 nervisque
428 2586 582 2644 constricta
606 2595 679 2644 sunt.
716 2586 755 2645 At
777 2604 792 2645 a
814 2605 920 2646 summa
945 2596 1026 2646 costa
1039 2588 1130 2665 paulo

138 2669 268 2744 interius,
279 2686 362 2745 quam
379 2668 425 2727 ubi
442 2688 475 2729 ea
492 2670 585 2729 media
603 2680 656 2746 est,
667 2687 701 2729 os
718 2672 864 2729 excrescit
877 2671 1129 2749 (acromionspi-

137 2770 239 2831 noque
261 2753 450 2833 scapulae),
474 2754 513 2814 ibi
530 2753 642 2831 quidem
659 2761 762 2827 tenue,
786 2753 949 2831 procedens
965 2772 1051 2831 vero,
1070 2772 1130 2833 quo

140 2839 261 2915 propius
285 2837 343 2897 lato
371 2839 553 2916 scapularum
579 2838 639 2897 ossi
662 2837 709 2912 lit,
734 2856 770 2896 eo
795 2838 909 2915 plenius
934 2838 1077 2916 latiusque
1098 2848 1164 2901 ctae

139 2922 252 3000 paulurn
264 2922 292 2980 in
307 2923 452 2982 exteriora
469 2931 624 2996 curvatum,
640 2920 717 2998 quod
730 2921 820 2981 altera
833 2923 951 2982 verticis
969 2932 1051 3001 parte
1067 2938 1129 2981 mo·

138 3004 202 3063 dice
216 3007 427 3081 intumescens,
446 3007 566 3064 sustinet
575 3004 717 3079 jugulum.
750 3004 782 3064 ld
804 3015 897 3065 autern
918 3008 1010 3084 ipsum
1029 3023 1129 3066 recur-

137 3106 218 3162 vnm,
237 3108 272 3148 ac
290 3107 385 3166 neque
400 3090 473 3148 inter
487 3089 636 3148 durissima
653 3106 720 3148 ossa
738 3089 952 3165 numerandum,
969 3089 1063 3149 altero
1082 3107 1129 3149 ca·

137 3172 196 3248 pite
208 3173 236 3229 in
252 3189 298 3247 eo,
314 3173 389 3251 quod
406 3175 498 3250 posui,
519 3173 612 3231 altero
629 3173 656 3230 in
675 3173 782 3248 exiguo
799 3176 862 3232 sinn
878 3173 1037 3251 pectoralis
1051 3173 1129 3234 ossis

136 3254 249 3331 insidit,
269 3256 442 3334 paulumque
458 3266 536 3319 motu
552 3255 662 3315 brachii
678 3266 827 3329 movetur,
852 3266 956 3316 etcum
973 3257 1031 3316 lato
1055 3275 1127 3317 osse
1138 3277 1162 3318 as

137 3339 400 3415 scapularuminlra
415 3349 500 3417 caput
516 3341 579 3415 ejus
594 3341 691 3398 nervis
708 3347 737 3398 et
747 3341 916 3416 cartilagine
934 3343 1127 3401 connectitur.

198 3421 271 3481 Hinc
289 3423 424 3482 humerus
439 3424 555 3501 incipit,
573 3424 710 3482 extremis
725 3425 868 3502 utrimque
886 3423 1028 3502 capitibus
1046 3426 1128 3484 turni·

179 3519 206 3579 s,
224 3506 337 3580 mollis,
355 3507 416 3564 sine
430 3505 565 3584 medulla,
581 3506 819 3582 cartilaginosus:
835 3506 946 3567 medius
962 3516 1059 3586 teres,
1077 3507 1128 3568 llu-
