2414 3924
429 219 497 267 nro.
513 219 721 284 ulricum.
1016 208 1078 272 327

91 393 158 448 rus,
173 370 349 432 medullosus
389 373 492 434 leniter
513 373 618 451 gibbus
642 377 669 433 iu
686 376 812 452 priorem
834 382 864 434 et
884 377 1078 452 posteriorem
1123 433 1124 436 ,

94 468 122 517 ct
146 455 327 524 interiorem;
354 474 442 517 corus
463 460 492 517 in
513 458 687 518 exteriorem
715 455 836 536 parterii.
875 457 960 518 Prior
985 467 1078 519 autem

93 558 161 619 pars
178 548 238 616 est,
261 557 334 617 quae
352 550 505 618 apectore
521 550 580 610 est;
607 542 763 621 posterior,
786 559 861 620 qnae
877 541 913 605 ab
931 542 1076 621 seopulis;

91 625 226 698 interior,
244 641 317 701 quae
333 623 368 682 ad
388 624 461 684 latus
481 625 584 694 tendit;
607 625 754 700 exterior,
776 641 856 703 quae'
876 625 911 685 ab
938 643 974 687 eo
995 645 1078 686 reee-

65 708 145 768 sdit:
161 704 238 786 quod
256 707 291 766 ad
306 724 406 767 omnes
421 707 557 769 articulos
581 709 728 786 pertinere
746 709 773 766 in
794 708 980 769 ulterioribus
998 718 1078 788 pate·

91 792 140 851 bit.
180 791 319 868 Superius
340 801 434 851 autem
456 790 564 851 humeri
590 801 676 871 caput
700 792 859 868 rotundius,
878 810 963 871 quam
980 802 1078 853 cetera

91 894 175 951 ossa,
201 875 237 934 de
260 874 362 952 quibus
385 874 479 935 adhue
494 876 562 952 dixi,
579 893 669 954 parvo
689 894 813 936 excessu
831 877 933 937 vertici
948 876 997 936 lati
1015 893 1077 936 soa·

92 960 219 1040 pularum
238 960 314 1018 ossis
328 961 479 1036 inseritur,
499 979 533 1020 ac
549 961 659 1036 majore
673 970 755 1037 parte
777 969 858 1020 extra
874 963 965 1021 situm
979 962 1078 1021 nervis

90 1043 243 1120 deligatur.
277 1042 316 1101 At
343 1043 461 1102 inferius
488 1043 561 1103 duos
583 1060 747 1122 processus·
769 1044 870 1103 habet:
897 1047 971 1104 inter
990 1062 1075 1123 quos,

58 1126 169 1206 roquod
189 1125 312 1185 medium
332 1136 392 1201 est,
418 1128 511 1203 magis
534 1128 619 1187 ctiam
637 1129 773 1187 extremis
789 1127 917 1207 partibus
939 1129 1076 1188 sinuatur.

92 1213 173 1286 Quae
189 1229 237 1269 res
252 1210 351 1269 sedem
365 1209 482 1269 brachio
506 1219 649 1290 praestat:
674 1211 751 1289 quod
774 1220 886 1270 constat
904 1231 941 1272 ex
961 1211 1076 1275 ossibus

92 1293 213 1354 duobus.
241 1293 370 1368 Radius,
387 1311 471 1371 quem
486 1291 623 1373 κερκίδα
641 1293 745 1354 Graeci
761 1294 924 1372 appellant,
941 1297 1076 1375 superior

92 1378 283 1454 breviorque,
310 1386 339 1436 et
362 1378 452 1454 primo
474 1379 606 1454 tenuior,
624 1377 746 1437 rotundo
766 1387 795 1437 et
815 1377 920 1438 leniter
938 1398 1010 1440 earo
1029 1389 1075 1440 oa·

93 1462 151 1539 pite
168 1461 299 1537 exiguum
315 1460 424 1520 humeri
440 1460 620 1520 tuberculum
635 1455 752 1538 recipit;
774 1461 859 1539 idque
876 1462 915 1521 ibi
934 1465 1032 1523 nervis
1048 1472 1076 1523 et

58 1563 81 1603 ut
93 1543 261 1620 cartilagine
273 1546 443 1603 continetur.
474 1542 593 1605 Cubitus
616 1545 735 1604 inferior
762 1544 952 1624 longiorque,
976 1556 1003 1604 et
1019 1548 1076 1624 pri·

91 1646 137 1688 mo
156 1627 288 1705 plenior,
315 1629 342 1686 in
363 1645 471 1687 summo
493 1629 588 1706 capite
610 1628 722 1688 duobus
744 1629 826 1705 quasi
852 1629 1010 1688 verticibus
1025 1648 1075 1688 ex·

92 1711 232 1771 stantibus
254 1712 282 1769 in
303 1713 392 1770 sinum
414 1711 541 1786 humeri,
560 1728 645 1790 quem
660 1713 735 1771 inter
749 1711 821 1770 duos
837 1729 995 1790 processus
1011 1714 1074 1787 ejus

85 1813 159 1878 ‘esse
181 1797 332 1872 proposui,
348 1813 381 1854 se
395 1795 505 1855 inserit.
534 1795 629 1855 Primo
647 1812 716 1854 vero
734 1795 789 1854 duo
804 1794 913 1855 brachii
930 1813 997 1855 ossa
1010 1796 1074 1870 Jun-

93 1888 138 1937 cta
156 1877 487 1956 paulatim‚dirimuntur,
504 1896 660 1956 rursusque
678 1878 713 1937 ad
729 1896 840 1937 manum
856 1887 971 1953 coeunt,
989 1878 1075 1939 modo

56 1982 82 2021 eo
94 1961 287 2022 crassitudinis
302 1971 423 2022 mutato:
442 1962 582 2040 siquidem
594 1962 632 2021 ibi
644 1961 739 2020 radius
757 1961 882 2039 plenior,
900 1961 1011 2021 cubitus
1027 1962 1075 2022 ad·

91 2045 203 2106 modum
219 2046 311 2105 tenuis
327 2055 380 2104 est.
395 2045 468 2105 Dein
482 2047 594 2120 radius,
612 2048 639 2104 iu
659 2054 744 2123 caput
757 2045 990 2122 cartilaginosum
1008 2063 1075 2105 con-

91 2149 231 2208 surgens,
252 2132 281 2188 in
305 2130 415 2189 vertice
437 2131 577 2189 sinuatur:
595 2128 707 2188 cubitus
724 2127 861 2188 rotundus
884 2131 912 2188 in
933 2136 1075 2203 extremo,

92 2223 174 2292 parte
191 2213 281 2274 altera
301 2212 413 2292 paulum
434 2213 577 2291 procedit.
599 2213 660 2287 Ac,
678 2230 713 2270 ue
729 2212 844 2289 saepius
860 2211 1012 2271 dicendum
1027 2213 1074 2285 sit,

92 2298 163 2357 illud
179 2299 306 2374 ignorari
321 2315 378 2356 uon
394 2307 519 2374 oportet,
538 2297 657 2375 plurima
670 2312 741 2354 ossa
763 2297 792 2354 in
810 2295 1009 2372 cartilaginem
1026 2294 1075 2353 de·
1127 2350 1128 2354 ,

58 2399 83 2438 25
94 2381 202 2457 sinere,
219 2381 325 2440 nullum
344 2380 492 2440 articulum
510 2399 567 2441 non
586 2382 628 2439 sic
646 2380 728 2438 liniri.
744 2377 847 2456 Neque
863 2380 938 2438 enirn
954 2387 1001 2438 aut
1015 2395 1075 2438 mo·

93 2465 155 2523 veri
175 2474 293 2542 posset,
311 2466 364 2523 nisi
380 2464 453 2523 laevi
470 2465 653 2532 inniteretur;
671 2472 718 2522 aut
733 2480 796 2521 cnm
816 2480 902 2522 carne
920 2463 1076 2541 nervisque

94 2548 249 2626 conjungi,
266 2549 320 2607 nisi
336 2566 370 2608 ea
390 2547 483 2607 media
502 2547 642 2625 quaedam
663 2546 781 2604 materia
804 2548 1006 2606 committeret.
1044 2544 1076 2605 ln

92 2650 176 2690 mauu
192 2650 264 2692 vero
282 2632 371 2709 prima
386 2631 498 2709 palmae
517 2649 584 2709 pars
601 2649 638 2689 ex
650 2629 744 2688 multis
766 2630 939 2708 minutisque
962 2628 1077 2689 ossibus

93 2724 222 2793 constat,
240 2733 360 2793 quorum
372 2733 505 2774 numerus
522 2718 649 2773 incertus
666 2721 718 2772 est.
750 2713 809 2772 Sed
834 2713 961 2789 oblonga
984 2712 1076 2774 omnia

57 2817 84 2857 co
94 2807 121 2856 et
136 2797 289 2874 triangula,
305 2807 448 2856 structura
464 2796 584 2874 quadam
599 2798 673 2855 iuter
694 2814 726 2855 se
743 2804 967 2870 connectuntur,
992 2811 1075 2870 quum

90 2880 213 2938 invicem
225 2882 360 2956 superior
373 2880 492 2954 alterius
505 2880 626 2956 angulus
641 2878 760 2938 alterius
774 2881 908 2958 planities
916 2882 967 2938 sit:
982 2894 1077 2953 eoque

90 2963 121 3021 lit
133 2981 171 3020 ex
182 2960 226 3020 his
239 2963 320 3021 unios
334 2965 409 3021 ossis
422 2962 534 3040 paulum
547 2965 576 3020 iu
587 2964 724 3021 interiora
737 2965 854 3022 concavi
868 2963 991 3038 species.
1019 2958 1077 3018 Vc·

90 3064 152 3105 rum
164 3063 291 3104 exmanu
302 3044 358 3105 duo
371 3047 469 3123 exigui
484 3063 639 3122 processus
653 3046 680 3103 iu
690 3046 781 3102 sinum
794 3045 864 3104 radii
877 3044 1078 3119 conjiciuntur.

91 3128 161 3189 'l'um
175 3147 212 3187 ex
224 3128 315 3187 altera
328 3139 410 3205 parte
423 3138 502 3188 recta
515 3131 639 3207 quinque
653 3144 736 3202 ossa,
748 3127 782 3186 ad
798 3128 904 3204 digitos
922 3126 1079 3200 tendentia,

57 3213 212 3291 aspalmam
228 3212 355 3290 explent.
371 3213 397 3272 Α
413 3211 515 3290 quibus
532 3215 587 3290 ipsi
603 3211 682 3288 digiti
697 3211 839 3278 oriuntur;
852 3212 900 3288 qui
913 3229 951 3270 ex
965 3208 1081 3269 ossibus

92 3299 182 3357 ternis
211 3305 357 3356 constant:
386 3298 567 3373 omniumque
597 3296 697 3356 eadem
720 3294 793 3357 ratio
817 3304 870 3353 est.
905 3293 1028 3354 Interius
1048 3309 1082 3351 os

93 3382 255 3443 invertite
281 3381 424 3455 sinuatur,
457 3380 617 3459 recipitque
649 3379 801 3437 exterioris
831 3379 964 3456 exiguum
988 3376 1082 3436 tuber·

94 3466 203 3535 culum;
230 3467 370 3540 neruique
393 3483 428 3524 ea
449 3465 604 3524 continent.
634 3463 659 3523 Α
682 3461 783 3539 quibus
805 3464 861 3522 orti
878 3481 988 3537 ungues
1003 3458 1084 3518 indu·
