2414 3924
549 191 788 256 -.118-

156 342 276 415 vocant,
308 352 344 394 en
375 333 468 394 calida
501 341 532 394 et
564 333 638 396 oleo.
684 335 759 396 solet
792 337 871 396 enim
898 337 995 397 vesica
1026 339 1113 397 etiam
1145 339 1170 398 si

156 424 248 483 luerit
275 423 437 483 constricta
464 420 567 484 subtili
599 424 730 485 lomento
760 424 887 486 relaxari
918 433 949 485 et
976 427 1092 486 urinam
1123 443 1169 486 re·

156 518 268 572 tentam
295 510 430 572 reddere.
472 511 552 591 quod
580 513 606 572 si
633 513 754 573 minime
783 514 868 583 urina
896 514 986 574 luerit
1014 521 1116 574 secuta
1139 521 1169 574 et

156 601 391 678 perseveraverit
419 617 509 679 supra
537 599 615 660 dicta
641 600 810 678 periculosa
832 600 1023 683 abstinentia,
1051 612 1170 682 oportet

129 691 186 748 sin
205 686 345 749 eruribus
368 689 394 748 si
412 689 491 749 vires
513 690 669 766 patiuntur
687 705 776 767 supra
799 687 874 749 talos
897 691 1056 751 interiores
1078 708 1169 751 venas

155 775 296 838 incidere.
333 784 363 837 et
387 779 413 837 si
435 775 520 836 dolor
543 794 603 836 non
626 775 781 856 minuerit,
804 775 1003 838 adhibendum
1024 788 1071 838 est
1091 787 1169 840 cata-

155 865 266 943 plasma
295 883 332 926 ex
358 865 412 925 lini
439 866 552 925 semine
581 870 610 924 et
638 864 716 925 lacni
743 867 842 944 graeci
865 872 895 926 et
921 864 1028 926 hordei
1049 866 1169 947 polline,

156 953 284 1014 admixto
308 970 452 1033 papavere
476 955 549 1013 trito
570 962 601 1013 et
623 954 722 1013 resina
744 952 836 1032 pinali
855 962 885 1013 et
907 956 983 1032 pice.
1020 964 1169 1016 transacto

156 1049 254 1103 autem
282 1041 384 1102 doloro
407 1040 615 1121 apponendum
642 1042 823 1102 cerotarium
848 1059 884 1102 ex
911 1044 1012 1103 resina
1042 1044 1117 1104 frixa
1140 1054 1180 1104 et¹

43 1161 45 1167 ·
116 1144 141 1184 10
156 1132 239 1210 ysopi
261 1148 333 1191 suco
353 1138 383 1191 et
401 1131 577 1191 ammoniaci
598 1136 681 1208 gutta
701 1137 731 1190 et
750 1129 815 1190 oleo
834 1132 966 1210 sicyonio
990 1133 1169 1196 confectum.

244 1220 269 1278 si
297 1237 368 1279 vero
395 1216 524 1298 lapidum
553 1217 599 1306 vel
622 1235 779 1279 arenarum
809 1218 900 1279 suerit
925 1219 1060 1300 querela,
1088 1222 1168 1283 simi·

155 1305 223 1366 liter
245 1314 279 1366 ut
303 1307 463 1367 nelreticos
487 1305 614 1366 curabis.

244 1397 289 1455 sin
317 1412 387 1455 vero
415 1413 451 1455 ex
479 1393 617 1455 cachexia
645 1396 780 1474 corporis
803 1393 840 1455 de
868 1394 993 1457 humore
1017 1414 1167 1457 venenoso

155 1491 185 1543 et
216 1483 347 1544 mordaci
379 1482 561 1544 ulceratione
588 1483 664 1543 lacta
692 1485 882 1562 asperitatem
909 1502 976 1545 cum
1005 1483 1107 1546 dolore
1136 1489 1167 1545 in

115 1573 250 1650 incapite
274 1581 396 1632 naturae
416 1572 565 1633 senserint
583 1573 743 1652 patientes,
767 1574 959 1633 reumatismo
977 1572 1168 1634 adscribitur.

154 1667 273 1739 oportet
305 1678 375 1738 ergo
407 1658 483 1721 lacte
515 1661 630 1720 asinino
663 1659 810 1738 tepefacto
845 1661 1018 1739 frequenter
1049 1663 1167 1721 ieiunos

153 1756 265 1826 potere.
302 1748 382 1827 quod
406 1751 432 1808 si
454 1747 490 1809 ad
512 1765 656 1827 praesens
679 1765 740 1808 uon
763 1748 866 1830 luerit,
897 1749 1050 1828 caprinum
1074 1748 1167 1829 dabis,

154 1846 184 1897 et
202 1836 341 1899 embroce
361 1836 453 1898 calida
472 1855 509 1897 ex
527 1835 602 1897 lanis
621 1836 733 1897 sucidis
749 1844 779 1897 et
798 1854 920 1898 rosaceo
939 1838 1050 1897 cirino
1070 1837 1166 1898 mulso

154 1933 205 1986 aut
232 1944 319 2005 passo
347 1926 476 1987 admixto
505 1923 560 1986 sub
589 1923 729 1985 umbilico
757 1923 926 2004 pubetenus
948 1927 1098 2005 pectinem
1121 1927 1167 1986 rel

114 2029 141 2068 2⁰
154 2022 280 2094 utraque
304 2015 354 2075 ilia
376 2015 539 2094 cooperies.
576 2011 752 2075 mulieribus
775 2020 924 2074 autemst
945 2017 1111 2093 pessarium
1130 2032 1165 2073 ex

153 2102 228 2162 lacte
257 2104 371 2163 asinino
398 2102 444 2163 vel
468 2103 589 2181 caprino
612 2108 663 2162 aut
689 2099 827 2162 muliebri
849 2100 925 2162 lacte
950 2100 1166 2181 apponendum.

153 2191 185 2249 iu
202 2181 283 2249 uiris
310 2208 381 2250 vero
410 2192 435 2250 si
462 2192 494 2250 in
522 2191 618 2269 capite
646 2197 769 2251 naturae
797 2207 930 2250 morsum
963 2206 1030 2250 cum
1063 2190 1165 2250 dolore

154 2279 316 2359 senserint,
347 2296 402 2356 per
434 2276 578 2338 aulisoum
611 2280 722 2339 oticum
744 2295 874 2338 aeneum
904 2277 1016 2357 lenem,
1048 2285 1079 2337 et
1106 2296 1165 2338 non

153 2364 272 2425 osseum
296 2382 333 2425 ne
361 2367 527 2445 frangatur,
555 2374 606 2428 aut
629 2376 710 2427 certe
735 2373 907 2444 argenteum
937 2363 1112 2425 fabricatum
1137 2377 1167 2426 et

160 2533 162 2536 ·
226 2515 359 2573 letiam:
379 2519 448 2586 etp.
521 2519 628 2574 btules
642 2535 675 2587 cp
693 2519 740 2586 (cf.
755 2517 817 2572 Gal.
835 2515 873 2584 X,
892 2521 966 2585 904).
1038 2517 1167 2573 interiori

153 2604 225 2643 vana
242 2603 272 2654 e,
289 2587 436 2643 interiores
454 2599 576 2657 venosa)
595 2590 690 2658 (super
707 2589 780 2643 talos
799 2605 885 2643 venas
903 2586 1049 2643 interiores
1070 2589 1165 2655 Pota).

154 2658 321 2713 eminuerit
339 2675 372 2728 op
390 2659 536 2727 (minuitur
556 2660 650 2729 Pota).
736 2661 779 2714 esi
796 2674 847 2713 om.
866 2675 888 2714 c.
975 2665 991 2713 ‘1
1012 2658 1125 2728 pollinis
1143 2675 1166 2724 c,

153 2727 338 2799 pollinibusp
352 2731 469 2799 (polline
482 2731 576 2799 Pete).
648 2735 665 2785 8
679 2729 830 2799 papaveris
843 2745 859 2784 c
873 2732 914 2800 (et
927 2730 1032 2785 somine
1046 2730 1167 2800 agrestis

153 2799 301 2868 papaveris
320 2801 414 2870 Pete).
487 2800 577 2871 pinsli
594 2817 640 2870 cp:
665 2801 749 2870 pineo
769 2800 843 2856 Pete.
916 2806 932 2854 9
952 2803 982 2856 eb
1001 2803 1082 2871 ysopi
1100 2817 1166 2855 suco

154 2871 184 2923 ei
202 2871 354 2926 armonicci
373 2888 438 2928 suco
458 2874 487 2928 ei
504 2871 658 2927 ermonicci
676 2873 758 2942 gutte
771 2889 802 2941 p.
877 2878 909 2927 11
930 2872 954 2927 si
969 2903 1002 2912 -
1016 2873 1072 2940 (12)
1087 2887 1167 2925 cura-

153 2939 198 2995 bis
216 2955 267 2995 om.
286 2958 307 2998 c.
391 2949 423 2998 13
444 2943 492 2998 Sin
512 2959 538 2998 c:
559 2941 634 3011 Sip.
714 2943 749 2998 do
767 2959 795 2998 cr
813 2943 859 2998 vel
875 2960 904 3012 p.
979 2947 1012 2996 15
1031 2940 1167 2996 senserint

151 3011 200 3077 (of,
218 3027 243 3065 o.
263 3017 325 3079 23):
345 3014 508 3084 scripserint
521 3031 557 3082 p,
576 3028 626 3068 oro.
646 3029 669 3068 c.
740 3012 905 3069 inmotismo
924 3028 950 3078 c,
969 3011 1119 3066 renatismo
1134 3026 1165 3079 p.

154 3089 187 3136 16
206 3098 273 3153 ergo
292 3100 342 3139 oto.
361 3101 383 3140 e.
473 3083 568 3140 ieiumi
591 3099 614 3139 c.
705 3083 846 3152 siquod:
873 3079 1026 3151 sed(s5)c.
1118 3097 1165 3149 ap-

152 3170 302 3225 presensp
393 3160 426 3211 18
445 3153 574 3210 embroce
598 3153 689 3210 cclide
711 3170 753 3224 op.
842 3169 922 3208 roseo
940 3169 962 3208 c.
1054 3157 1088 3206 20
1110 3153 1166 3206 ulia

153 3225 279 3294 cooperis
297 3241 321 3294 c,
339 3241 418 3280 soors
426 3242 449 3294 p
467 3224 535 3294 (ylio
553 3224 644 3294 operis
653 3228 707 3294 ρο).
780 3225 810 3278 el
825 3239 852 3278 c:
871 3238 922 3278 om.
934 3239 964 3292 p.
1037 3227 1070 3276 21
1091 3222 1166 3277 lacte

153 3310 181 3347 c:
200 3311 250 3350 cm.
264 3311 296 3363 p.
369 3296 526 3365 22siip:
549 3310 637 3350 oruc
710 3300 912 3362 23eneump:
938 3308 1030 3348 omo.
1103 3293 1166 3348 leue

151 3379 185 3431 p,
207 3364 271 3418 lane
294 3380 316 3421 o.
424 3368 454 3420 et
476 3382 534 3421 non
557 3378 664 3420 osseum
684 3394 718 3404 -
736 3364 905 3419 fabricatum
919 3380 954 3433 p:
979 3380 994 3425 7
1020 3379 1065 3417 ros
1090 3364 1166 3418 siccis

153 3433 280 3502 frigatur
299 3438 474 3490 eutaricum
492 3436 645 3491 fabricatur
663 3451 684 3490 c.
