2414 3924
121 202 163 264 46
194 187 197 191 ’
411 215 443 262 a.
462 214 493 262 o.
512 212 613 263 onnsr
627 213 824 262 numerumn

121 377 275 442 tentarunt,
297 386 393 448 neque
411 368 516 429 callum
532 369 714 445 induxerunt,
732 368 807 428 solvi
830 379 965 448 possunt:
988 372 1126 430 maxime-

122 470 178 534 que
208 452 375 512 torminibus
397 452 558 528 leniuntur,
582 461 612 512 et
633 470 813 532 quocumque
834 452 920 514 modo
942 463 1045 513 uenter
1065 454 1127 513 buit

122 534 219 618 (itin
235 537 256 613 §
271 533 318 613 8).
346 536 417 597 Item
434 536 552 597 morbus
574 537 726 596 comitialis
742 547 808 597 ante
829 535 1011 615 pubertatem
1033 547 1125 613 ortus,

121 639 178 685 nou
198 638 287 698 aegre
311 621 405 679 linitur
429 621 482 698 (ci.
500 618 579 700 Aplt.
596 621 632 696 V,
649 622 700 700 7):
722 623 798 680 etin
820 637 878 700 quo
901 621 937 679 ab
962 639 1017 680 una
1042 632 1125 700 parte

122 707 256 785 corporis
273 707 416 764 venientis
430 706 610 764 accessionis
625 722 728 765 sensns
751 707 867 783 incipit,
892 706 1027 783 optimum
1045 714 1090 764 est
1107 724 1150 765 ac

121 789 251 850 manibus
274 789 436 867 pedibusve
456 790 565 847 initium
588 788 666 858 lieri:
688 788 792 849 deinde
815 806 832 847 a
853 788 1007 857 lateribus;
1029 791 1123 867 pessi·

121 892 194 935 mum
216 875 291 932 inter
311 872 384 932 baec
400 891 417 932 a
432 874 528 950 capite
547 869 645 952 (loto.
663 873 684 948 §
701 873 748 952 9).
784 872 880 951 Atque
901 874 929 933 in
944 872 989 932 bis
1008 890 1124 952 quoque

122 977 157 1020 ea
172 959 294 1017 maxime
310 966 447 1034 prosunt,
464 974 539 1034 quae
552 975 606 1035 per
621 957 803 1033 dejectiones
821 966 1024 1016 excernuntur.
1058 956 1125 1036 lpsa

121 1051 216 1104 autem
234 1041 361 1118 dejectio
385 1041 448 1100 sine
469 1040 527 1099 ulla
552 1059 628 1101 noxa
650 1050 710 1116 est,
734 1059 809 1120 qnae
831 1042 893 1100 sine
916 1040 1000 1100 febre
1019 1049 1079 1106 est:
1102 1043 1126 1101 si

122 1125 260 1187 celeriter
275 1123 392 1194 desinit;
410 1126 435 1184 si
450 1132 630 1185 contrectato
645 1135 747 1184 ventre
761 1124 855 1184 nullus
870 1135 965 1184 motus
980 1127 1161 1201 ejussen·1o

121 1211 203 1279 titur;
228 1210 252 1267 si
270 1216 427 1268 extremam
448 1209 542 1268 alvum
565 1209 681 1287 spiritus
702 1210 841 1286 sequitur.
875 1207 921 1269 llc
944 1227 981 1268 ue
1004 1211 1125 1269 tormina

122 1293 237 1373 quidem
253 1292 417 1370 periculosa
434 1302 513 1369 suut,
536 1293 562 1350 si
576 1294 693 1369 sanguis
708 1302 737 1352 ct
752 1295 921 1370 strigmenta
936 1293 1124 1368 descendunt,

122 1380 188 1439 dum
204 1376 294 1435 lebris
310 1386 487 1455 ceteraeque
503 1378 691 1436 accessiones
710 1377 794 1454 bujns
815 1376 908 1438 morbi
925 1377 1033 1436 absint:
1050 1377 1125 1437 adeo

121 1471 152 1521 ut
168 1462 252 1521 etiam
266 1460 386 1537 gravida
402 1460 518 1535 mulier,
535 1476 592 1519 non
608 1461 701 1520 sotum
716 1463 828 1521 servari
847 1462 956 1539 possit,
972 1462 1023 1521 secl
1039 1463 1123 1520 etiam

123 1553 233 1625 partum
255 1562 408 1604 reservare
431 1543 576 1622 (Prorrb.
598 1543 678 1621 ll,§
702 1543 770 1623 22).
813 1544 993 1622 Prodestque
1014 1546 1043 1604 in
1065 1545 1121 1604 boc
1134 1562 1159 1601 re

123 1628 241 1703 morbo,
269 1629 292 1686 si
315 1630 374 1705 jam
396 1637 491 1688 aetate
513 1628 617 1708 aliquis
636 1631 783 1708 processit
811 1627 966 1708 (obripit.
988 1626 1030 1704 ll,
1053 1628 1121 1706 45).

123 1712 229 1774 Contra
245 1714 444 1772 intestinorum
465 1713 585 1772 laevitas
606 1712 720 1772 facilius
740 1731 756 1773 a
778 1715 888 1773 teneris
909 1711 1051 1773 aetatibus
1072 1711 1122 1771 de·

121 1798 252 1878 pellitur;
266 1799 363 1876 utique
377 1798 400 1856 si
413 1797 482 1857 ierri
496 1798 586 1871 urina,
599 1807 628 1857 et
640 1797 677 1858 ali
688 1796 752 1857 cibo
765 1814 872 1876 corpus
884 1797 993 1876 incipit.
1014 1795 1123 1856 Eadem

122 1892 201 1942 aetas
218 1883 354 1961 prodest,
371 1884 442 1942 etin
460 1899 554 1943 coxae
570 1881 683 1957 dolore,
702 1890 731 1941 ct
742 1882 937 1956 humerorum,
957 1882 1031 1940 etin
1048 1881 1124 1940 omui

121 1967 300 2027 resolutione
321 1983 482 2025 nervorum.
512 1965 557 2026 Ex
572 1966 674 2045 quibus
692 1983 783 2041 coxa,
809 1967 833 2024 si
854 1967 916 2024 sine
931 1974 1051 2043 torpore
1068 1973 1160 2038 esban

123 2053 147 2111 si
169 2051 274 2111 leviter
296 2050 400 2127 friget,
421 2052 549 2129 quamvis
574 2067 694 2126 magnos
717 2051 836 2110 dolores
851 2048 957 2126 babet,
982 2059 1077 2108 tamen
1095 2058 1124 2107 et

122 2135 220 2210 facile,
242 2144 271 2193 et
283 2144 392 2193 mature
405 2142 536 2193 sanatur:
554 2135 771 2212 resolutumque
788 2133 962 2209 membrum,
981 2135 1005 2192 si
1021 2132 1123 2192 nibilo-

122 2220 213 2278 minus
235 2217 336 2292 alitur‚
358 2218 420 2275 beri
444 2235 541 2276 sunum
556 2227 664 2296 potest.
699 2216 764 2277 Oris
787 2218 929 2279 resolutio
951 2218 1035 2277 etiam
1057 2216 1123 2276 alvo

124 2305 180 2363 cita
201 2301 303 2360 linitur.
348 2299 504 2379 Omnisque
526 2302 653 2378 dejectio
668 2303 799 2380 lippienti
815 2301 935 2380 prodest
959 2299 1055 2380 (Apu.
1072 2300 1123 2373 Vl,

124 2388 177 2454 17;
195 2382 289 2445 θυαε.
304 2383 391 2463 220).
416 2384 455 2445 m
468 2388 548 2444 varix
565 2396 660 2462 ortus,
678 2387 725 2446 vel
740 2405 795 2465 per
811 2404 861 2446 ora
877 2403 1014 2445 venarum
1029 2385 1160 2444 subitam

74 2507 77 2511 -
122 2468 253 2548 profusio
275 2470 437 2545 sanguinis,
462 2469 509 2528 vel
531 2473 661 2544 tormina,
682 2473 818 2530 insanium
836 2470 940 2530 tollunt
959 2467 1054 2546 (Aplt.
1073 2469 1124 2542 Vl,

123 2553 190 2631 21).
213 2551 400 2612 Humerorum
416 2553 554 2629 dolores,
571 2556 619 2633 qui
630 2555 665 2614 ad
678 2556 812 2633 scapulas
823 2554 871 2612 vel
884 2570 982 2612 manus
994 2552 1123 2626 tendunt,

123 2638 230 2696 vomitu
252 2645 330 2695 atrae
353 2636 419 2697 bilis
441 2638 605 2698 solvuntur:
623 2649 652 2698 et
665 2641 795 2717 quisquis
811 2638 896 2698 dolor
912 2637 1047 2698 deorsum
1062 2644 1124 2694 teu-

122 2722 178 2796 dit,
195 2719 352 2780 sanabilior
371 2732 415 2781 cst
438 2721 582 2803 (Prorrb.
600 2721 640 2799 ll,
664 2723 686 2798 ἓ
707 2723 775 2801 40).
812 2721 960 2798 Singultus
983 2729 1124 2780 sternuta-

122 2814 216 2864 mento
234 2805 327 2863 linitur
349 2804 444 2885 (Apin.
460 2806 515 2882 Vl,
537 2807 603 2886 13).
639 2806 753 2884 Longas
770 2808 951 2883 dejectiones
974 2806 1125 2883 supprimit
1134 2826 1160 2866 uo

122 2890 245 2948 vomitus
262 2886 357 2968 (Aple.
373 2890 423 2964 vl,
445 2891 510 2968 15).
544 2890 648 2950 Mulier
663 2892 830 2968 sanguinem
843 2908 978 2965 vomens,
997 2888 1124 2966 profusis

121 2975 291 3046 menstruis,
311 2974 448 3033 liberatur
463 2972 559 3053 (Aple.
573 2973 614 3047 V,
631 2975 696 3052 32).
719 2974 800 3048 Quae
817 2976 970 3034 menstruis
986 2990 1043 3032 nou
1057 2991 1123 3050 pur·

121 3068 214 3136 gutur,
238 3059 262 3116 si
283 3060 450 3135 sanguinem
473 3076 510 3116 ex
531 3058 647 3118 naribus
669 3059 756 3135 ludit,
780 3061 854 3118 omui
877 3057 1008 3137 periculo
1029 3065 1122 3114 vacat.

122 3142 204 3216 Quae
216 3143 290 3202 locis
305 3142 434 3217 laborat,
452 3150 499 3201 aut
511 3143 666 3203 difficulter
680 3153 790 3220 partum
803 3143 878 3217 edit,
896 3147 1123 3202 sternutamento

120 3227 242 3286 levatur.
284 3226 404 3286 Aestiva
426 3236 563 3305 quartana
588 3227 650 3286 fere
673 3226 769 3286 brevis
796 3235 840 3286 est
862 3224 959 3306 (Apo.
985 3225 1030 3302 ll,
1053 3223 1121 3302 25).
1133 3243 1159 3284 as

122 3309 175 3370 Cui
196 3311 279 3371 calor
301 3320 329 3370 et
355 3321 463 3369 tremor
484 3320 545 3384 est,
568 3311 651 3370 saluti
669 3310 802 3385 ,delirium
827 3320 873 3369 est
896 3308 1009 3390 (Oooc.
1034 3308 1122 3386 129).

121 3392 253 3453 Lienosis
273 3394 349 3454 bono
371 3396 490 3454 tormina
516 3403 579 3453 sunt
602 3392 697 3474 (Aplt.
722 3394 779 3468 Vl,
802 3393 869 3471 48).
907 3393 1039 3473 Denique
1061 3395 1125 3471 ipsa

121 3475 222 3552 febris,
236 3478 312 3556 quod
325 3480 447 3536 maxime
460 3480 560 3537 mirum
572 3478 663 3536 uideri
677 3487 784 3555 potest,
799 3495 889 3556 saepe
902 3478 1047 3556 praesidio
1064 3486 1125 3554 est3
