2414 3924
424 251 492 299 ure.
509 251 556 300 va
576 251 650 300 cnr.
667 253 701 301 v.
715 252 762 300 vr.
1029 241 1089 304 225

95 415 194 486 potest
210 422 245 464 ea
262 405 453 484 compositio,
471 424 544 483 quae
561 404 596 465 ad
613 405 797 483 Tryphonem
817 417 928 485 patrem
940 415 1089 466 auctorem

94 491 230 550 refertur.
269 487 301 549 ln
324 507 357 549 ea
374 507 460 567 pares
476 491 626 568 portiones
641 499 710 548 sunt>
726 491 904 565 myrobalani
921 492 1086 567 magmatis,

95 582 194 633 cretae
207 572 341 632 cimoliae
354 573 574 650 subcaerulcae,
591 591 693 632 nucum
711 591 884 652 amararum,
897 574 1008 635 farinae
1023 574 1088 633 hor·

94 657 140 716 dei
156 666 241 734 atque
258 659 330 732 ervi,
349 657 461 715 struthii
472 656 540 733 albi,
556 656 682 716 sertulae
697 675 851 735 campanae
863 659 997 718 seminis:
1014 675 1088 736 quae

69 743 187 800 comnia
203 741 340 816 contrita,
358 741 445 799 melle
461 758 545 819 quam
560 741 736 800 amarissimo
756 752 911 821 coguntur,
928 741 1088 819 illitumque

92 841 237 902 vespere,
252 842 334 884 marre
351 825 464 884 eluitur.

446 1051 630 1135 carun
668 1075 732 1135 vn

432 1188 469 1237 De
495 1189 622 1238 oculorum
647 1187 749 1238 morbis.

159 1341 186 1398 1.
213 1338 271 1398 Sed
290 1338 363 1398 haec
381 1339 495 1416 quidem
512 1340 670 1399 mediocria
685 1348 759 1398 sunt.
789 1337 956 1415 lugentibus
970 1357 1041 1399 vero
1058 1350 1088 1401 et

60 1424 181 1483 novariis
199 1421 313 1482 casibus
332 1423 409 1482 oculi
426 1425 516 1481 nostri
532 1433 647 1500 patent:
665 1424 713 1501 qui
727 1429 812 1502 quum
829 1439 960 1499 magnam
977 1433 1088 1506 partem

94 1507 130 1567 ad
146 1507 222 1565 vitae
236 1506 365 1565 simulet
379 1524 460 1565 usum
475 1515 504 1565 et
519 1506 700 1567 dulcedinem
712 1505 881 1581 conferant,
899 1524 1005 1567 summa
1022 1526 1090 1568 cura

93 1590 191 1649 tuendi
207 1599 280 1649 sunt.
308 1589 440 1649 Protinus
456 1599 550 1649 autem
566 1600 628 1651 orta
644 1589 826 1669 lippitudine,
848 1589 988 1666 quaedam
1003 1601 1090 1651 notae

95 1682 172 1750 sunt,
195 1691 231 1732 ex
254 1672 376 1751 quibus,
399 1673 466 1752 quid
494 1683 662 1734 eventurum
685 1675 737 1748 sit,
765 1672 907 1748 colligere
935 1675 1089 1751 possimus.

93 1756 166 1816 Nam
182 1758 205 1815 si
218 1756 301 1815 simul
317 1766 346 1815 et
362 1756 479 1817 lacrima
496 1766 525 1816 et
536 1767 630 1817 tumor
646 1767 674 1817 et
688 1774 786 1817 crassa
802 1757 904 1833 pituita
920 1759 1090 1833 coeperint3

61 1857 85 1896 15
96 1842 120 1900 si
143 1858 176 1899 ea
199 1840 297 1918 pituita
318 1840 455 1901 lacrimae
475 1843 561 1901 mixta
588 1851 647 1911 est;
672 1858 766 1918 neque
782 1839 900 1899 lacrima
919 1840 1012 1901 calida
1027 1850 1087 1918 est,

94 1925 195 2002 pituita
210 1941 281 1983 vero
296 1924 360 1983 alba
376 1934 405 1983 ct
420 1924 533 2002 mollis,
550 1935 643 1985 tumor
658 1942 715 1984 non
731 1922 832 1999 durus,
849 1923 956 2001 longae
978 1925 1088 1984 valetu-

95 2007 168 2067 dinis
183 2016 275 2066 metus
296 2024 354 2067 non
376 2017 429 2067 est.
462 2009 500 2067 m
516 2010 540 2067 si
555 2010 673 2069 lacrima
690 2008 775 2067 multa
793 2017 821 2066 et
838 2007 945 2085 calida,
969 2009 1088 2086 pituitae

94 2092 226 2170 paulum,
242 2080 335 2151 tumor
349 2092 479 2152 modicus
494 2101 554 2169 est,
571 2092 656 2171 idque
671 2095 699 2151 in
715 2109 771 2151 uno
788 2091 873 2152 oculo
890 2102 949 2161 est;
971 2092 1090 2169 longum

93 2175 137 2251 id,
154 2174 206 2234 sed
223 2177 285 2234 sine
306 2176 453 2254 periculo,
476 2176 600 2236 futurum
616 2186 670 2236 cst.
699 2175 789 2254 ldque
806 2174 983 2254 lippitudinis
998 2193 1122 2253 genus„

59 2276 85 2315 ac
95 2260 208 2317 minime
226 2258 404 2318 cumdolore
420 2270 480 2328 est;
496 2259 548 2319 sed
561 2262 611 2320 vix
627 2269 692 2318 ante
706 2259 875 2319 vicesimum
891 2259 965 2318 diem
983 2258 1092 2319 tollitur

95 2340 366 2424 (Prorrb.ll.18):
384 2362 592 2421 nonnumquam
606 2363 659 2423 per
672 2343 744 2403 duos
757 2360 872 2402 menses
886 2342 977 2403 durat.
996 2341 1090 2416 Quan-

94 2425 255 2503 documque
270 2425 373 2503 linitur,
389 2428 488 2505 pituita
503 2428 568 2487 alba
585 2437 614 2487 et
628 2427 723 2487 mollis
736 2445 803 2487 esse
815 2426 925 2505 incipit,
941 2427 1091 2487 lacrimae·

95 2526 151 2586 que
172 2511 319 2569 miscetur.
355 2510 394 2570 At
417 2512 440 2569 si
462 2511 544 2570 simul
566 2528 601 2570 ea
616 2521 765 2588 utrumque
782 2510 895 2570 oculum
910 2513 1090 2588 invaserunt,

94 2600 192 2669 potest
221 2610 287 2652 esse
312 2593 445 2669 brevior,
478 2595 530 2654 sed
556 2595 714 2673 periculum
735 2595 864 2654 ulcerum
890 2604 943 2654 est.
988 2594 1092 2655 Pituita

60 2684 190 2734 aaautem
211 2677 289 2736 sicca
312 2686 341 2736 et
361 2677 438 2737 arida
463 2677 593 2738 dolorem
617 2679 732 2755 quidem
752 2687 863 2753 movet,
888 2677 940 2737 sed
955 2678 1092 2738 maturius

96 2758 213 2826 desinit:
231 2760 286 2818 nisi
302 2759 368 2837 quid
384 2761 573 2821 exulceravit.
598 2762 703 2822 Tumor
718 2780 853 2837 magnus,
872 2763 895 2820 si
912 2763 975 2821 sine
989 2761 1091 2820 dolore

96 2850 158 2918 est,
176 2852 205 2901 et
221 2843 333 2919 siccus,
350 2846 411 2904 siue
427 2845 487 2904 ullo
504 2845 636 2923 periculo
654 2854 714 2904 cst:
739 2846 763 2903 si
780 2847 876 2904 siccus
890 2845 1022 2922 quidem,
1039 2843 1091 2901 sed

96 2925 278 2986 cumdolore
295 2936 354 3001 est,
377 2928 440 2987 lere
457 2929 618 2997 exulcerat3
648 2938 676 2988 et
691 2946 899 3006 nonnumquam
917 2945 954 2985 ex
969 2944 1005 2986 eo
1023 2943 1093 2985 casu

95 3010 141 3085 lit,
169 3020 199 3069 ut
220 3010 361 3089 palpebra
385 3030 446 3071 cum
471 3013 556 3071 oculo
580 3013 744 3088 glutinetur.
781 3010 919 3087 Ejusdem
941 3008 1090 3068 exulcera-

60 3094 180 3158 aotionis
202 3096 286 3154 timor
307 3097 334 3154 in
357 3096 506 3175 palpebris
529 3095 684 3175 pupillisve
709 3102 770 3168 est,
795 3093 843 3152 ubi
858 3111 945 3170 super
960 3109 1092 3170 magnum

95 3176 223 3238 dolorem
246 3179 380 3240 lacrimae
402 3179 497 3239 salsae
520 3180 690 3257 calidaeque
708 3186 789 3246 eunt;
814 3186 861 3237 aut
883 3178 966 3236 etiam
988 3178 1029 3251 si,
1051 3185 1092 3234 tu·

94 3278 175 3322 more
192 3264 253 3338 jam
274 3264 371 3340 linito,
404 3263 449 3322 diu
472 3259 587 3322 lacrima
617 3279 680 3321 cum
706 3261 805 3340 pituita
835 3259 961 3339 produit.
1006 3259 1094 3335 Pejus

96 3346 246 3405 etiamnum
268 3355 329 3425 est,
353 3347 401 3406 ubi
425 3349 524 3425 pituita
542 3346 647 3426 pallida
663 3354 709 3405 aut
724 3345 811 3406 livida
827 3353 888 3420 est,
914 3345 1030 3404 lacrima
1046 3356 1092 3401 ca·

96 3427 152 3488 lida
178 3439 206 3488 et
226 3430 313 3489 multa
334 3430 466 3509 produit,
489 3440 575 3509 caput
592 3430 683 3506 calet,
711 3448 726 3490 a
744 3429 923 3508 temporibus
940 3427 975 3488 ad
990 3424 1092 3489 oculor

60 3535 86 3576 au
97 3511 182 3572 dolor
205 3516 354 3591 pervenit,
383 3523 521 3574 nocturna
544 3515 643 3592 vigilia
669 3523 770 3592 urget:
802 3513 942 3592 siquidem
971 3511 1023 3571 sub
1049 3504 1100 3568 lul!

146 3616 253 3656 census.
848 3599 886 3659 15
1103 3616 1106 3620 ·
