2414 3924
143 209 201 272 184
439 223 473 270 n.
492 221 522 270 c.
539 221 638 269 cunm
652 220 846 268 nsorcmnn

140 378 253 453 levant,
276 376 401 451 adjectis
411 377 517 452 exiguo
533 375 619 434 modo
632 384 713 434 rutae
731 376 825 448 succi,
865 391 900 432 ac
914 393 1013 452 passo:
1031 385 1061 435 et
1076 386 1136 438 tor·

140 463 214 521 mina
228 461 409 537 supprimunt
432 476 470 517 ex
485 459 552 517 vino
568 458 692 536 liquata:
715 466 744 516 et
763 456 1011 518 inflammationem
1029 456 1135 521 vulvae

140 551 295 620 coercent,
311 544 396 602 mixta
414 550 512 602 cerato
529 559 567 600 ex
582 559 650 600 rosa
665 541 761 617 lacto,
779 559 841 599 cum
859 540 974 619 paulum
991 541 1036 601 his
1053 545 1136 603 croci

139 644 256 771 {pnogue
272 629 468 766 accessitttet
483 643 521 766 ed
536 641 610 702 aqna
625 624 712 683 ironti
729 624 861 701 inducta,
878 626 1005 703 pituitam
1019 625 1048 684 in
1065 643 1135 686 ocu-

151 728 185 771 os
221 718 403 769 ecurrentem
432 726 527 768 enen.

203 794 232 852 5.
254 792 341 870 Item,
357 795 381 852 si
397 791 483 850 vulva
499 791 602 850 dolens
620 808 748 850 somnum
765 791 914 869 prohihet:
939 792 1019 853 croci
1034 810 1062 870 p.
1078 733 1158 872 )·(.⁵

139 897 181 938 nn.
208 876 294 953 anisi,
316 875 465 951 myrrhae,
488 874 665 952 singulorum
678 893 705 953 p.
720 874 777 953 )·(.
793 889 815 933 1.
831 876 986 952 papaveris
999 875 1136 937 lacrimae

141 981 169 1041 p.
187 960 244 1041 )·(.
260 973 309 1019 111.
329 961 440 1019 cicutae
457 960 574 1017 seminis
590 977 619 1036 p.
635 957 691 1037 )·(.
705 971 778 1017 vm.
796 960 966 1034 miscentur,
984 960 1135 1037 excipiun-

139 1056 242 1122 turque
258 1046 324 1103 vino
341 1053 458 1119 vetere,
482 1051 511 1101 et
535 1042 612 1120 (prod
633 1042 723 1120 lupini
746 1041 967 1118 magnitudinem
982 1041 1085 1119 hahet,
1108 1045 1137 1104 in

138 1128 230 1188 trihus
253 1128 363 1202 cyathis
387 1144 480 1203 aquae
501 1126 625 1186 diluitur.
661 1125 693 1185 ld
708 1134 802 1185 tamen
818 1127 846 1184 in
863 1125 947 1185 lehre
968 1125 1136 1203 periculose
1148 1147 1171 1188 uo

139 1213 230 1272 datur.

202 1293 231 1354 6.
254 1293 299 1352 Ad
322 1293 477 1352 sanandum
488 1295 590 1367 jecur:
612 1293 677 1350 nitri
693 1311 721 1370 p.
744 1292 801 1371 )·(.
824 1310 850 1350 n.
871 1292 967 1368 croci,
991 1294 1136 1370 myrrhae,

138 1377 219 1437 nardi
233 1376 350 1455 gallici,
366 1376 543 1453 singulomm
559 1394 586 1454 p.
603 1375 659 1455 )·(.
675 1389 698 1435 1.
720 1376 808 1435 melle
824 1377 1021 1454 excipiuntur,
1041 1376 1135 1436 datur·

139 1480 213 1541 que,
230 1460 307 1539 quod
323 1462 478 1536 aegyptiae
495 1459 580 1518 iahae
597 1459 819 1534 magnitudinem
834 1455 950 1519 haheat.

203 1547 231 1603 7.
259 1543 301 1602 Ad
322 1543 421 1603 lateris
442 1542 560 1602 dolones
582 1542 738 1618 liniendos,
762 1543 888 1621 piperis,
917 1542 1135 1620 aristolochiae,
1146 1559 1171 1599 as

139 1629 219 1688 nardi
226 1626 384 1705 ,myrrhae
403 1644 489 1705 pares
502 1627 664 1704 portiones

202 1675 235 1772 8.
254 1712 300 1771 Ad
315 1710 456 1770 thoracis:
470 1709 593 1789 nardip.
609 1708 666 1790 )-(.
681 1723 703 1769 1.
719 1711 806 1787 turis,
824 1711 920 1770 casiae
930 1709 1136 1787 ,singulorum

138 1817 167 1876 p.
191 1795 247 1877 )-(.
272 1809 323 1855 111.
347 1794 496 1871 myrrhae,
529 1794 714 1870 cinnamomi,
735 1793 912 1871 singulorum
946 1812 974 1870 p.
1002 1793 1134 1874 )·.(vl.

139 1881 269 1958 crocip.
296 1880 354 1959 )·.(
376 1891 450 1936 v111.
480 1879 596 1937 resinae
620 1875 830 1937 terebinthinae
853 1877 1012 1955 quadrans,
1038 1856 1134 1937 mellis

138 1965 269 2024 heminae
286 1973 356 2022 tres.
1143 1974 1169 2014 ao

201 2049 230 2110 9.
255 2047 298 2106 Ad
314 2047 414 2107 tussim
431 2045 619 2105 Athenionis:
642 2044 793 2121 myrrhae,
810 2047 935 2122 piperis,
957 2043 1134 2121 singulorum

138 2151 166 2210 p.
182 2130 238 2210 )·(.
255 2145 278 2190 1.
300 2131 442 2206 castorei,
459 2128 613 2207 papaveris
628 2128 781 2204 lacrimae,
799 2127 974 2205 singulorum
992 2147 1019 2206 p.
1037 2126 1093 2206 )·(.
1111 2142 1134 2186 1.

139 2234 213 2293 quae
230 2215 384 2291 separatim
403 2221 522 2271 contusa
539 2220 642 2288 postea
661 2214 835 2289 Junguntur,
858 2221 887 2270 et
909 2212 944 2271 ad
966 2211 1133 2289 magnitudi-

138 2317 204 2357 nem
222 2296 307 2356 iahae
325 2304 458 2371 nostrae,
475 2294 541 2354 hina
556 2297 701 2372 catapotia
718 2313 817 2372 mane,
836 2295 901 2354 hina
919 2305 1006 2355 noctu
1030 2295 1133 2354 dormi-

138 2391 202 2439 turo
218 2379 329 2438 dantur.
1143 2390 1168 2428 as

201 2464 249 2523 to.
276 2463 306 2521 Si
322 2463 411 2520 tussis
428 2478 557 2520 sonnium
573 2462 725 2539 prohihet,
750 2463 785 2522 ad
804 2473 954 2541 utrumque
970 2463 1134 2523 Heraclidis

139 2546 300 2605 Tarentini:
323 2546 403 2603 croci
423 2562 452 2621 p.
474 2545 530 2624 )·(.
563 2564 588 2603 n.
611 2546 763 2621 myrrhae,
789 2546 901 2624 piperis
927 2545 1022 2623 longi,
1049 2549 1133 2622 costi,

137 2629 269 2706 galbani,
285 2628 462 2704 singulomm
477 2648 505 2707 p.
521 2628 577 2708 )·(.
594 2649 619 2688 n.
637 2631 825 2706 cinnamomi,
846 2633 989 2706 castorei,
1006 2647 1133 2708 papave-

138 2714 176 2771 ris
195 2712 350 2788 lacrimae,
368 2710 547 2789 singulorum
560 2731 587 2790 p.
605 2712 661 2792 )·(.
680 2727 701 2772 1.

200 2797 247 2856 11.
268 2795 352 2868 Quod
381 2798 405 2855 si
434 2798 581 2875 purganda
609 2796 708 2857 ulcera
738 2799 766 2855 in
790 2796 922 2856 laucihus
945 2797 1169 2856 tussientibusao

139 2889 219 2957 sunt,
243 2884 377 2958 panacis,
399 2880 550 2957 myrrhae,
571 2883 686 2940 resinae
708 2880 936 2957 terebinthinae,
957 2880 1134 2957 singulorum

139 2983 167 3043 p.
198 2967 297 3040 uncia,
315 2964 431 3041 galbani
450 2982 478 3042 p.
493 2964 550 3043 )·(.
580 2984 604 3023 n.
626 2965 746 3042 hyssopi
767 2982 795 3042 p.
818 2964 875 3045 )·(.
892 2968 941 3032 Ξ-.
959 2964 1134 3023 conterenda

138 3058 217 3123 sunt,
233 3046 337 3125 hisque
352 3046 465 3106 hemina
483 3046 577 3105 mellis
595 3049 776 3124 adjicienda,
793 3058 821 3107 et
838 3049 914 3126 quod
929 3048 1020 3124 digito
1037 3046 1134 3124 excipi

138 3139 253 3209 potest,
271 3131 466 3190 devorandum
481 3139 535 3188 est.

206 3213 252 3274 12.
276 3211 378 3272 Colice
394 3231 465 3272 vero
479 3211 572 3273 Cassii
589 3233 626 3273 ex
642 3214 686 3273 his
699 3224 811 3273 constat
827 3215 906 3292 (Gal.
919 3214 952 3275 S.
965 3212 1001 3275 L.
1013 3213 1065 3290 IX,
1078 3214 1115 3292 4)
1125 3233 1131 3272 :
1143 3223 1169 3263 ³⁵

138 3298 234 3374 croci,
265 3299 352 3374 anisi,
386 3300 527 3374 castorei,
558 3297 735 3374 singulorum
760 3316 787 3375 p.
810 3299 866 3377 )·(.
887 3312 937 3358 111.
963 3296 1133 3377 petroselini

138 3399 166 3458 p.
183 3381 240 3461 )·(.
258 3395 304 3441 Ν.
324 3383 436 3459 piperis
451 3389 480 3439 et
495 3381 574 3458 longi
591 3391 619 3441 et
632 3380 745 3440 rotundi
755 3427 763 3458 ,
785 3382 961 3458 singulorum
982 3400 1010 3460 p.
1025 3380 1081 3461 )·(.
1100 3393 1132 3439 v.

141 3465 295 3541 papaveris
315 3464 468 3542 lacrimae,
479 3465 561 3539 junci
576 3464 707 3540 rotundi,
723 3465 873 3541 myrrhae,
892 3466 988 3542 nardi,
1007 3463 1133 3540 singulo·
