2416 3936
453 194 694 260 -151-

66 359 215 404 mensure.
270 345 369 403 omnia
406 341 613 403 commiscebis
651 352 681 404 et
717 340 828 403 adicies
863 359 951 402 ovum
989 358 1082 403 uuum

66 432 193 494 crudum
217 439 248 493 et
270 433 301 492 in
324 431 452 511 ampulla
475 433 589 512 mittes,
618 448 707 511 quam
729 433 761 491 in
784 428 890 510 frigida
913 448 989 509 equa
1012 429 1082 492 suh-

67 523 189 582 missem
214 519 408 599 infrigidebis.
450 528 481 582 et
508 521 627 602 quondo
655 522 700 582 nii
727 518 872 600 mineris,
902 517 1025 598 agitabis
1047 528 1083 581 ut

66 627 160 672 uuum
184 625 293 688 corpus
316 608 416 688 liquor
438 612 503 690 ipse
526 609 627 691 faeiat,
655 609 752 670 etsie
775 605 812 669 de
835 606 975 668 embroee
996 607 1082 669 lanea

65 705 221 778 aegrotum
249 715 434 779 perungnes,
462 700 555 759 eiiam
575 707 614 760 et·
628 699 718 777 cupiti
741 699 807 758 eius
830 696 1013 776 aliquantum
1036 698 1113 757 ins

66 787 182 848 fundes.

154 876 210 936 effa
238 878 397 955 perunctio
425 876 617 957 icxrpyrems,
649 875 685 937 sd
715 893 828 937 causon
857 884 886 936 et
914 876 951 936 ed
983 877 1083 955 iugem

65 966 127 1024 sive
160 967 332 1026 continuem
366 962 494 1046 febrem,
527 982 615 1044 quem
648 965 754 1026 Graeci
785 964 939 1044 synoebon
970 963 1082 1026 dicuni.

65 1053 239 1115 cucurbitae
276 1071 411 1114 rasuram
449 1056 597 1134 exprimes
635 1063 666 1115 et
703 1071 860 1115 rosaceum
897 1053 995 1114 oleum
1033 1050 1082 1112 ad-

66 1141 206 1203 miscebis
238 1141 354 1221 aequdf
385 1143 488 1223 modo,
521 1151 550 1202 et
578 1160 647 1205 cum
675 1141 833 1222 diligenter
863 1143 1020 1203 miscueris
1050 1150 1083 1202 ut
1098 1155 1124 1195 1⁰

66 1231 204 1310 frigidum
233 1234 284 1311 sii,
311 1239 409 1292 totum
432 1249 542 1310 corpus
565 1248 745 1311 peruugues.
781 1229 938 1310 aliquando
967 1238 998 1292 et
1018 1237 1083 1310 pty-

64 1327 164 1398 gmete
187 1320 293 1399 frigida
316 1322 347 1381 in
366 1320 474 1381 eodem
490 1320 607 1399 liquore
626 1321 724 1382 infuse
742 1320 939 1403 sufficienter,
963 1321 1082 1381 viscori-

65 1408 122 1470 bus
155 1411 396 1491 superimpones,
425 1411 451 1470 si
483 1418 583 1470 temen
611 1417 707 1470 costes
737 1408 836 1470 fuerib
881 1408 979 1471 hieme
1011 1424 1082 1469 vero

65 1497 159 1558 enfide
197 1505 227 1558 et
262 1497 328 1557 oieo
364 1515 488 1559 roseceo
525 1505 674 1578 ptygmnin
708 1497 850 1559 infundes
883 1505 913 1560 et
945 1497 1083 1558 similiter

66 1585 233 1648 visceribus
256 1602 395 1666 appones.
1097 1597 1122 1639 1⁵

155 1674 209 1736 sed
228 1677 254 1735 si
277 1675 353 1735 forte
373 1675 471 1756 eliqua
488 1679 586 1738 tensio
604 1675 787 1756 praecordiis
806 1677 982 1757 occurrerit,
1005 1683 1082 1736 cetu·

64 1765 208 1845 plasmate
241 1765 344 1825 uteris.
390 1765 522 1846 dactylos
555 1764 687 1826 nicolaos
718 1780 843 1825 numero
871 1762 895 1822 V
921 1781 976 1843 per
1004 1762 1083 1824 diem

64 1872 140 1934 equs
170 1852 263 1914 calida
292 1852 432 1914 infundes
455 1862 486 1916 et
509 1861 647 1915 conteres
671 1862 701 1914 et
728 1855 759 1913 in
782 1851 876 1914 enfide
898 1851 1030 1912 resolves
1053 1859 1083 1911 et

65 1944 210 2022 adiunges
237 1941 295 2001 olei
322 1944 438 2003 rosacei
466 1943 616 2003 modicum
642 1950 674 2003 et
701 1959 793 2021 super
822 1943 922 2001 mittes
952 1939 1007 2000 lini
1038 1957 1083 1999 se-

65 2035 154 2093 minis
182 2040 282 2110 peries
310 2030 336 2091 11
366 2037 396 2090 et
423 2030 481 2092 olei
508 2039 623 2111 partem
646 2029 668 2092 1.
695 2038 726 2091 et
752 2037 821 2109 post
849 2029 912 2089 dies
941 2027 1081 2107 cataplas-
1096 2039 1123 2082 2⁰

64 2124 152 2181 metis
189 2120 321 2198 expletos
354 2120 517 2200 leripyreto
546 2122 649 2182 uteris.
696 2119 765 2179 facit
794 2120 873 2178 enim
901 2118 937 2178 ed
968 2117 1082 2178 febrem

138 2327 364 2392 loommisoise
384 2333 464 2380 —ees
474 2344 505 2396 Ρ.
579 2343 661 2381 orum
676 2326 792 2380 mudum
807 2324 836 2379 ..1
847 2327 1082 2395 p‚erm1i(0vum

63 2403 179 2466 unumi)
200 2398 356 2452 erudnme.
444 2397 638 2466 iempufec:
667 2396 866 2466 ampullamp.
950 2396 1017 2466 frigi
1009 2396 1083 2450 'dum

64 2486 214 2540 aqusmp.
289 2467 591 2537 3infrigidebise:1u
609 2467 714 2537 frigide
732 2467 856 2536 debisp.
930 2468 1032 2521 ilaue
1049 2483 1083 2535 cp

61 2543 158 2610 (lenes
172 2545 227 2610 ΡΘ)
301 2546 537 2608 bperungerep.
611 2539 696 2593 etium
710 2554 761 2594 one
776 2555 798 2593 c.
871 2537 959 2608 capiti
977 2539 1082 2592 eiusc.

62 2613 166 2681 eapitis
191 2611 267 2680 cip
376 2609 629 2678 aliquantulump.
740 2609 991 2679 flexiperitonp,
1014 2608 1083 2663 lexi-

63 2678 1083 2754 pebibetoc.8sinodu1nc,sineeonp.besprimisp.ed-

63 2755 165 2809 misces
190 2771 216 2822 e,
241 2754 409 2822 emiscesp
519 2759 553 2808 10
575 2752 618 2806 ibe
642 2753 723 2820 ubp.
833 2757 865 2805 11
890 2767 1082 2822 perungesp.

62 2826 205 2896 piigmebe
219 2825 280 2894 (om.
296 2826 379 2893 ebio,
399 2824 555 2895 opprimam
565 2840 596 2893 Ρ
670 2829 704 2878 13
718 2822 945 2889 sufficientem,
964 2823 1041 2878 -bie
1051 2837 1081 2890 Ρ.

63 2913 194 2966 usupur
211 2895 366 2965 inponisc,
385 2914 411 2949 v.
430 2912 591 2965 npponesp
611 2895 671 2964 (qui
688 2895 790 2950 bened
808 2895 891 2950 odo
906 2900 954 2949 33
971 2911 1038 2949 nom
1053 2891 1083 2947 Si

62 2972 148 3021 t‘n-
168 2983 293 3036 appones
311 2967 344 3019 irs
361 2983 447 3037 morp.
467 2967 548 3021 addit
536 2970 614 3035 ip0.)
697 2972 732 3020 14
750 2966 918 3035 iipmebsc,
940 2965 1083 3037 ptigmste

59 3044 102 3106 p0.
193 3043 225 3091 13
245 3037 300 3091 Sed
318 3052 369 3091 om
386 3054 415 3106 Ρ.
506 3037 623 3093 efbenfb
636 3054 659 3106 Ρ
681 3036 848 3120 (obcurrerib
861 3039 918 3106 Ρ.)
1008 3039 1083 3091 cetu·

63 3109 174 3189 plasme
201 3124 234 3176 cp
264 3109 323 3176 (qui
353 3109 462 3163 addocet
489 3109 657 3178 lexiperibon
685 3125 712 3177 c,
744 3107 915 3177 lixoperibon
943 3113 993 3163 eui
1019 3113 1083 3163 onte

63 3178 750 3249 con.1ixopotonp.qooddnmeomoiueror
784 3180 862 3245 cfio
880 3180 938 3244 21)
1048 3182 1081 3232 1‘1

64 3250 153 3306 uteris
177 3250 230 3304 hoc
255 3249 388 3305 modod
410 3266 440 3319 Ρ
530 3255 633 3306 nice.
656 3264 753 3318 emp
845 3254 878 3303 13
901 3250 930 3303 iu
949 3264 1023 3316 equa
1040 3263 1081 3318 cp.

64 3322 247 3377 infundes-
268 3320 361 3376 calide
384 3337 435 3375 om.
459 3337 481 3376 c.
590 3323 620 3376 eb
637 3335 688 3375 om.
703 3336 734 3388 Ρ
844 3325 877 3374 19
896 3319 1081 3403 adurgueso

66 3392 156 3449 mittis
174 3409 214 3462 ep.
324 3390 376 3447 lini
395 3408 489 3448 semen
507 3410 565 3462 per.
584 3391 618 3448 II.
638 3407 666 3458 c,
688 3390 740 3446 lini
758 3389 873 3446 seminis
897 3390 1039 3462 pollinis
1030 3390 1084 3460 fois

66 3468 167 3533 peries
188 3465 222 3521 11.
238 3478 268 3532 Ρ.
342 3469 375 3517 iii
395 3463 564 3534 lexiperibon
582 3480 624 3532 cp.
697 3460 773 3518 enim
791 3478 841 3518 om
857 3477 887 3533 Ρ.
