2416 3936
185 192 205 256 6
443 199 492 246 DE
514 198 577 246 DIE
599 196 733 246 NATALI
756 195 831 244 GAP.
848 197 894 244 lv.

150 356 168 404 4
187 360 365 424 quamquam
386 357 447 400 non
467 338 563 398 solum
584 337 648 408 hic,
671 336 723 397 sed
740 344 769 397 et
788 335 837 396 alii
853 343 922 397 sunt
942 345 1105 415 praeterea
1121 337 1168 398 dei

187 426 347 505 conplures
368 425 523 485 hominum
544 425 633 482 vitam
656 439 712 500 pro
732 440 784 482 sua
808 422 933 499 quisque
955 423 1101 499 portione
1117 422 1166 483 ad·

187 510 402 579 miniculantes,
420 508 495 586 quos'
506 506 653 568 volentem
666 523 849 584 cognoscere
864 506 1167 584 indigitamentorum

187 595 256 656 libri
277 597 348 655 satis
365 592 540 655 edocebunt.
578 592 630 652 sed
645 609 749 651 omnes
765 591 797 651 hi
812 589 906 652 semel
921 592 951 650 in
967 609 1030 652 uno
1046 607 1167 672 quoque

187 679 307 739 homine
328 678 484 738 numinum
505 694 628 737 suorum
657 676 793 736 ellectum
815 683 1065 753 repraesentant,
1093 690 1194 757 quo-o

188 765 266 825 circa
288 781 348 823 non
370 781 426 842 per
447 779 535 822 omne
557 763 632 822 vitae
648 761 775 838 spatium
799 761 881 820 novis
896 761 1100 840 religionibus
1122 781 1167 823 ar-

154 855 364 910 tcessuntur:
395 847 500 924 genius
521 852 620 907 autem
648 848 688 905 ita
710 844 797 904 nobis
818 844 960 906 adsiduus
989 845 1167 907 observator

189 933 340 1010 adpositus
356 939 415 999 est,
438 941 525 991 utne
540 938 651 1010 puncto
667 929 785 1007 quidem
802 931 947 1006 temporis
962 929 1085 1007 longius
1102 931 1167 992 abs·

190 1016 287 1086 cedat,
313 1015 364 1076 sed
388 1015 424 1074 ab
448 1021 532 1075 utero
555 1016 656 1074 xnatris
679 1020 817 1092 acceptos
838 1015 875 1074 ad
898 1022 1070 1077 extremum
1094 1017 1168 1076 vitae

189 1101 266 1161 diem
288 1101 455 1160 comitetur.
495 1099 546 1160 sed
571 1118 637 1160 cum
661 1098 768 1177 singuli
789 1098 925 1160 homines
947 1107 1206 1161 suostanlum·1t

190 1184 278 1244 modo
301 1186 440 1262 proprios
461 1183 559 1243 colant
583 1182 710 1253 nataleS,
741 1201 796 1261 ego
817 1190 916 1244 tamen
944 1183 1059 1262 duplici
1081 1193 1169 1263 quot-

155 1282 170 1330 6
189 1269 273 1329 anxiis
294 1267 392 1328 cilicio
412 1268 537 1328 huiusce
558 1268 711 1345 religionis
734 1268 918 1346 adstringor:
942 1286 1013 1328 nam
1037 1287 1109 1330 cum
1134 1288 1169 1330 ex

188 1360 217 1412 te
232 1358 341 1430 tuaque
356 1352 483 1413 amicitia
498 1351 645 1412 honorem
662 1352 833 1430 dignitatem
851 1353 942 1412 decus
963 1352 1064 1429 adque
1080 1371 1169 1431 prae-

189 1436 313 1506 sidium,
331 1444 437 1497 cuncta
453 1436 580 1514 denique
596 1436 671 1496 vitae
687 1438 818 1513 praemia
834 1439 992 1514 recipiam,
1016 1440 1105 1500 nolas
1122 1456 1168 1499 ar·

189 1520 299 1591 bitror,
328 1523 353 1581 si
375 1521 452 1581 diem
475 1528 574 1590 tuum,
603 1523 655 1598 qui
671 1527 698 1581 te
714 1521 786 1580 mihi
808 1522 838 1580 in
854 1521 931 1581 hanc
946 1521 1046 1582 lucem
1064 1522 1167 1591 edidit,
1185 1534 1195 1579 1

189 1624 256 1666 meo
272 1605 322 1666 illo
339 1607 461 1684 proprio
478 1603 679 1682 neclegentius
696 1604 901 1666 celebravero:
925 1605 973 1666 ille
995 1607 1078 1667 enim
1093 1602 1169 1667 milri

189 1691 294 1758 vitam,
312 1689 360 1749 hic
376 1691 450 1750 vitae
465 1691 595 1750 fructum
612 1690 708 1768 adque
724 1697 931 1750 ornamentum
947 1700 1147 1769 pepererunt.

154 1785 173 1840 4
256 1774 402 1845 Quoniam
418 1781 499 1834 aetas
518 1792 534 1833 a
551 1774 598 1834 dle
613 1772 701 1834 natali
717 1775 832 1835 initium
847 1776 936 1835 sumit
951 1784 1081 1854 suntque
1097 1784 1167 1837 aute

188 1857 269 1920 hunc
294 1857 371 1918 diem
394 1859 485 1919 multa
506 1877 581 1936 quae
603 1858 639 1917 ad
660 1858 813 1918 hominum
834 1861 984 1938 pertinent
1005 1861 1166 1938 originem,

188 1960 249 2003 non
266 1941 393 2004 alienum
410 1943 526 2003 videtur
547 1942 584 2002 de
604 1943 641 2003 ils
656 1944 739 2020 prius
755 1942 855 2003 dicere
876 1962 951 2022 quae
970 1951 1041 2004 sunt
1057 1952 1167 2005 natura
1183 1954 1205 2000 rr

189 2029 299 2103 priora.
337 2029 428 2104 igitur
449 2045 525 2106 quae
540 2027 688 2087 veteribus
713 2027 750 2088 de
766 2029 880 2105 origine
901 2028 1029 2088 humana
1052 2030 1168 2090 luerint

189 2113 359 2189 opinioneS,
378 2130 412 2170 ex
429 2111 475 2170 his
492 2111 635 2189 quaedam
652 2111 781 2172 breviter
797 2130 952 2190 exponam.

155 2211 171 2259 2
254 2196 352 2256 Prima
376 2204 405 2256 et
423 2196 569 2274 generalis
585 2196 718 2274 quaestio
740 2198 817 2256 inter
840 2198 976 2274 antiquos
998 2197 1168 2273 sapientiae

189 2280 336 2341 studiosos
352 2288 465 2342 versata
483 2288 542 2349 est,
567 2280 662 2357 quod,
687 2298 753 2340 curn
771 2288 886 2341 constet
900 2281 1036 2341 homines
1060 2284 1167 2359 singu-

189 2362 234 2423 los
258 2383 292 2424 ex
314 2372 470 2443 pareutum
487 2362 650 2424 seminibus
667 2372 840 2443 procreatos
862 2367 1051 2427 successione
1068 2367 1166 2443 prolis
1184 2378 1198 2425 a

188 2446 279 2506 multa
302 2448 421 2509 saecula
436 2465 619 2526 propagare,
646 2448 694 2509 alii
710 2467 828 2526 semper
844 2451 980 2511 homines
994 2451 1086 2511 luisse
1107 2467 1167 2512 nec

188 2547 328 2607 umquam
355 2533 411 2591 nisi
438 2551 473 2591 ex
500 2532 670 2593 hominibus
696 2544 782 2595 natos
810 2535 905 2613 adque
931 2553 1033 2595 eorum
1056 2539 1167 2610 generi

188 2622 276 2691 caput
301 2614 514 2693 exordiumque
540 2616 653 2677 nullum
682 2620 813 2680 extitisse
839 2619 972 2679 arbitrati
998 2628 1082 2688 sunt,
1115 2619 1167 2681 alii

187 2716 257 2759 vero
273 2698 364 2760 luisse
379 2706 496 2778 tempus
513 2718 579 2760 cum
596 2702 732 2762 homines
747 2720 808 2763 non
824 2711 936 2775 esseut,
955 2710 984 2763 et
998 2702 1044 2762 his
1060 2713 1165 2765 ortum

155 2782 318 2862 taliqucm
342 2785 581 2863 principiumque
606 2793 713 2848 natura
734 2787 888 2850 tributum.
924 2787 976 2850 sed
1002 2789 1086 2865 prior
1112 2789 1164 2850 illa
1182 2801 1207 2848 a·

194 2928 247 2934 ...-
259 2929 392 2936 -—-—.

256 3004 281 3055 4.
299 3003 415 3055 librisd
467 3005 718 3057 sartssebocenuxr
737 3009 760 3056 l)
813 3008 855 3057 hu
873 3009 897 3056 D
967 3010 991 3058 5.
1011 3022 1164 3071 quociens

187 3071 213 3119 D
282 3072 306 3120 tl.
328 3087 406 3122 uoms
425 3073 450 3121 D
520 3074 720 3137 auceseslunuu
736 3076 770 3136 Ι),
791 3077 879 3126 muln
897 3091 977 3140 marg.
996 3077 1082 3125 adscr.
1103 3077 1122 3125 d

187 3139 212 3189 9.
233 3152 354 3202 acepros
373 3141 410 3201 D,
436 3140 569 3206 adceptos
587 3146 607 3194 d
618 3145 655 3206 V,
680 3143 714 3191 ad
734 3157 830 3192 cereos
850 3147 878 3192 et
897 3147 964 3192 extr.
983 3143 1165 3193 Lachmannue

188 3207 228 3256 10.
250 3219 366 3256 rourum
387 3206 461 3258 modo
480 3210 504 3256 D
558 3213 598 3260 11.
618 3225 689 3275 quor
708 3224 788 3260 auxus
808 3211 831 3258 D
884 3213 924 3259 12.
944 3212 1075 3275 reqtloxts
1094 3211 1120 3259 Ι)

186 3274 327 3336 astringor
349 3276 374 3324 V
442 3278 482 3328 13.
501 3282 583 3342 atque
606 3279 638 3343 V,
657 3280 716 3328 item
732 3293 768 3327 vc.
784 3281 816 3326 17
828 3283 853 3326 et
865 3281 910 3326 27·
969 3280 1010 3330 16.
1034 3293 1086 3327 nec
1105 3279 1164 3344 gle-

187 3342 298 3404 gentius
320 3343 347 3391 V
408 3358 626 3397 caenessssuexo
644 3347 670 3395 Ι)
741 3346 781 3395 18.
802 3359 946 3408 suurquae
964 3347 989 3394 D
1058 3348 1100 3396 20.
1119 3347 1163 3396 his

187 3408 206 3455 d
227 3410 253 3457 in
275 3425 330 3464 rac.
357 3411 394 3473 V,
419 3427 487 3463 corr.
514 3413 631 3464 Halmius
700 3414 742 3463 21.
768 3415 810 3467 22.
834 3413 948 3463 fuerunt
971 3440 1003 3448 —
1027 3413 1163 3478 quasdam

186 3471 284 3525 Iatour
354 3479 396 3528 28.
415 3476 504 3542 capud
521 3480 547 3528 Ι)
