2414 3924
148 183 209 246 286
326 266 329 271 .
442 197 475 246 a.
490 197 520 246 ε.
536 197 635 246 cnusr
649 196 845 247 annuemus

147 350 268 430 septimo
285 350 330 410 die
346 351 514 428 glutinatum
535 360 588 410 est.
616 350 689 411 'lum
704 359 819 412 suturae
836 351 938 427 eximi,
959 359 988 410 et
1004 351 1088 412 ulcus
1105 352 1142 412 ad

147 434 297 496 sanitatem
314 433 432 512 perduci
447 432 544 494 debet.

514 601 537 661 O
549 602 613 659 ΑΡ
625 602 655 662 U
667 602 695 659 'P
728 602 770 659 X.

563 711 599 760 De
610 711 713 777 polypo.

208 847 348 926 Polypum
365 864 445 923 vero,
464 849 511 925 qui
526 849 554 905 in
569 848 684 907 naribus
702 848 827 907 nascitur
843 846 891 927 (P.
908 846 985 925 Aeg.
999 846 1052 925 vl,
1067 847 1164 927 25j‚⁵

146 934 224 993 ferro
241 932 397 1011 praecipue
415 932 507 990 curari
516 931 576 1006 jam
598 931 668 990 alias
691 932 774 1010 posui
793 928 861 1009 (Vl,
877 929 923 1008 8).
953 929 1034 1008 Ergo
1062 930 1142 993 lrunc

146 1016 319 1076 ferramento
342 1023 443 1089 acuto,
471 1015 499 1072 in
520 1013 633 1073 modom
657 1013 777 1092 spathae
798 1014 893 1089 lacto,
923 1014 1078 1073 resolvere
1102 1015 1139 1075 alr

147 1117 216 1161 osse
237 1106 370 1176 oportet:
393 1095 517 1157 adhibita
538 1097 703 1176 diligentia,
724 1116 760 1157 ne
782 1097 855 1157 inira
877 1096 1020 1174 cartilago
1040 1097 1140 1159 laeda·

146 1194 205 1250 tur;
229 1182 256 1240 iu
279 1198 334 1258 qua
356 1179 480 1240 difficilis
503 1183 611 1242 curatio
636 1190 690 1240 est.
715 1180 772 1241 Ubi
798 1179 948 1240 abscissus
971 1189 1032 1257 est,
1062 1200 1139 1242 unco

146 1267 321 1326 ferramento
333 1262 525 1323 extrahendus
540 1274 593 1323 est.
621 1264 690 1324 Tum
703 1264 870 1343 implicitum
878 1263 1073 1341 linamentum,
1091 1265 1140 1325 vel
1151 1287 1173 1327 m

146 1347 253 1425 aliquid
266 1365 303 1406 ex
319 1346 456 1424 penicillo
469 1348 697 1424 respergendum
710 1356 754 1407 est
765 1347 984 1423 medicamento,
1003 1363 1062 1424 quo
1075 1367 1140 1410 san·

146 1431 212 1509 guis
234 1431 433 1508 supprimitur,
455 1447 549 1507 eoque
571 1434 647 1491 naris
673 1431 777 1491 leviter
803 1429 955 1510 implenda.
990 1432 1140 1508 Sanguine

146 1532 317 1594 suppresso,
332 1514 486 1573 linamento
519 1513 599 1574 ulcus
615 1514 793 1591 purgandum
812 1522 866 1573 est.
891 1512 949 1574 Ubi
965 1533 1066 1593 purum
1085 1523 1141 1592 est,

146 1595 1172 1760 {nortmannorum'cultratoattitulatis:1,

145 1765 297 1842 mittenda,
315 1764 408 1824 donec
425 1783 461 1823 ex
476 1773 537 1823 toto
552 1765 581 1825 id
596 1774 738 1825 sanescat.

494 1933 676 1993 CAPUT
723 1933 793 1990 XI.

565 2051 601 2100 lle
617 2065 720 2100 ozaena.

206 2184 239 2244 ld
255 2195 348 2245 autem
362 2187 475 2262 vitium,
496 2187 572 2263 quod
591 2175 729 2259 ὅξαιναε
745 2185 865 2247 Graecis
880 2194 1001 2245 vocatur
1016 2185 1071 2263 (cl.
1089 2184 1138 2262 Vl,

146 2268 192 2348 8),
211 2269 235 2327 si
249 2269 461 2329 medicamentis
476 2287 532 2328 non
548 2268 675 2346 cederet,
692 2269 926 2346 quemadmodum
937 2286 1019 2328 manu
1035 2286 1135 2328 curan·
1147 2287 1172 2326 m

146 2351 210 2410 dum
226 2361 322 2427 esset,
340 2352 414 2430 apud
429 2368 549 2428 magnos
568 2352 719 2430 chirurgos
735 2370 793 2412 non
808 2354 921 2431 reperi:
946 2352 1051 2427 credo,
1071 2353 1138 2430 quia

145 2451 194 2492 res
208 2451 275 2493 raro
290 2435 326 2494 ad
344 2437 492 2494 sanitatem
507 2437 575 2494 satis
590 2437 719 2513 prolicit,
734 2454 817 2514 quum
835 2436 951 2513 aliquod
967 2437 994 2494 in
1010 2437 1075 2513 ipsa
1090 2454 1137 2494 cu·

145 2516 256 2575 ratione
272 2526 441 2576 tormentum
453 2517 566 2581 habeat.
588 2518 674 2597 Apud
689 2520 826 2598 quosdam
839 2528 932 2578 tamen
944 2520 1068 2597 positum
1082 2528 1137 2595 est,

146 2598 193 2657 vel
209 2599 325 2658 fictilem
342 2600 480 2678 fistulam,
497 2603 543 2661 vel
557 2603 677 2662 enodem
693 2605 875 2681 scriptorium
893 2603 1030 2661 calamum
1044 2603 1073 2661 in
1087 2621 1136 2661 na·

145 2700 206 2741 reru
222 2700 289 2741 csse
305 2685 529 2761 conjiciendum,
554 2687 647 2746 donec
663 2705 773 2745 sursum
788 2686 823 2746 ad
840 2703 873 2745 os
889 2687 1055 2763 perveniat:
1079 2694 1171 2746 turum

147 2783 199 2846 per
214 2767 242 2826 id
260 2776 345 2826 tenue
361 2768 562 2828 ferramentum
578 2770 702 2831 candens
716 2769 915 2829 dandumesse
929 2769 1070 2847 adipsum
1087 2788 1136 2828 os:

146 2851 249 2910 deinde
271 2851 400 2911 adustum
422 2853 517 2914 locum
537 2852 713 2932 purgandum
736 2872 802 2912 esse
824 2853 962 2929 aerugine
987 2862 1016 2912 et
1031 2852 1136 2911 melle:

145 2932 193 2994 ubi
209 2953 296 3013 purus
312 2945 373 3012 est,
396 2937 473 3011 lycio
486 2937 521 2997 ad
536 2939 683 2996 sanitatem
706 2936 928 3014 perducendum.
959 2934 1014 2995 Vel
1038 2953 1136 2994 narem

145 3018 323 3079 incidendam
344 3038 411 3080 esse
432 3020 468 3079 ab
489 3023 543 3080 ima
567 3030 647 3100 parte
671 3019 706 3079 ad
732 3038 788 3096 os,
803 3029 833 3078 ut
849 3029 878 3077 et
900 3019 1030 3096 conspici
1052 3017 1136 3076 loeus

146 3103 253 3179 possit,
277 3113 306 3163 et
326 3103 439 3163 lucilius
457 3104 582 3163 candens
602 3103 802 3163 ferramentum
817 3102 974 3163 admoveri.
1004 3100 1074 3160 Tum
1091 3102 1134 3160 sui
1146 3126 1171 3166 ³0

145 3200 242 3243 narem
261 3184 384 3257 debere;
409 3197 437 3246 et
462 3187 589 3246 adustum
611 3187 723 3265 quidem
742 3187 823 3246 ulcus
838 3185 937 3245 eadem
953 3186 1065 3243 ratione
1088 3201 1134 3242 cu·

145 3268 215 3326 rari:
246 3279 371 3329 suturam
391 3288 463 3329 vero
485 3270 556 3330 illini
578 3270 625 3330 vel
648 3287 748 3349 spuma
771 3270 898 3346 argenti,
922 3267 968 3326 vel
993 3267 1050 3326 alio
1071 3264 1134 3343 glu-

144 3351 259 3410 tinente.
