2414 3924
143 184 161 245 8
448 192 842 244 commemoraremus

143 351 314 429 conspectui
340 349 524 426 subjiciatur,
550 349 579 409 id
602 369 692 430 saepe
715 369 812 412 casum
834 351 940 411 olierre
965 355 1140 415 curantibus.

141 434 286 496 Interdum
302 433 376 493 enim
392 433 583 511 gladiatorem
597 436 625 494 in
640 453 737 512 arena,
753 435 801 494 vel
816 434 934 495 militem
948 436 976 495 in
993 438 1071 515 acie,
1088 439 1140 500 vei

141 521 281 580 viatorem
297 535 314 578 a
331 517 491 578 latronibus
506 528 660 596 exceptum
674 523 715 578 sic
729 518 884 594 vulnerari,
901 526 930 577 ut
944 518 1008 594 ejus
1019 521 1141 582 interior

141 603 234 682 aliqua
247 620 315 680 pars
331 604 487 681 aperiatur,
506 610 535 661 et
550 603 577 661 in
595 603 652 663 alio
668 603 738 663 alia:
752 605 791 662 ita
805 602 918 679 sedem,
936 607 1075 681 positum,
1094 624 1139 665 or-

141 688 245 762 dinem,
261 687 397 763 liguram,
416 687 575 764 similiaque
592 686 647 746 alia
663 703 846 764 cognoscere
867 685 1035 764 prudentem
1051 690 1164 753 medi-u

142 789 214 848 cum,
232 786 289 828 non
306 769 435 846 caedem,
453 769 505 829 sed
520 771 669 830 sanitatem
686 770 867 840 molientem
884 769 971 849 idque
988 790 1042 850 por
1055 773 1139 833 mise·

140 852 294 915 ricordiam
310 853 441 930 discere,
463 853 540 931 quod
562 854 609 913 alii
629 854 690 914 dira
714 853 882 914 crudelitate
899 857 1064 930 cognorint.
1095 856 1140 917 0b

32 992 34 996 .
140 940 271 1000 haecne
292 945 468 997 mortuorum
488 937 601 1016 quidem
626 938 830 998 lacerationem
851 941 1046 1000 necessariam
1062 959 1139 1017 esse,

140 1041 225 1104 quae,
241 1023 296 1082 etsi
312 1039 369 1081 non
386 1021 526 1098 crudelis,
550 1029 644 1082 tamen
658 1020 745 1082 loeda
762 1023 811 1091 sit;
833 1039 917 1101 quum
940 1022 1023 1083 aliter
1043 1023 1139 1104 plera-

141 1108 239 1186 quein
256 1106 374 1165 mortuis
396 1123 429 1165 se
449 1103 589 1167 babeant:
611 1115 744 1184 quantum
769 1108 883 1166 veroin
899 1107 973 1165 vivis
997 1111 1139 1186 cognosci
1151 1128 1176 1168 ro

140 1199 247 1270 potest,
263 1190 328 1267 ipsa
344 1190 453 1249 curatio
471 1189 613 1250 ostendat.

200 1274 292 1349 Quum
308 1274 380 1332 haec
396 1272 550 1351 permulta
567 1273 726 1349 volumina,
750 1290 861 1352 parque
878 1291 1001 1351 magnae
1020 1285 1139 1336 conten-

140 1360 227 1418 tionis
236 1357 444 1434 disputationes
457 1376 472 1417 a
484 1357 604 1416 medicis
615 1375 706 1435 saepe
717 1365 839 1418 tractata
849 1359 905 1417 sint
917 1367 1003 1436 atquo
1014 1363 1139 1419 trdcten·

140 1451 198 1502 tur:
218 1440 424 1516 subjiciendum
437 1449 496 1515 est,
516 1459 590 1519 quae
608 1441 739 1518 proxima
752 1457 823 1500 vero
841 1440 934 1501 rideri
948 1444 1070 1521 possint.
1096 1443 1138 1503 Ea

141 1543 234 1605 neque
246 1525 359 1586 addicta
371 1525 500 1585 alterutri
512 1526 640 1603 opinioni
652 1534 726 1600 sunt,
739 1543 833 1604 neque
844 1525 880 1586 ab
892 1533 1013 1605 utraque
1023 1526 1138 1586 nimium
1150 1549 1174 1590 rs

140 1608 339 1678 abhorrentia;
369 1608 462 1668 media
488 1609 698 1687 quodammodo
723 1610 797 1669 inter
816 1608 946 1669 diversas
965 1612 1138 1671 sententias:

142 1696 218 1773 quod
230 1696 258 1754 in
270 1693 399 1772 plurimis
412 1693 644 1754 contentionibus
660 1692 881 1772 deprehendere
900 1693 984 1768 licet,
1005 1693 1067 1753 sine
1083 1713 1138 1755 am-

139 1779 248 1858 bitione
268 1797 366 1837 verum
384 1776 591 1855 scrutantibus,
606 1786 635 1837 ut
647 1779 675 1836 in
692 1776 748 1837 hac
765 1776 828 1855 ipsa
849 1794 897 1844 re;
914 1795 977 1837 nam
998 1796 1071 1856 quae
1090 1778 1138 1838 de·

139 1882 213 1923 mum
227 1881 341 1938 causae,
354 1861 401 1921 vel
416 1861 572 1922 secundam
582 1860 774 1921 valetudinem
788 1870 945 1939 praestent,
958 1861 1005 1920 vel
1018 1861 1139 1922 morbos

139 1948 281 2017 excitent;
295 1945 439 2025 quomodo
451 1948 585 2025 spiritus,
598 1954 645 2006 ant
658 1944 752 2021 cibus,
770 1945 816 2004 vel
829 1944 973 2021 trahatur,
996 1945 1045 2004 vel
1057 1945 1174 2024 digero

139 2041 230 2109 ratur,
249 2050 285 2091 ne
298 2031 456 2110 sapientiae
475 2031 588 2109 quidem
603 2030 790 2108 professores
810 2030 929 2089 scientia
947 2029 1136 2109 comprehen-

139 2115 217 2192 dunt,
230 2115 281 2175 sed
294 2115 461 2189 conjectura
479 2123 700 2192 persequuntur.
738 2111 826 2187 cajus
845 2122 938 2172 autem
958 2115 1001 2173 rei
1019 2131 1076 2174 non
1094 2123 1139 2173 est

139 2209 219 2260 certa
233 2200 350 2274 notitia,
370 2198 434 2273 ejus
451 2199 549 2276 opinio
565 2207 674 2257 certum
695 2198 826 2275 reperire
844 2197 1000 2258 remedium
1012 2215 1070 2258 non
1085 2215 1138 2278 po-

138 2291 204 2343 test.
225 2285 391 2359 Verumque
406 2289 460 2356 est,
473 2281 509 2341 ad
523 2282 614 2359 ipsam
627 2280 744 2341 curandi
756 2280 896 2340 rationem
909 2280 978 2340 nihil
989 2281 1054 2360 plus
1069 2299 1138 2342 con·

138 2366 232 2442 ferre,
254 2383 338 2444 qnam
357 2366 574 2442 experientiam.
613 2365 790 2443 Quamquam
812 2367 898 2442 igitur
918 2365 1006 2425 multa
1033 2367 1089 2425 sint
1103 2364 1173 2425 adm

137 2451 217 2527 ipsas
230 2457 307 2508 artes
322 2450 442 2527 proprie
455 2465 511 2507 non
525 2450 705 2526 pertinentia,
719 2459 814 2508 tamen
827 2467 877 2509 eas
890 2448 1039 2526 adJuvant,
1060 2451 1138 2508 exci-

138 2532 224 2593 tando
247 2533 365 2592 artificis
382 2533 537 2609 ingenium.
568 2532 669 2610 ltaque
695 2535 749 2593 ista
768 2550 882 2611 quoque
903 2542 1020 2592 naturae
1043 2550 1139 2591 rerum

138 2616 361 2693 contemplatio,
385 2617 514 2693 quamvis
532 2633 589 2676 non
603 2616 690 2676 iaciat
703 2615 862 2693 medicum,
880 2617 1020 2694 aptiorem
1042 2622 1139 2675 tamen

137 2698 296 2759 medicinae
307 2699 410 2759 reddit.
444 2699 573 2780 Verique
586 2700 677 2760 simile
691 2709 752 2776 est,
765 2709 794 2759 et
804 2699 1012 2780 Hippocratem
1024 2707 1054 2758 et
1065 2698 1137 2759 Era·

138 2784 280 2843 sistratum
297 2792 325 2842 et
339 2785 511 2863 quicumque
523 2785 580 2861 alii,
596 2802 654 2844 non
668 2787 795 2844 contenti
809 2783 908 2844 lebres
923 2792 952 2843 et
963 2782 1061 2842 ulcera
1076 2784 1135 2859 agi·
1145 2804 1171 2844 ao

137 2875 209 2943 tare,
224 2885 318 2926 rerum
334 2885 448 2946 quoque
465 2877 591 2928 naturam
604 2868 748 2947 exaliqua
762 2877 843 2946 parte
856 2868 974 2926 scrutati
988 2874 1061 2944 sunt,
1078 2885 1136 2927 non

136 2949 202 3010 ideo
215 2951 328 3030 quidem
340 2952 469 3012 medicos
481 2953 583 3028 luisse,
602 2971 701 3011 verum
719 2952 785 3012 ideo
804 2969 920 3030 quoqne
940 2951 1066 3025 madores
1078 2968 1136 3009 me·

137 3034 218 3094 dicos
237 3037 379 3096 extitisse.
414 3037 537 3097 Ratione
553 3053 625 3095 vero
647 3053 721 3115 opus
743 3044 788 3095 cst
810 3035 864 3113 ipsi
881 3034 1060 3111 medicinae,
1081 3035 1136 3093 etsi

136 3135 193 3177 non
204 3121 278 3180 inter
293 3120 432 3180 obscuras
445 3138 558 3196 causas,
572 3138 666 3199 neque
683 3121 758 3179 inter
777 3118 921 3179 naturales
935 3118 1078 3192 actiones,
1096 3125 1135 3177 ta·

41 3255 44 3260 .
136 3221 200 3263 men
220 3222 323 3281 saepe;
342 3214 386 3263 est
406 3205 480 3263 enim
498 3203 572 3264 haec
589 3223 637 3264 ars
654 3201 873 3278 oonJecturalis;
898 3219 994 3279 neque
1012 3218 1173 3279 respon-3⁵

137 3286 184 3345 det
197 3290 224 3347 ei
237 3288 404 3366 plerumque
416 3307 473 3348 non
487 3288 579 3347 solum
592 3288 770 3362 conjectura,
783 3285 930 3345 sedetiam
942 3285 1134 3362 experientia.

135 3369 173 3429 Et
184 3370 324 3429 interdum
341 3388 399 3430 non
410 3371 519 3446 febris,
537 3388 595 3430 non
616 3369 710 3444 cibus,
729 3386 785 3427 non
803 3386 920 3428 somnus
938 3368 1135 3446 subsequitur,

137 3453 210 3512 sicut
222 3455 358 3512 assuevit.
391 3454 505 3529 Rarius,
519 3451 571 3512 sed
583 3451 735 3530 aliquando
748 3452 865 3513 morbus
878 3469 993 3531 quoque
1007 3452 1071 3530 ipse
1084 3469 1135 3511 no·
