2414 3924
124 167 166 231 48
422 177 456 227 s.
473 177 504 227 c.
521 177 621 227 εεεεε
636 177 831 225 uunrcrusn

125 336 169 397 sie
186 343 217 394 ει
238 336 414 394 exteriorem
433 350 549 412 quoque
571 343 664 394 cutem
688 333 874 394 decolorent:
897 352 935 394 ex
956 335 991 393 iis
1010 334 1127 412 deinde,

123 437 200 500 quae
212 419 241 478 in
252 420 429 479 exteriorem
441 426 553 496 partem
567 427 769 497 prorumpunt,
782 435 856 496 quae
868 419 1026 494 maximae,
1040 436 1128 497 quae·

125 521 182 582 que
198 503 382 582 planissimae
403 510 468 561 sunt
486 502 541 583 (ci.
560 521 589 580 p.
608 503 669 578 45,
691 502 710 562 Ι.
726 501 773 582 2).
805 501 890 575 Quod
912 503 954 579 si,
985 519 1021 561 ne
1042 513 1127 582 rupta

124 586 241 667 quidem
255 588 384 662 vomica,
402 586 451 646 vel
469 605 541 665 pure
557 587 739 646 extrinsecus
755 587 880 664 emisso,
896 586 988 647 febris
1006 588 1127 665 quierit,

123 681 173 732 aut
189 672 318 750 quamvis
335 672 494 749 quieverit,
511 679 605 730 tamen
620 672 742 749 repetit;
758 673 826 730 item
841 671 866 729 si
879 671 940 731 sitis
957 679 1012 747 est,
1029 673 1054 730 si
1070 671 1155 732 cibis

124 755 286 833 lastidium,
308 756 333 815 si
347 763 450 814 venter
463 754 604 834 liquidus,
628 755 651 813 si
669 773 723 832 pus
741 765 786 815 est
801 754 917 814 lividum
933 763 963 814 et
979 754 1127 834 pallidum,

125 842 149 900 si
170 838 240 898 nihil
261 857 352 916 aeger
374 848 494 898 excreat
515 840 569 898 nisi
591 840 720 916 pituitam
742 848 937 916 spumantem,
966 839 1127 919 periculum

125 933 235 984 certum
251 933 305 982 est.
336 922 434 1001 Atque
446 942 483 982 ex
498 924 533 982 iis
550 923 665 1002 quidem
683 922 955 1002 suppurationibus,
978 941 1050 1003 quas
1064 924 1126 1002 pul·

123 1025 238 1068 monum
255 1007 347 1066 morbi
366 1008 558 1079 concitarunt,
580 1007 643 1066 iere
660 1025 748 1067 senes
766 1008 939 1066 moriuntur:
964 1026 1002 1066 ex
1020 1010 1128 1068 ceteris

120 1093 254 1170 juniores
268 1091 324 1170 (ci.
338 1088 451 1170 Propo.
468 1091 490 1167 ᾗ
508 1091 572 1168 15).
602 1091 640 1151 Αι
654 1093 682 1149 in
700 1089 767 1150 tabe
782 1101 895 1168 sputum
910 1093 1027 1151 mixtum
1041 1111 1127 1171 puru·
1139 1114 1163 1154 so

125 1177 243 1253 lentum,
261 1175 351 1234 febris
367 1176 494 1250 assidua,
510 1194 584 1254 quae
601 1185 630 1234 ει
645 1174 701 1235 oibi
717 1185 848 1253 tempora
865 1176 962 1254 eripit,
979 1186 1008 1234 et
1024 1179 1070 1236 siti
1086 1178 1127 1237 ai·

125 1259 212 1337 digit,
226 1261 254 1319 in
271 1276 396 1336 corpore
416 1260 494 1318 tenui
512 1259 670 1337 periculum
689 1259 812 1320 subesse
830 1268 981 1319 testantur.
1009 1261 1040 1321 Si
1063 1263 1127 1340 quis

126 1346 211 1404 etiam
226 1345 254 1402 iu
269 1361 305 1402 eo
323 1343 425 1402 morbo
444 1344 548 1403 diutius
560 1345 656 1420 traxit,
672 1342 721 1403 ubi
741 1344 840 1423 capilli
854 1344 944 1403 fluunt
967 1343 1022 1425 (cf.
1047 1342 1128 1424 Aple.

124 1426 167 1504 V,
188 1426 238 1496 12;
262 1425 357 1489 Cotto.
381 1427 476 1506 428);
496 1428 544 1486 ubi
560 1428 640 1487 urina
656 1428 796 1506 quaedam
812 1430 926 1488 araneis
943 1429 1046 1488 similia
1062 1429 1128 1489 sub·

125 1513 247 1572 sidentia
259 1511 394 1587 ostendit,
410 1521 496 1590 atque
508 1512 536 1570 in
552 1513 643 1590 sputis
658 1513 733 1572 odor
749 1512 853 1572 ioedus
871 1522 929 1583 est;
945 1513 1126 1592 maximeque
1138 1531 1163 1572 ss

124 1595 173 1657 nbi
195 1596 352 1674 posthaec
371 1605 433 1655 orta
453 1596 580 1672 dejectio
599 1605 655 1673 est,
673 1598 802 1676 protinus
823 1598 959 1658 moritur:
982 1597 1080 1675 utique
1103 1598 1127 1655 si

125 1691 237 1759 tempus
255 1682 379 1741 autumni
398 1689 458 1755 est,
476 1697 533 1758 quo
551 1680 631 1755 iere,
656 1681 705 1760 qui
721 1689 820 1740 cetera
836 1691 920 1760 parte
942 1681 1007 1742 anni
1029 1689 1126 1740 traxe·

124 1774 205 1841 runt,
226 1765 411 1824 resolvuntur
431 1763 486 1845 (ci.
508 1761 587 1843 Aple.
604 1763 663 1840 ΙΙΙ,
688 1764 755 1843 10).
782 1764 854 1824 Ιιεει
869 1784 923 1844 pus
945 1765 1082 1843 expuisse
1098 1766 1127 1823 in

124 1850 182 1910 laoc
196 1848 314 1924 morbo,
337 1848 440 1909 deinde
457 1867 494 1907 ex
508 1858 570 1909 toto
590 1867 697 1927 spuere
722 1850 863 1924 desiisse,
885 1849 1061 1909 mortiterum
1081 1857 1127 1909 est

124 1931 219 2013 (Aple.
238 1932 300 2009 Vll,
323 1933 388 2010 16).
426 1933 509 1993 Solet
529 1935 613 1992 etiam
625 1933 653 1991 in
670 1933 905 1993 adolescentibus
920 1935 944 1992 is
960 1933 1078 1993 morbus
1091 1952 1129 1994 ex
1137 1959 1162 1999 20

123 2020 236 2079 vomica
253 2017 385 2076 fistulave
399 2018 481 2076 oriri:
499 2019 616 2095 quinon
629 2017 715 2077 facile
736 2026 907 2093 sanescunt,
924 2018 978 2077 nisi
995 2019 1019 2076 si
1041 2018 1128 2078 multa

125 2104 207 2179 signa
232 2100 326 2160 bonae
348 2101 521 2160 valetudinis
544 2101 721 2179 subsequuta
743 2110 817 2160 sunt.
844 2100 890 2160 Ex
913 2101 1033 2180 reliquis
1054 2118 1127 2161 vero

124 2187 238 2244 minime
259 2185 346 2244 iacile
371 2193 506 2243 sanantur
527 2187 671 2262 virgines,
694 2195 742 2245 aut
766 2204 819 2245 eae
841 2185 994 2259 mulieres,
1024 2185 1127 2264 quibus

124 2287 213 2347 super
229 2269 323 2327 tabem
339 2277 483 2327 menstrua
499 2287 657 2346 suppressa
674 2279 738 2329 sunt
754 2268 898 2351 (Prorrb.
915 2269 957 2345 ll,
973 2270 994 2345 ὅ
1011 2270 1057 2347 t).
1076 2267 1128 2329 Cui

123 2370 195 2412 vero
219 2370 288 2412 sano
313 2352 424 2411 subitus
445 2352 530 2412 dolor
551 2355 653 2431 capitis
672 2363 753 2413 ortus
770 2362 830 2430 est,
853 2352 919 2413 dein
939 2370 1055 2413 somnus
1072 2371 1124 2432 op·
1138 2380 1163 2419 rs

126 2438 242 2516 pressit,
258 2437 300 2495 sic
315 2445 344 2494 ει
361 2445 476 2513 stertat,
499 2456 594 2517 neque
617 2440 855 2515 expergiscatur,
879 2439 951 2497 iutra
974 2440 1127 2515 septimum

126 2520 202 2580 diem
224 2519 401 2597 pereundum
424 2529 468 2579 est
491 2519 586 2600 (Aplt.
603 2521 659 2596 Vl,
683 2522 755 2599 51);
778 2523 868 2598 magis
891 2522 932 2596 si,
959 2538 1021 2578 curn
1044 2522 1127 2580 alvus

125 2605 182 2663 cita
196 2620 254 2662 non
270 2606 476 2680 antecesserit,
498 2604 658 2683 palpebrae
676 2606 842 2665 dormientis
857 2622 915 2665 non
930 2612 1050 2678 coeunt,
1074 2606 1127 2664 sed

124 2687 218 2746 album
237 2687 384 2747 oculorum
406 2699 528 2767 apparet
550 2689 605 2770 (ci.
623 2689 735 2769 Propo.
752 2690 773 2766 ὃ
789 2689 834 2769 2).
871 2687 950 2763 Quos
971 2696 1066 2748 tamen
1088 2690 1127 2748 ita

124 2789 202 2830 mors
223 2774 369 2851 sequitur,
398 2775 422 2832 si
442 2773 469 2832 id
492 2774 595 2833 malum
617 2791 674 2834 non
697 2784 742 2833 est
764 2773 848 2833 febre
870 2773 1040 2832 discussum.
1089 2772 1163 2834 Atto

124 2873 197 2933 aqua
210 2857 286 2915 inter
297 2865 407 2933 eutem,
424 2858 448 2915 si
461 2877 498 2916 ex
512 2867 597 2917 acuto
610 2857 712 2918 morbo
726 2860 833 2936 coepit,
850 2858 885 2917 ad
898 2858 1048 2916 sanitatem
1060 2873 1126 2917 raro

123 2939 304 3017 perducitur:
328 2943 426 3020 utique
449 2943 474 3000 si
501 2943 644 3002 contraria
665 2943 717 3019 iis,
741 2960 815 3022 quae
836 2959 923 3019 supra
941 2942 1035 3019 posita
1052 2951 1125 3016 sunt,

125 3023 346 3102 subsequuntur.
380 3025 483 3103 Aeque
499 3027 527 3084 in
548 3043 582 3085 ea
604 3043 721 3106 quoque
735 3027 823 3086 tussis
838 3043 920 3104 spem
936 3024 1011 3085 tollit
1027 3021 1123 3105 (Aple.

122 3106 178 3184 Vl,
200 3110 238 3170 35
263 3119 291 3168 et
315 3108 384 3184 Vll,
406 3108 479 3185 47):
501 3112 585 3185 item,
611 3113 635 3169 si
659 3111 776 3188 sanguis
798 3127 909 3169 sursum
931 3108 1124 3188 deorsumque

124 3195 235 3270 erupit,
255 3202 284 3252 et
299 3211 372 3272 aqua
387 3194 509 3253 medium
526 3212 632 3273 corpus
657 3194 796 3273 implevit.
840 3193 1018 3267 Quibusdam
1039 3194 1160 3253 etiamst

122 3274 151 3333 in
178 3277 235 3337 boc
264 3276 364 3335 morbo
393 3287 520 3337 tumores
547 3280 686 3352 oriuntur,
714 3278 817 3338 deinde
844 3277 993 3353 desinunt,
1020 3277 1125 3339 deinde

123 3376 222 3419 rursus
239 3371 401 3438 assurgunt.
448 3361 483 3420 Hi
502 3363 623 3421 tutiores
642 3361 756 3440 quidem
778 3370 853 3438 sunt,
877 3378 960 3440 quam
974 3363 1023 3439 qui
1038 3381 1126 3442 supra

122 3444 325 3521 comprehensi
337 3454 416 3518 sunt,
432 3447 456 3504 si
471 3446 634 3512 attenduut;
651 3445 704 3505 sed
718 3446 781 3505 iere
794 3445 898 3505 llducia
914 3446 1061 3506 secundae
1076 3465 1125 3507 va-
