2414 3924
187 190 210 254 4
455 201 503 248 nu
526 200 588 247 ms
609 200 741 248 ussum
764 199 839 248 car.
854 200 892 247 11.

189 361 287 422 neque
314 341 367 401 tihi
394 357 447 418 per
469 341 558 400 animi
579 341 720 401 virtutem
741 339 837 399 desint
861 356 916 399 nec
942 338 1017 399 mihi
1045 356 1103 416 per
1122 341 1170 401 rei

189 429 363 489 tenuitatem
380 427 544 502 supersint,
567 424 775 502 quodcumque
791 423 848 483 hoo
863 421 932 482 libri
948 431 994 483 est
1008 424 1086 485 meis
1102 426 1168 502 opi-

155 521 172 570 6
191 513 247 573 bus
263 517 467 589 comparatum
484 507 612 568 natalicii
628 506 712 569 titulo
728 507 782 566 tihi
797 509 874 567 misi.
910 509 941 566 in
957 525 1015 586 quo
1031 525 1111 578 nou,
1136 518 1169 570 ut

190 597 342 674 plerisque
358 612 423 654 mos
439 600 499 661 est,
522 600 572 653 aut
587 610 622 652 ex
639 592 735 653 ethica
752 598 835 669 parte
850 591 1058 670 philosophiae
1079 611 1168 672 prae·

191 688 276 760 cepta
298 677 333 740 ad
349 678 435 738 beate
456 677 627 746 vivendum,
650 695 726 755 quiae
741 675 794 736 tibi
809 675 988 745 scriberem,
1012 685 1169 739 mutuatus
1184 687 1198 736 5

191 782 272 832 sum,
303 772 354 823 aut
375 780 411 821 ex
433 761 547 822 artibus
567 761 721 821 rhetorum
745 760 828 821 locos
849 759 984 821 laudibus
1005 762 1066 821 tuis
1088 761 1167 823 cele·

190 846 312 908 brandis
341 854 517 924 persecutus
550 845 603 921 (ad
629 845 659 904 id
687 846 765 905 enim
790 847 930 905 urtutum
958 846 1098 906 omnium
1124 847 1166 907 fa·

190 934 309 1009 stigium
338 931 507 1000 ascendisti,
540 938 574 989 ut
599 936 704 990 cuncta
732 931 801 997 ista,
835 947 911 1007 quae
938 927 983 989 vel
1013 931 1168 1007 sapienter

190 1023 349 1078 monentur
370 1013 416 1075 vel
437 1014 565 1074 facunde
580 1015 803 1093 praedicantur,
826 1015 881 1072 vita
902 1012 1100 1094 moribusque
1116 1035 1166 1077 su-

191 1098 366 1179 peraveris),
384 1098 435 1159 sed
453 1117 488 1158 ex
504 1098 661 1178 philologis
678 1099 897 1159 commentariis
913 1097 1059 1175 quasdam
1075 1118 1167 1180 quae-
1184 1108 1205 1156 11

191 1183 355 1245 stiunculas
371 1182 483 1260 delegi,
507 1201 583 1263 quae
606 1191 763 1261 congestae
779 1184 892 1259 possint
913 1181 1100 1262 aliquantum
1115 1203 1166 1244 vo·

157 1263 173 1313 ‘1
191 1267 292 1328 lumen
314 1268 441 1328 efficere.
472 1268 561 1344 idque
577 1286 593 1326 a
609 1286 657 1327 me
673 1266 798 1328 docendi
813 1266 910 1328 studio
931 1265 978 1327 vel
994 1269 1167 1330 ostentandi

192 1361 258 1412 voto
281 1353 344 1413 fieri
361 1370 420 1412 uon
436 1351 592 1428 praedico,
616 1369 653 1412 ne
669 1353 698 1410 in
714 1370 776 1420 me,
801 1362 834 1410 ut
855 1359 937 1413 vetus
953 1351 1095 1429 adagium
1112 1362 1165 1424 est,

157 1438 174 1488 8
192 1438 257 1498 iure
273 1436 388 1497 dicatur
410 1453 472 1496 sus
494 1436 701 1496 hliuervam.
733 1440 795 1498 iam
809 1453 879 1496 vero
901 1454 968 1496 cum
983 1443 1036 1496 tuo
1054 1437 1167 1500 collatu

192 1522 298 1582 scirem
332 1538 379 1580 mc
406 1520 491 1598 plura
519 1519 672 1590 didicisse,
709 1539 746 1581 ne
773 1520 925 1581 beneficiis
956 1522 1013 1581 tuis
1044 1522 1166 1584 viderer
1184 1531 1207 1579 1⁴

191 1607 340 1684 ingratus,
370 1612 541 1665 nostrorum
568 1612 702 1666 veterum
728 1605 981 1667 sanctissimorum
1006 1605 1166 1668 hominum

156 1694 173 1743 9
192 1689 328 1769 exempla
349 1707 413 1750 sum
436 1698 564 1750 secutus.
599 1690 642 1749 illi
659 1692 736 1750 cuim
753 1690 832 1768 quod
847 1689 1001 1759 alimenta,
1024 1693 1165 1769 patriam,

192 1773 299 1844 lucem,
316 1791 348 1834 se
363 1774 493 1852 denique
508 1776 587 1852 ipsos
604 1775 681 1835 dono
698 1775 821 1835 deorum
838 1773 997 1845 habebant,
1015 1793 1051 1836 ex
1068 1779 1166 1837 omni·

106 1914 113 1929 ,
192 1859 249 1920 hus
274 1857 383 1938 aliquid
411 1858 474 1919 deis
494 1858 665 1929 sacrabant,
697 1861 791 1936 magis
819 1857 892 1919 adeo
913 1866 947 1920 ut
971 1877 1037 1921 sese
1061 1869 1165 1939 gratos

192 1942 393 2022 adprobarent
414 1961 502 2022 quam
519 1943 597 2021 quod
614 1944 685 2004 deos
700 1943 757 2004 hoc
778 1944 993 2005 arbitrarentur
1015 1944 1205 2025 indigeres·

142 2032 174 2083 10
191 2030 291 2104 itaque
313 2046 381 2087 cum
404 2037 600 2107 perceperant
622 2029 737 2106 fruges,
769 2036 837 2089 ante
859 2047 946 2107 quam
967 2041 1165 2093 vescerentur

192 2112 254 2173 deis
269 2111 361 2172 libare
377 2114 576 2182 instituerunt,
593 2121 621 2173 et
633 2131 701 2174 cum
716 2131 803 2191 agros
820 2114 915 2191 adque
931 2113 1021 2174 urbes
1036 2113 1165 2177 deorum

190 2215 316 2258 munere
330 2197 531 2276 possiderent,
547 2204 662 2275 partem
680 2198 825 2276 quandam
842 2197 959 2276 templis
974 2198 1164 2280 sacellisque,

190 2281 243 2343 ubi
264 2300 316 2342 eos
337 2282 482 2349 colerent,
511 2280 697 2343 dicaverunt:
727 2283 846 2361 quidam
873 2286 959 2343 etiam
981 2302 1038 2362 pro
1059 2294 1166 2347 cetera

191 2366 325 2443 corporis
346 2365 425 2425 bona
446 2363 612 2426 valetudine
633 2368 745 2427 crinem
768 2368 823 2428 deo
845 2385 962 2428 sacrum
989 2368 1163 2444 pascebant.
1182 2379 1196 2427 2

141 2452 171 2501 11
190 2450 230 2509 ita
252 2467 320 2526 ego,
347 2466 435 2525 aquo
451 2447 537 2527 plura
558 2452 588 2510 in
604 2452 709 2513 litteris
728 2453 864 2531 percepi,
885 2451 938 2511 tibi
959 2451 1034 2514 haec
1055 2455 1164 2534 exigua

190 2531 284 2592 reddo
298 2531 448 2592 libamina.

155 2614 174 2674 2
257 2616 342 2677 Nunc
363 2617 504 2695 quoniam
524 2618 598 2680 liber
615 2619 652 2680 dc
667 2620 716 2681 die
732 2619 822 2681 natali
842 2620 1029 2690 inscribitur,
1054 2625 1163 2685 avotis

190 2702 506 2779 auspicia'sumantur.
553 2705 651 2782 itaque
673 2704 771 2765 hunc
792 2704 901 2775 diem,
924 2706 1004 2782 quod
1026 2707 1066 2766 ait
1089 2708 1162 2769 Per·

190 2788 266 2856 sius,
294 2805 446 2849 numera
468 2788 624 2850 meliore
652 2788 799 2868 lapillo,
827 2791 916 2869 idque
938 2809 1026 2869 quam
1049 2794 1162 2872 saepis·
1181 2799 1205 2850 31

258 3009 284 3060 4.
309 3025 343 3058 ex
361 3009 454 3058 ethica
472 3007 615 3070 Manutius,
648 3008 746 3058 exhtca
765 3009 803 3068 D,
833 3009 879 3058 hie
899 3025 916 3059 a
937 3012 963 3059 V
1030 3013 1054 3060 5.
1078 3017 1166 3082 seete

190 3074 215 3123 D
284 3078 308 3126 6.
323 3076 446 3127 uocusI)
515 3078 540 3127 9.
553 3077 725 3127 mouerusD
782 3075 968 3126 rseuubaell
1039 3080 1080 3132 11.
1096 3095 1160 3130 con-

191 3146 269 3206 geste
292 3145 317 3193 V
386 3147 426 3195 13.
448 3158 504 3194 non
522 3142 584 3194 fieri
605 3145 628 3193 V
698 3142 839 3210 aspectum
860 3144 950 3209 (prior
967 3159 983 3210 ς,
1001 3161 1036 3196 eae
1054 3161 1069 3196 c
1086 3148 1161 3209 facto

190 3223 247 3260 esse
265 3210 375 3276 videtur)
395 3213 427 3271 l),
448 3211 567 3276 elogium
589 3213 616 3262 V
682 3213 721 3262 14.
740 3213 796 3262 iam
813 3211 891 3276 vero]
908 3228 980 3263 ueso
999 3215 1038 3275 D,
1059 3213 1160 3265 docere

194 3277 227 3340 V,
245 3293 341 3328 verum
358 3279 457 3329 labeus
510 3280 549 3330 15.
567 3278 704 3330 benificiis
726 3281 754 3331 V
809 3282 849 3331 18.
869 3280 1009 3332 habebam
1031 3282 1070 3345 V,
1089 3298 1160 3333 corr.

189 3361 221 3395 m.
240 3349 257 3395 2
327 3348 368 3400 19.
387 3361 449 3397 sese
468 3350 562 3411 gratos
580 3347 705 3407 Halmius,
727 3361 757 3399 se
770 3363 909 3414 9111911111
924 3350 955 3408 Ι),
975 3355 1115 3413 segnatos
1138 3351 1163 3398 V

191 3413 232 3462 20.
251 3411 371 3478 311111),
390 3413 443 3464 diis
456 3415 474 3463 d
527 3427 738 3466 superessemus
751 3415 884 3483 rubepese
896 3417 921 3466 D
974 3418 1015 3469 22.
1030 3417 1110 3482 alque
1124 3418 1159 3480 D,

191 3480 276 3540 atque
299 3480 327 3528 V
391 3483 433 3535 29.
452 3493 587 3532 sumanus
603 3483 629 3531 Ι)
680 3483 757 3534 Pers.
775 3487 836 3544 2,1
905 3487 947 3539 30.
968 3484 1113 3549 sepissime
1137 3487 1165 3537 V
