2414 3924
463 187 701 254 -221-

87 329 172 397 [wito
181 343 256 383 amec
269 343 326 382 non
334 331 410 384 estat
418 328 451 382 irs
465 327 556 384 Cascii

88 400 258 470 ‚maioui-

68 469 252 531 »maenas
271 470 414 540 malagma
432 486 450 525 a
469 471 554 526 melle

89 541 167 611 quod
176 540 286 610 recipit.
305 541 382 610 quod
390 558 472 610 grece
482 541 556 596 milli

89 613 200 668 dicitur.
217 611 327 667 Cassius
341 612 421 666 Felix
434 614 480 682 (cf.
497 613 554 668 cod.

88 683 183 739 Paris.
194 683 311 752 append.
322 682 404 749 fi37⁸
413 683 556 753 Malagma

88 753 251 809 diamelitos
272 753 291 808 i.
316 769 350 808 ex
368 754 453 809 melle
473 770 553 823 para·

88 825 186 896 gorice
218 826 247 878 et
280 825 412 880 calastiee
439 824 554 880 obtutis

89 896 202 951 solvens
230 895 374 950 universas
407 896 555 951 stricturae

87 966 338 1023 tumores...sive
362 966 555 1036 duritias...).

69 1037 257 1093 Diaostreon
276 1038 311 1092 de
330 1037 432 1092 cocleis
451 1040 556 1093 ostreo·

88 1127 162 1163 rum.
194 1109 307 1164 Cassius
330 1107 410 1162 Felix
431 1108 462 1163 in
484 1108 556 1165 anti·

89 1179 202 1234 dotario
221 1180 267 1250 (cf.
287 1195 374 1249 surpra
391 1195 413 1235 a
433 1175 502 1248 διά).

68 1250 219 1306 Euretloa
228 1253 273 1318 (sc.
290 1245 457 1321 ἄραιωτική)
467 1251 557 1306 virtus

89 1337 175 1391 grece
188 1321 219 1376 id
233 1323 277 1377 set
290 1322 466 1378 rarefactiva.
491 1322 558 1377 Cas·

89 1393 149 1447 sins
172 1391 252 1446 Felix
279 1393 318 1447 de
347 1393 422 1449 oleo
447 1411 557 1450 camo-

88 1463 229 1521 millino
255 1463 286 1518 in
314 1463 486 1520 antidotario
512 1467 556 1535 (ef.

88 1535 150 1591 cod.
166 1535 259 1590 Poris.
274 1551 339 1604 app.
354 1537 375 1602 f.
390 1535 444 1591 851‘
459 1537 558 1591 Camo-

88 1605 165 1659 milli
195 1604 293 1660 viridis
325 1605 407 1661 flores
443 1606 558 1663 rotundi

88 1677 157 1744 †I.
192 1676 248 1731 olei
271 1676 353 1746 spani
376 1678 469 1733 emina
490 1680 558 1746 [ἢ

89 1746 152 1801 XX.
173 1747 357 1802 conficiturin
373 1749 557 1819 solesuspen·

90 1834 155 1871 sum
183 1817 256 1872 siout
285 1835 430 1873 rosaceum
458 1850 493 1862 -
519 1836 555 1876 cc.

88 1889 165 1959 quod
181 1890 320 1957 praecedit
334 1920 368 1929 -
383 1892 413 1943 et
431 1892 475 1946 est
488 1889 556 1944 lixe-

89 1959 198 2028 peritos
230 1959 424 2015 febrientibus.
469 1962 557 2018 habet

89 2031 228 2085 virtutem
242 2032 396 2086 areuticam
411 2049 496 2100 quam
505 2049 555 2087 uos

90 2100 304 2156 disraratoriam
318 2101 445 2156 dicimus.
470 2103 556 2173 siqui-

90 2173 157 2226 dem
181 2175 273 2226 outem
292 2172 456 2228 disrarando
475 2176 556 2243 pate·

88 2243 161 2298 iacit
185 2244 265 2297 etin
289 2244 418 2298 sudorem
440 2245 555 2301 relaxat.

90 2315 127 2379 cf.
147 2313 209 2368 Gal.
231 2314 295 2380 XI,
314 2317 387 2384 749).

72 2382 248 2441 daronucu.
287 2385 398 2440 Cassius
421 2386 501 2440 Felix
526 2386 555 2440 in

90 2456 261 2511 antidotario
314 2457 349 2511 in
398 2457 554 2512 ›trocisco

90 2544 187 2580 musa
206 2527 369 2598 „gerontica
382 2529 460 2583 velut
474 2527 555 2583 Greci
581 2547 589 2562 ·

90 2597 190 2652 dicunt
215 2615 268 2666 que
293 2599 405 2654 cronica
430 2616 480 2654 nos
506 2603 556 2655 aut

91 2667 218 2723 senilia“.

73 2736 173 2795 dinco
187 2740 232 2794 vel
247 2739 294 2810 gifi
310 2742 339 2794 et
357 2741 440 2810 gifico
454 2741 555 2796 hermii

91 2808 241 2879 antiquum
269 2812 426 2866 antidotum
449 2813 555 2867 dictum

91 2897 109 2934 a
124 2881 154 2950 gi
168 2882 242 2949 quod
256 2885 300 2935 est
313 2884 389 2938 terra
402 2887 431 2939 et
445 2885 481 2938 ab
495 2884 555 2938 her·

91 2954 167 3005 mete
185 2952 355 3022 philosopho
370 2996 375 3007 .
388 2998 393 3009 .
406 2997 411 3008 .
424 2955 556 3009 laudatur

90 3022 121 3075 in
142 3023 247 3077 multis.
278 3024 417 3080 confectio
436 3026 495 3080 eius
514 3026 555 3079 in-

90 3093 203 3147 venitur
232 3095 262 3147 in
293 3096 463 3150 antidotario
495 3096 555 3150 uni·

90 3163 195 3286 {sersali
214 3168 243 3219 et
261 3165 336 3235 apud
356 3165 482 3221 Cassium
504 3167 556 3222 Fe-

102 3250 183 3288 reem.

72 3304 193 3360 Iblscus
221 3307 329 3362 eviscus
353 3308 448 3362 althea
470 3307 553 3364 idem.

91 3376 204 3431 Cassius
228 3378 308 3432 Felix
330 3379 360 3433 in
385 3379 554 3434 antidotario

629 327 784 398 capitulo
822 327 861 383 de
903 328 1093 419 dyaquilon

629 400 683 453 etc.
702 399 748 468 (cs.
766 413 854 468 aspro
871 414 892 454 s.
911 401 1040 469 situla).

610 468 709 525 Leuce
750 467 943 540 diaplpereos
987 472 1093 540 empla-

628 543 717 596 strum
741 540 778 595 ab
795 539 860 595 albo
879 540 976 611 pipere
995 540 1094 597 dicunt

647 611 706 666 uod
721 610 830 680 recipit.
871 612 902 666 in
919 610 1091 669 antidotario

628 629 751 737 britasii
773 683 803 737 et
826 681 916 739 Cassii
938 681 1040 738 Felicis
1064 687 1094 742 et

627 752 788 809 universali.

610 823 709 880 Leuce
736 823 956 895 diapsimltinm
987 826 1092 897 empla-

630 898 720 951 strum
735 894 832 950 album
845 913 880 951 ex
893 912 999 952 cerusa.
1026 914 1094 952 narn

628 966 740 1037 psimiti
759 969 802 1022 est
820 983 918 1023 cerusa
937 967 1012 1038 apud
1027 967 1093 1023 Cas-

629 1037 702 1094 sium
720 1037 842 1094 Felicem
860 1038 892 1093 in
913 1038 1092 1095 antidotario.

611 1124 1004 1194 mumadameussotos.
1015 1126 1094 1184 Cas-

629 1197 687 1253 sius
703 1195 784 1253 Felix
804 1197 835 1252 in
857 1197 1028 1255 antidotario
1046 1201 1092 1270 (f.

628 1284 716 1339 cupro
733 1285 755 1324 a
774 1264 843 1338 ded).

611 1356 750 1415 nonum.
770 1357 881 1413 Cassius
889 1359 970 1414 Felix
978 1360 1009 1415 in
1021 1360 1093 1416 anti·

630 1428 741 1485 dotatio
764 1428 931 1485 diamolibdi
948 1431 978 1486 id
997 1434 1041 1487 est
1058 1433 1093 1487 de

612 1501 771 1627 odbbffibbs
822 1571 935 1642 spatula
980 1571 1093 1628 Cassius

628 1641 721 1707 Febr,
739 1642 770 1696 rd
784 1645 827 1698 est
843 1642 941 1698 ferrea.
969 1660 1036 1698 nam
1050 1661 1095 1714 sy·

629 1711 710 1767 diron
729 1713 807 1783 greci
823 1712 936 1768 ferrum.

611 1780 713 1864 Cpode
732 1782 871 1838 medicine
884 1783 915 1837 id
929 1786 972 1864 est
989 1800 1044 1852 que
1058 1783 1093 1839 de

629 1853 1005 2006 :patratas
1024 1854 1093 1980 lu:

628 1996 796 2049 lirrorum.

610 2065 748 2134 Pyopion
761 2081 843 2134 grece
859 2065 965 2120 saniem
979 2065 1093 2121 ducens.
1128 2086 1131 2092 ·

629 2135 1093 2193 CassiusFelixinconfectione

628 2208 796 2277 unguenti
814 2208 1064 2263 tetrafarmaoi.

610 2295 772 2352 Rhizentla
781 2296 924 2364 (llizoncia
934 2297 1038 2353 Mutila
1050 2298 1092 2368 S.)

626 2384 718 2436 grece.
746 2366 858 2422 Cassius
876 2368 955 2423 Felix
972 2369 1002 2422 in
1021 2369 1093 2425 auti·

627 2438 736 2493 dotario
760 2440 806 2508 (cf.
830 2438 984 2495 rizoniobia
1006 2457 1028 2496 o.
1055 2443 1092 2495 13

626 2511 660 2564 dc
684 2510 859 2578 diemalibus
891 2511 936 2564 cit.
970 2510 1038 2566 Sim.
1070 2527 1092 2566 s.

627 2580 835 2649 chrisonicbia).
882 2582 947 2635 sunt
983 2581 1091 2636 radices

627 2651 695 2705 dure
710 2669 764 2720 que
782 2652 813 2706 in
826 2651 966 2707 ulceribus
981 2655 1092 2722 aposte-

627 2724 735 2777 matum
757 2723 818 2777 iam
840 2726 1024 2779 vacuatorum
1050 2741 1093 2780 re·

627 2795 743 2849 manent
761 2796 814 2848 etc.

610 2881 715 2938 Stantis
734 2884 793 2951 (sic,
812 2883 830 2937 ι’.
849 2898 870 2939 e.
890 2879 1005 2952 στακτή)
1025 2883 1091 2938 Cas·

627 2953 684 3007 sius
698 2953 778 3008 Felix
796 2954 826 3007 in
844 2953 1023 3008 antidotario.
1049 2959 1092 3010 est

628 3024 801 3092 capitellum,
809 3023 1093 3094 scilicetaquaprima

628 3093 782 3162 saponarii,
806 3096 838 3147 ut
861 3095 976 3162 exponit
1000 3097 1045 3164 (of.
1069 3111 1090 3150 e.

627 3163 792 3233 capitellum
815 3166 932 3219 vocatur
955 3180 1029 3233 aqua
1047 3181 1092 3219 sa-

648 3234 817 3290 onariorum.
842 3234 1023 3289 lixiviumest
1036 3252 1091 3303 quo

626 3253 659 3361 dt
683 3321 759 3374 sape.
798 3320 873 3373 aqua
894 3304 987 3374 prima
1009 3309 1093 3389 gutta

626 3377 719 3446 prima
737 3393 755 3432 a
778 3376 947 3446 quibusdam
969 3376 1092 3449 dicrtur).
