2414 3924
137 217 198 279 230
430 226 463 272 n.
480 225 511 273 c.
529 224 628 273 cuus1
644 223 839 272 uunrcrrrau

137 390 223 462 caput
244 389 330 460 atque
355 379 458 442 oculos
479 379 596 439 fovere:
624 388 681 437 tum
705 387 854 457 utrumque
876 377 1014 457 penicillo
1036 376 1132 437 deter-

136 484 228 544 gere,
256 474 286 524 et
305 482 415 541 ungere
438 472 524 541 caput
544 463 632 530 irino:
664 465 872 540 continereque
897 463 926 520 in
952 460 1062 521 lectulo
1088 480 1132 538 se,

136 551 230 613 donec
253 549 344 608 omnis
367 546 465 621 calor,
493 547 539 623 qui
563 555 723 624 conceptus
738 555 799 620 est,
816 544 945 621 liniatur,
962 545 1133 623 desinatque

136 633 241 707 sudor,
264 633 310 711 qui
333 631 501 690 necessario
525 633 553 688 iu
577 632 671 708 capite
688 630 832 689 collectus
847 639 906 689 est:
929 639 986 688 tum
1001 629 1037 688 ad
1058 629 1134 689 idem

137 717 195 779 cibi
209 718 436 792 vinique.genus
450 713 639 789 veniendum,
656 716 713 789 sic,
730 722 759 773 ut
769 715 905 791 potiones
917 731 1049 774 meracae
1061 714 1156 781 sint;s

137 799 388 876 obtegendumque
417 806 519 876 caput,
550 806 579 856 et
599 797 813 875 quiescendum.
851 798 947 877 Saepe
970 798 1044 856 enim
1065 806 1134 876 post

136 885 210 944 haec
224 883 322 960 gravis
343 899 475 955 somnus,
505 899 594 958 saepe
615 880 718 956 sudor,
751 899 841 959 saepe
863 882 919 940 alvi
941 881 1068 956 dejectio
1091 883 1132 959 pi·

136 970 223 1028 tuitae
244 984 357 1025 cursum
380 964 448 1023 linit.
486 965 517 1023 Si
538 965 662 1024 levatum
683 964 786 1024 malum
803 974 863 1033 est;
887 966 963 1044 quod
982 967 1129 1045 aliquanto

136 1052 253 1128 saepius
267 1047 485 1124 irt3perplures
502 1047 564 1107 dies
580 1049 654 1107 idem
671 1049 732 1107 lieri
751 1058 882 1126 oportet,
907 1049 1001 1109 donec
1017 1068 1054 1108 ex
1069 1056 1133 1108 toto

137 1136 243 1195 sanitas
267 1135 442 1192 restituatur,
481 1133 511 1190 Si
532 1131 633 1191 diebus
649 1132 748 1191 iisdem
765 1132 845 1192 alvus
860 1132 928 1191 nihil
944 1132 1054 1208 reddit,
1082 1133 1132 1191 du·
1146 1143 1170 1187 to

138 1216 228 1278 oenda
245 1225 303 1291 est,
320 1233 375 1295 quo
393 1217 484 1293 magis
502 1217 670 1295 superiores
686 1225 784 1296 partes
801 1215 942 1275 leventur.

198 1299 417 1376 Nonnumquam
451 1309 544 1359 autem
577 1301 678 1376 ingens
711 1300 892 1359 inflammatio
921 1309 999 1358 tanto
1026 1299 1135 1376 impetu
1164 1309 1199 1320 ·'

138 1380 272 1461 erumpit,
290 1393 318 1442 ut
334 1383 437 1443 oculos
455 1402 505 1442 sua
521 1383 591 1443 sede
607 1384 767 1464 propellat:
790 1374 984 1460 πρόπτωσιν
998 1382 1044 1456 id,
1061 1401 1134 1461 quo·

137 1470 210 1528 niam
225 1467 302 1526 oculi
318 1467 484 1546 procidunt,
501 1466 604 1527 Graeci
620 1467 776 1547 appellant.
812 1466 863 1526 llis
878 1470 992 1545 utique,
1016 1468 1040 1524 si
1054 1468 1134 1526 vires

137 1553 296 1632 patiuntur,
325 1553 492 1627 sauguinem
515 1553 598 1620 mitti;
633 1555 656 1610 si
681 1551 710 1610 id
730 1551 792 1610 fieri
819 1568 875 1610 nou
897 1560 1010 1629 potest,
1039 1549 1170 1614 alvumrs

137 1636 218 1711 duel,
241 1636 461 1713 longioremque
479 1634 600 1694 inediam
616 1635 718 1711 indici,
744 1636 939 1694 necessarium
957 1643 1011 1693 est·
1053 1633 1134 1713 Opus

136 1729 230 1781 autem
246 1719 400 1779 lenissimis
415 1718 631 1778 medicamentis
647 1728 705 1778 est:
730 1719 855 1795 ideoque
874 1716 993 1778 Cleonis
1009 1717 1133 1793 collyrio

138 1805 265 1882 quidam,
293 1803 369 1881 quod
391 1822 428 1862 ex
449 1802 561 1863 duobus
584 1812 649 1862 ante
671 1803 796 1880 positum
817 1811 877 1878 est,
907 1811 1030 1861 utuntur.
1076 1802 1134 1861 Sed

138 1889 272 1966 optimum
288 1897 333 1946 est
344 1886 434 1956 Nilei;
455 1906 549 1965 neque
565 1887 601 1946 de
615 1887 674 1946 ullo
690 1887 782 1963 magis
799 1886 873 1945 inter
886 1904 986 1946 omues
999 1894 1133 1945 auctores

138 1975 281 2033 convenit.
1143 1997 1169 2037 ao

199 2058 228 2118 9.
246 2055 278 2114 ld
293 2055 378 2114 habet
393 2055 472 2114 nardi
488 2055 591 2130 iudici,
608 2057 764 2134 papaveris
781 2055 934 2130 lacrimae,
954 2054 1134 2132 singulorum

137 2160 165 2219 p.
181 2139 237 2218 )-(.
252 2173 303 2195 -.
327 2139 447 2215 gummis
462 2138 553 2215 p,)·(.
571 2153 592 2196 1.
617 2141 695 2199 croci
715 2159 743 2218 p.
761 2140 816 2218 )·(.
833 2153 869 2198 11.
895 2139 1028 2198 foliorum
1046 2155 1133 2197 rosae

137 2224 293 2283 recentium
310 2241 337 2300 p.
353 2222 409 2301 )·(.
427 2235 472 2279 1v.
490 2239 563 2297 quae
576 2222 623 2281 vel
643 2241 715 2299 aqua
734 2223 891 2300 pluviatili,
915 2223 962 2281 vel
977 2223 1044 2282 vino
1062 2221 1132 2295 levi,

137 2308 308 2366 subaustero
333 2313 484 2381 coguntur.
522 2304 626 2382 Neque
651 2307 773 2365 alienum
798 2315 843 2365 est
864 2306 1057 2381 malicorium,
1084 2305 1132 2364 vel

137 2389 271 2449 sertulam
290 2406 454 2465 campanam
470 2405 507 2445 ex
522 2389 588 2446 vino
603 2407 749 2466 coquere,
773 2389 877 2450 deinde
893 2399 1060 2456 conterere;
1085 2396 1134 2448 aut
1143 2409 1168 2448 rs

136 2481 255 2532 murtam
281 2474 390 2547 nigram
412 2490 475 2528 cum
503 2490 590 2531 rosae
615 2473 693 2532 foliis
720 2477 859 2539 miscere:
889 2483 934 2533 aut
962 2473 1132 2548 hyoscyami

136 2555 206 2614 lolia
225 2573 287 2614 cum
313 2557 358 2612 ovi
381 2556 455 2613 cocti
472 2556 589 2625 vitello;
618 2566 665 2616 aut
679 2557 797 2616 farinam
814 2577 877 2616 cum
894 2560 1010 2617 acaciae
1029 2574 1131 2632 succo,

137 2639 183 2697 val
199 2655 303 2716 passo,
321 2648 367 2697 aut
382 2639 490 2699 mulso:
515 2640 617 2717 quibus
634 2642 658 2698 si
674 2641 744 2700 lolia
760 2659 876 2718 quoque
893 2642 1046 2720 papaveris
1061 2640 1132 2714 adji-

137 2723 261 2797 ciuntur,
278 2723 422 2800 aliquanto
437 2724 597 2783 valentiora
614 2734 687 2782 sunt.
710 2725 817 2783 Horum
833 2725 929 2802 aliquo
945 2733 1131 2802 praeparato,

138 2807 274 2886 penicillo
291 2807 393 2866 lovere
413 2807 515 2866 oculos
533 2817 651 2885 oportet
670 2827 707 2868 ex
723 2826 796 2885 aqua
817 2808 909 2868 calida
925 2825 1085 2886 expresse,
1103 2809 1168 2870 ineo

136 2909 191 2971 qua
214 2901 278 2951 ante
299 2891 345 2950 vcl
370 2892 451 2950 murti
473 2891 519 2949 vel
540 2908 626 2950 rusae
648 2892 718 2951 folia
739 2892 859 2952 decocta
877 2894 944 2952 siut:
972 2891 1074 2952 deinde
1094 2909 1132 2950 ex

136 2976 193 3036 illis
213 2976 318 3054 aliquid
340 2976 454 3053 imponi.
493 2974 614 3034 Praeter
628 2975 702 3035 haec
717 2977 752 3035 ab
772 2978 926 3054 occipitio,
950 2976 1040 3035 incisa
1055 2983 1131 3050 cute,

136 3059 314 3119 cucurbitula
343 3061 502 3122 adhibenda
518 3073 573 3124 est.
602 3057 686 3132 Quod
702 3061 726 3118 si
745 3078 798 3138 per
812 3061 886 3119 baec
902 3063 1049 3121 restitutus
1062 3076 1130 3119 ocu-

135 3141 180 3202 lus
196 3144 224 3202 in
240 3143 339 3203 sedem
358 3161 435 3203 suam
452 3159 508 3201 non
527 3152 587 3218 est,
611 3142 769 3223 eodemque
787 3144 873 3204 modo
891 3145 1046 3223 prolapsus
1064 3161 1130 3222 per·

134 3236 243 3304 manet,
266 3229 344 3286 scira
365 3235 481 3304 oportet
501 3227 596 3287 lumen
619 3245 685 3287 esse
706 3230 854 3296 amissum;
878 3228 981 3288 deinde
997 3228 1167 3304 futurumst

134 3320 164 3368 ut
185 3321 232 3370 aut
255 3312 418 3370 indurescat
440 3313 479 3384 is,
504 3320 551 3370 aut
571 3314 599 3371 in
618 3330 671 3390 pus
688 3321 824 3371 vertatur,
860 3313 890 3370 Si
908 3313 1076 3390 suppuratio
1096 3329 1129 3370 se

136 3395 277 3469 ostendit,
296 3394 331 3453 ab
349 3411 384 3453 eo
401 3393 522 3470 angulo,
542 3397 589 3472 qui
604 3397 728 3473 tempori
744 3397 866 3474 propior
881 3404 941 3470 est,
958 3395 1043 3456 incidi
1060 3411 1128 3455 ocu·

135 3473 180 3532 lus
195 3474 296 3547 debet3
322 3487 366 3553 ut,
392 3478 483 3536 effuso
499 3494 587 3555 pure,
612 3487 641 3538 et
657 3480 837 3539 inflammatio
853 3498 887 3539 ac
903 3479 987 3539 dolor
1003 3479 1128 3556 liniatur,
