2414 3924
428 96 496 142 nra.
511 95 545 143 v.
567 93 642 142 car.
658 95 756 144 xsun.
1027 85 1087 148 169

162 250 212 312 12.
240 249 287 310 Ad
307 249 408 309 eadem
429 248 601 309 Panthemus
626 248 758 308 utebatur
778 249 868 313 calcis
889 266 916 325 p.
937 268 961 309 1.
979 253 1087 329 sinapis

95 335 229 411 contriti,
252 336 321 394 item
339 331 419 392 ioeni
434 334 551 409 graeci,
575 332 722 410 aluminis,
745 332 922 408 singulorum
938 351 966 410 p.
982 347 1004 393 1.
1025 336 1087 393 seri

93 417 193 479 bubuli
209 436 238 496 p.
255 431 291 478 11.
308 435 332 478 s.

161 516 209 578 13.
239 517 286 576 14.
314 513 361 574 Ad
384 523 519 573 strumam
540 515 626 573 multa
643 514 814 592 malagmata
827 514 952 576 invenio.
990 511 1086 574 Credo
1190 565 1193 569 ,

67 609 205 677 sautem,
228 617 284 677 quo
306 600 390 676 pejus
413 597 440 656 id
461 597 563 657 malum
580 607 639 674 est,
663 600 810 677 minusque
825 597 912 657 lacile
927 597 1086 674 discutitur,

93 702 131 744 eo
148 683 232 762 plura
249 700 316 742 esse
332 689 456 750 tentata;
480 699 554 759 quae
572 683 600 740 in
615 682 748 760 personis
763 681 844 741 varie
861 680 1084 760 responderunt.

93 767 227 827 Andreas
252 773 353 826 auctor
379 774 439 840 est,
466 774 495 823 ut
516 764 589 824 haec
615 767 802 825 misceantur:
833 766 941 824 urticae
971 766 1086 823 seminis

93 869 124 929 p.
140 848 197 928 )·(.
214 863 236 908 1.
263 849 372 928 piperis
392 849 522 923 rotundi,
546 847 646 908 bdellii
653 848 812 926 ,galbani,
835 848 1003 908 ammoniaci
1023 847 1085 922 thy·

93 935 251 1009 miamatis,
282 934 398 992 resinae
425 931 537 1008 aridae,
567 932 944 1011 singulorump.)·(.1v.
972 932 1086 991 resinae

58 1017 241 1096 reliqnidae,
264 1033 367 1092 cerae,
389 1015 534 1093 pyrethri,
561 1017 670 1094 piperis
692 1015 788 1093 longi,
808 1016 939 1074 lactucae
959 1016 1086 1075 marinae

94 1101 227 1175 seminis,
251 1099 425 1178 sulphuris
417 1117 511 1175 ignem
534 1115 591 1158 non
607 1101 736 1198 experti,
760 1087 874 1177 quod*
853 1116 985 1178 uuvpou
999 1115 1085 1158 voca-

93 1195 156 1259 tur,
172 1183 266 1244 111111
278 1183 374 1242 arrdae
388 1184 463 1241 aeetr
471 1200 616 1262 spumae
629 1184 711 1258 mtrr
727 1182 796 1242 salus
808 1200 993 1258 ammoniaci
1011 1184 1085 1242 sina·

94 1271 157 1346 pis,
189 1267 379 1342 cardamomi,
408 1266 514 1326 radicis
540 1284 578 1325 ex
603 1284 756 1327 cucumere
782 1267 926 1341 silvestri,
958 1269 1084 1338 resinae,

93 1351 271 1427 singulorum
287 1368 315 1427 p.
333 1349 389 1427 )·(.
404 1362 477 1409 v111.
497 1367 571 1427 qnae
586 1369 623 1410 ex
638 1351 695 1410 leni
712 1351 779 1411 vino
796 1348 1089 1431 contundunturffial.

59 1462 83 1503 rt
95 1441 115 1502 l.
134 1441 152 1502 l.
168 1441 213 1518 X,
229 1443 272 1521 2).

159 1532 207 1590 15.
238 1528 406 1607 Expeditius
430 1528 465 1588 ad
483 1528 557 1588 idem
573 1531 617 1604 ht,
642 1530 719 1608 quod
734 1530 821 1589 habet
838 1533 910 1590 visci
925 1532 942 1566 '¹‘
957 1532 1083 1607 seminis,

94 1615 253 1686 stercoris,
277 1615 408 1688 resinae,
432 1612 578 1690 sulphuris
598 1615 694 1689 ignem
715 1631 772 1672 non
788 1618 900 1692 experti
916 1632 1002 1693 pares
1018 1631 1084 1691 por·

94 1698 198 1756 tiones.
221 1695 259 1756 Et
269 1697 298 1754 in
310 1713 367 1774 quo
381 1704 424 1755 est
437 1695 582 1774 sulphuris
595 1714 623 1773 p.
636 1696 692 1773 )·(.
706 1710 728 1754 1.
741 1696 856 1774 lapidis,
873 1715 957 1775 quem
972 1698 1086 1776 pyriten

94 1789 214 1856 vocant,
231 1780 393 1858 p.)·(.1v.
411 1781 514 1838 cumini
529 1778 718 1839 acetabulum.
752 1778 822 1838 ltem
839 1781 866 1838 in
882 1798 938 1859 quo
956 1790 999 1840 cst
1014 1780 1084 1859 lapi·

56 1890 85 1931 20
96 1863 140 1922 dis
162 1863 291 1937 ejusdem
312 1880 379 1940 pars
399 1880 470 1939 una,
493 1861 636 1940 sulphuris
654 1862 726 1921 duae
743 1872 856 1941 partes,
881 1865 994 1924 resinae
1011 1873 1085 1922 tere·

93 1946 237 2007 binthinae
256 1955 353 2023 partes
368 1955 438 2005 tres.

158 2043 206 2104 16.
235 2042 341 2102 Arabis
356 2051 449 2102 autem
468 2043 614 2119 cujusdam
633 2052 677 2103 est
694 2044 730 2103 ad
747 2054 897 2119 strumam,
919 2053 947 2102 et
963 2045 1085 2102 orientia

93 2126 259 2201 tubercula,
281 2127 358 2205 quod
374 2128 447 2186 haec
464 2127 577 2204 digerit.
616 2127 710 2187 Habet
725 2128 873 2202 myrrhae,
896 2125 963 2186 salis
980 2143 1084 2185 ammo-

94 2213 185 2287 niaci,
210 2212 295 2287 turis,
318 2212 432 2269 resinae
452 2221 481 2270 et
501 2211 626 2290 liquidae
651 2221 679 2270 et
697 2210 808 2287 aridae,
832 2211 1084 2289 crocomagmatis,

56 2313 198 2370 1511111,
222 2293 399 2370 singulorum
416 2313 444 2372 p.
459 2297 515 2374 )·(.
532 2310 553 2354 1.
577 2296 680 2374 lapidis
700 2296 780 2370 ejus,
804 2313 888 2372 quem
904 2298 1017 2373 pyriten
1034 2313 1084 2355 vo·

95 2387 176 2453 cant,
192 2396 219 2455 p
237 2377 264 2454 )·
269 2379 293 2454 (.
311 2391 356 2435 tv
372 2377 473 2455 quibus
492 2379 604 2457 quidam
620 2379 756 2454 adjiciunt
769 2378 913 2455 sulphuris
930 2397 957 2457 p
974 2379 1001 2456 )
1006 2381 1083 2458 (

155 2479 203 2536 17.
231 2476 283 2535 Est
298 2477 381 2536 etiam
397 2479 584 2556 proficiens
576 2498 604 2536 ιιι
624 2489 746 2552 struma,
771 2488 800 2537 et
820 2480 848 2537 in
869 2480 903 2538 111
925 2479 1084 2576 tuberibus,

94 2577 169 2638 quac
189 2559 343 2619 dilliciliter
369 2571 601 2638 concoquuntur,
627 2563 704 2621 etin
727 2562 775 2637 iis,
801 2580 875 2640 quae
897 2554 1085 2641 καρκινωᾶη

50 2698 54 2704 .
94 2652 248 2719 vocantur,
278 2643 355 2721 quod
380 2663 417 2702 ex
439 2643 483 2701 his
505 2653 632 2703 constat:
664 2645 859 2723 sulphurisp.
880 2646 936 2724 )·.(
958 2659 995 2705 11
1019 2646 1085 2704 nitri

58 2745 123 2804 anp.
140 2726 195 2804 )·(.
212 2740 257 2785 1v.
281 2727 413 2801 myrrhae
430 2746 457 2805 p.
475 2727 531 2805 )·(.
548 2741 593 2785 VI.
615 2727 743 2804 fuliginis
760 2729 830 2786 turis
849 2746 876 2805 p.
896 2747 919 2785 s.
942 2728 1011 2787 salis
1028 2746 1084 2786 am-

94 2811 216 2868 moniaci
232 2827 259 2887 p.
278 2830 303 2869 1.
321 2829 407 2869 11111
424 2828 453 2886 p.
472 2823 494 2868 1.

159 2891 205 2951 18.
234 2892 409 2953 Protarchus
425 2901 519 2951 autem
535 2892 570 2951 ad
588 2891 792 2971 capraritias,
815 2910 906 2969 eaque
924 2890 1084 2968 tubercula,

94 2994 167 3054 quae
182 2972 390 3054 μελικηρίὸες
411 2975 607 3050 nominantur,
629 2976 698 3031 item
721 2974 792 3032 mala
812 2974 927 3050 ulcera,
955 2975 1085 3053 pumicis,

94 3061 207 3118 resinae
224 3061 326 3136 pineae
343 3058 483 3135 liquidae,
506 3058 576 3116 turis
592 3057 735 3133 fuliginis,
759 3075 877 3136 spumae
890 3059 972 3133 nitri,
993 3056 1085 3135 iridis,

58 3164 84 3205 11
95 3143 273 3219 singulorum
299 3162 326 3220 p.
351 3141 407 3222 )·(.
428 3155 503 3202 vm.
531 3158 594 3199 cum
622 3158 708 3200 cerac
733 3159 761 3219 p.
787 3140 843 3220 )·(.
866 3155 912 3200 1x.
934 3141 1083 3217 miscebat,

94 3225 197 3303 hisque
213 3227 271 3285 olei
289 3226 420 3299 cyathum
437 3234 466 3286 et
480 3224 623 3285 dimidium
639 3224 801 3300 adjiciebat.

160 3310 207 3370 19.
238 3309 276 3368 At
302 3310 442 3370 adversus
469 3327 571 3389 panum
597 3319 652 3368 tum
678 3310 798 3387 primum
825 3309 980 3386 orientem,
1007 3307 1083 3387 quod
