2414 3924
436 218 505 265 nnn.
521 218 582 266 vu.
606 179 758 267 cneum.
1029 212 1090 274 2⁷3

97 373 259 455 postulant,
282 381 311 432 et
326 372 390 452 ipsa
405 372 521 433 diuersa
536 383 617 450 sunt,
638 382 667 433 et
682 371 766 433 aliter
785 374 927 453 aliterque
946 384 1090 436 curantur.

95 460 186 537 lgitur
202 458 230 515 in
245 455 444 535 superioribus
461 456 610 536 palpebris
622 458 741 517 vesicae
758 459 840 516 nasci
856 458 954 518 solent
968 459 1092 536 pingues

96 559 276 620 gravesque,
293 557 367 618 quae
385 543 434 599 vix
448 541 584 600 attollere
603 541 707 601 oculos
722 542 831 616 sinunt,
852 541 994 620 levesque
1010 545 1092 622 pitni-
1138 562 1139 566 ¹

97 637 143 686 tae
161 642 277 701 cursus,
299 622 351 683 sed
372 623 520 701 assiduos,
543 626 571 684 in
593 623 685 684 oculis
706 633 832 684 movent.
870 623 947 685 Fere
968 643 1041 686 vero
1063 630 1092 687 iu

73 710 195 789 spueris
209 716 373 767 nascuntur.
409 707 547 786 Oportet,
566 713 736 788 compresso
752 706 848 785 digitis
866 708 978 770 duobus
993 710 1091 788 oculo,

95 801 183 871 atque
198 794 237 851 ita
254 800 318 850 cute
335 793 457 868 intenta,
469 792 612 871 scalpello
627 802 821 851 transversam
834 793 938 853 lineam
953 793 1092 873 incidere,

55 877 57 881 ’
96 893 236 955 suspensa
251 874 357 934 leviter
371 893 471 951 mauu,
489 895 524 934 ne
541 877 640 935 vesica
656 877 719 954 ipsa
734 875 919 937 vulneretur:
940 886 986 952 et,
1003 886 1035 937 ut
1050 878 1093 941 lo·

97 979 147 1020 cus
161 961 187 1018 ei
203 958 366 1037 patefactus
382 968 442 1034 est,
459 961 522 1038 ipsa
540 968 720 1038 prorumpat;
767 968 824 1018 tum
846 959 944 1036 digitis
965 978 1028 1020 eam
1043 980 1092 1041 ap-

98 1043 291 1122 prehendere,
309 1051 337 1101 et
352 1043 481 1101 evellere
498 1043 546 1122 (P.
567 1043 644 1119 Aeg.
659 1042 711 1119 Vl,
731 1044 796 1122 14).
820 1042 921 1103 Facile
936 1052 1031 1105 autern
1046 1064 1092 1105 se-

62 1149 88 1188 ro
98 1128 201 1206 quitur.
221 1126 295 1186 Dein
313 1126 500 1203 superinungi
518 1125 640 1201 collyrio
656 1125 789 1186 debetex
805 1128 841 1186 iis
857 1127 1093 1210 aliquo,quolip-

99 1212 212 1290 pientes
228 1210 305 1270 oculi
319 1210 580 1286 superinunguntur
588 1211 643 1288 (ci.
654 1208 705 1287 Vl,
713 1210 765 1287 6):
780 1212 1020 1292 paucissimisque
1033 1213 1092 1274 die·

97 1295 150 1353 bus
167 1292 335 1354 cicatricula
351 1292 502 1352 inducitur.
526 1294 677 1354 Molestius
691 1302 736 1352 est
750 1294 799 1353 ubi
814 1295 904 1355 incisa
919 1299 1018 1357 vesica
1033 1307 1092 1358 est:

98 1377 215 1437 effundit
230 1378 304 1437 enim
321 1377 484 1444 humorem:
502 1396 597 1455 neque
613 1386 732 1456 postea,
751 1379 818 1456 quia
833 1380 927 1438 tenuis
944 1380 1093 1441 admodum

99 1470 152 1535 est,
167 1470 263 1539 potest
276 1460 386 1538 colligi.
409 1462 440 1520 Si
455 1461 531 1520 iorte
548 1462 575 1521 id
591 1460 701 1536 incidit,
714 1478 813 1520 eornm
825 1461 931 1541 aliquid
946 1465 1092 1543 imponen-

63 1565 88 1605 m
99 1545 162 1604 dum
179 1554 238 1620 est,
258 1563 331 1623 quae
349 1545 412 1624 puri
427 1544 571 1604 movendo
587 1554 651 1604 sunt
664 1544 719 1623 (ci.
736 1546 774 1622 V,
793 1545 811 1605 3
830 1554 860 1605 et
876 1547 907 1625 9,
927 1548 965 1609 10
979 1550 1072 1627 sqq).

160 1629 189 1688 2.
209 1628 242 1688 ln
263 1628 364 1688 eadem
383 1628 523 1707 palpebra
545 1646 632 1707 supra
652 1628 779 1706 pilorum'
796 1628 892 1689 locum
913 1630 1092 1691 tuberculum

98 1713 247 1791 parvulum
272 1713 413 1789 nascitur,
437 1712 514 1791 quod
542 1731 558 1773 a
584 1711 764 1771 similitudine
788 1712 906 1788 hordei,
933 1732 949 1773 a
972 1714 1092 1775 Graecis

98 1789 201 1875 κριθή
217 1796 385 1854 nominatur.
408 1795 518 1856 'lucica
536 1795 686 1874 quiddam,
705 1796 782 1874 quod
798 1795 953 1856 diiiiculter
970 1806 1091 1857 mature·

99 1881 163 1954 scit,
176 1877 416 1956 comprehensum
426 1889 480 1938 est.
503 1879 535 1939 ld
550 1880 597 1940 vel
612 1879 706 1939 calido
723 1896 814 1957 pane,
829 1881 875 1939 vel
892 1898 960 1940 cera
972 1880 1092 1941 subinde

61 1987 88 2026 ao
99 1962 240 2022 calefacta
258 1962 355 2021 ‘ioveri
374 1972 492 2041 oportet
513 1966 572 2039 sic,
594 1982 631 2022 ne
650 1964 751 2023 nimius
767 1965 791 2021 is
810 1964 891 2024 calor
912 1967 966 2040 sit,
984 1965 1035 2024 sed
1052 1965 1092 2025 la·

98 2047 153 2106 cile
172 2064 206 2106 ea
222 2055 303 2124 parte
323 2049 512 2108 sustineatur:
531 2047 586 2107 bac
601 2048 675 2106 enim
689 2048 800 2106 ratione
822 2066 912 2126 saepe
932 2048 1091 2124 discutitur,

96 2129 236 2190 interdum
253 2132 455 2208 concoquitur.
496 2132 526 2191 Si
548 2150 601 2210 pus
625 2149 657 2190 se
677 2130 818 2205 ostendit,
839 2131 982 2210 scalpello
1005 2130 1093 2191 dividi

97 2215 194 2289 debet,
213 2222 252 2289 et,
266 2213 401 2292 quidquid
418 2215 492 2273 intus
506 2214 632 2274 humoris
649 2223 704 2289 est,
718 2217 855 2293 exprimi:
873 2216 975 2275 eodem
987 2213 1091 2274 deinde

97 2316 207 2377 vapore
223 2306 327 2374 postea
345 2314 460 2376 quoque
475 2298 569 2357 loveri
585 2307 613 2357 et
630 2299 836 2377 superinungi,
857 2299 950 2358 donec
965 2297 1000 2358 ad
1017 2298 1092 2359 sani·

61 2398 87 2439 25
97 2391 184 2441 tatem
199 2382 359 2459 perveniat.

149 2466 189 2526 .3.
212 2464 277 2524 Alia
293 2482 407 2542 quoque
425 2465 565 2544 quaedam
579 2467 606 2524 in
621 2465 770 2544 palpebris
789 2465 855 2525 buic
870 2484 927 2526 non
944 2465 1093 2526 dissimilia

97 2557 264 2617 nascuntur;
279 2548 331 2606 sed
346 2567 439 2627 neque
452 2551 549 2628 utique
562 2550 671 2625 ligurae
684 2548 813 2624 ejusdem
829 2559 857 2609 et
868 2549 995 2625 mobilia,
1009 2546 1093 2608 simul

98 2641 184 2731 atque
200 2631 290 2708 digito
312 2631 361 2690 vel
378 2633 497 2692 hussel
522 2633 590 2692 illuc
615 2632 814 2710 impelluntur:
839 2633 965 2712 ideoque
983 2651 1017 2693 ea
1033 2651 1074 2711 χα
1150 2682 1154 2689 .

97 2716 190 2789 lageos
205 2714 308 2775 Graeci
324 2725 431 2775 vocant
451 2716 499 2793 (P.
514 2716 591 2792 Aeg.
607 2715 664 2791 vl,
683 2715 748 2795 16).
770 2715 851 2775 Haec
866 2716 953 2776 incidi
975 2715 1092 2790 debent,

61 2824 88 2865 ao
98 2802 121 2859 si
139 2799 191 2858 sub
209 2807 273 2857 cute
290 2808 369 2875 sunt,
394 2799 430 2858 ab
446 2803 593 2858 exteriore
618 2808 714 2877 parte;
737 2801 761 2857 si
786 2799 838 2858 sub
858 2800 1041 2876 cartilagine,
1057 2798 1092 2858 ab

96 2885 251 2942 interiore:
279 2882 345 2941 dein
367 2882 500 2959 scalpelli
521 2882 700 2942 manubriolo
728 2881 888 2941 diducenda
911 2882 946 2940 ab
972 2882 1092 2957 integris

97 2966 225 3046 partibus
242 2975 316 3027 sunt.
349 2967 408 3041 Ac,
423 2968 447 3024 si
461 2968 536 3025 intus
552 2966 639 3044 plaga
655 2973 719 3041 est,
735 2965 927 3040 inungendum
944 2965 1035 3042 primo
1051 2963 1091 3023 lc·

96 3049 188 3126 nibus,
205 3050 307 3109 deinde
320 3048 499 3109 acrioribus:
518 3051 541 3107 si
559 3058 651 3124 extra,
668 3048 879 3126 superdandum
895 3047 1091 3124 emplastrum,

97 3151 154 3212 quo
168 3133 197 3193 id
210 3133 375 3209 glutinetur.
1165 3140 1168 3145 '

61 3241 87 3281 aa
159 3220 189 3278 4.
214 3216 325 3293 Unguis
337 3235 425 3290 vero,
443 3206 709 3294 quodattepoycov
717 3215 821 3275 Graeci
834 3223 940 3275 vocant
955 3214 1001 3292 (P.
1014 3214 1091 3290 Aeg.

96 3301 152 3377 Vl,
171 3300 243 3377 18),
267 3310 311 3360 est
329 3299 522 3360 membranula
545 3316 670 3358 nervosa
687 3301 785 3357 oriens
807 3298 843 3358 ab
867 3298 991 3374 angulo,
1017 3315 1092 3374 quae

98 3402 308 3462 nonnumquam
335 3385 370 3444 ad
393 3383 530 3462 pupillam
554 3399 670 3460 quoque
702 3384 853 3460 pervenit,
877 3383 962 3459 eique
990 3381 1090 3439 cilicii.

98 3469 223 3545 Saepius
236 3485 252 3526 a
269 3471 393 3543 narium,
406 3467 545 3526 interdum
557 3467 641 3525 etiam
654 3486 669 3526 a
681 3476 841 3545 temporum
857 3474 938 3546 parte
954 3464 1090 3525 nascitur.

150 3569 256 3609 censos.
850 3550 887 3611 18
