2414 3924
480 209 723 275 -163-

177 359 297 418 sivero
317 354 492 436 cogentibus
515 353 650 416 febribus
668 354 725 416 sub
748 357 862 435 ingenti
885 357 1017 418 siccitate
1040 374 1107 419 eor·

81 447 171 529 poris
196 445 349 507 doluerint
369 443 553 526 laborantes,
574 446 734 524 ptygmatis
756 443 855 506 idest
876 447 982 524 pannis
1005 446 1107 508 calidis

85 552 123 599 es
149 535 330 597 decoctione
358 534 438 595 faeni
464 534 565 612 gruem
587 540 618 593 et
645 535 725 594 aneti
747 532 887 594 adiuncto
909 533 977 594 oleo
1003 537 1106 597 uteris

84 633 156 706 post
184 623 261 684 haec
289 624 377 683 etiam
406 623 585 683 cerofarium
614 639 651 682 ex
677 620 832 702 diachylou
860 621 1030 683 confectum
1056 640 1106 703 ap·

85 731 198 795 pones,
221 711 301 791 quod
321 713 460 792 superius
477 711 509 770 iu
530 712 658 770 tetanica
677 713 815 790 passione
834 712 1018 790 scripsimus.
1054 720 1133 773 auto

87 802 272 864 cerotarium
294 800 494 880 pleureticum
517 816 554 859 ex
577 798 643 859 oleo
662 802 785 880 cyprino
805 799 975 860 confectum
999 809 1030 860 et
1051 800 1106 861 lin·

86 890 167 953 teolo
197 888 325 950 densum
351 887 508 949 inductum
536 887 673 948 similiter
703 907 842 969 appones.
889 896 920 948 et
949 888 1106 950 conficitur

86 982 140 1042 sic.
188 976 248 1038 olei
276 979 391 1058 cyprini
419 975 441 1044 ὅ
467 974 546 1058 Vlll,
579 993 666 1036 cerae
692 976 713 1043 5
740 976 792 1052 Vl,
819 977 914 1057 adipis
941 979 1048 1038 asinini
1076 984 1107 1038 et

86 1069 168 1130 faeni
195 1068 296 1156 graeci
323 1065 418 1127 moliti
445 1072 475 1125 et
502 1064 639 1145 meliloti,
667 1068 802 1127 omnium
828 1067 920 1142 trium
947 1080 982 1126 -2-
1011 1064 1105 1126 binas.

179 1154 375 1216 electuarium
397 1154 571 1234 pleureticis
590 1160 621 1214 et
641 1153 904 1234 peripleumonicis
925 1151 1105 1216 conveniens
1120 1170 1138 1209 ι(

87 1245 136 1306 dia
159 1253 213 1307 ton
235 1247 341 1322 picron
364 1241 538 1322 amygdalon
561 1260 578 1302 a
601 1240 722 1304 Graecis
745 1243 923 1323 appellatum
946 1243 976 1305 id
1000 1251 1106 1304 estex

86 1335 198 1395 amaris
227 1331 395 1413 amygdalis.
436 1333 544 1412 recipit
571 1338 671 1391 autem
699 1331 799 1393 nuclei
824 1331 930 1393 leviter
952 1333 1107 1394 torrefacti

86 1431 118 1484 ct
139 1422 195 1484 lini
213 1423 337 1482 seminis
355 1419 493 1481 similiter
515 1419 679 1500 torrefacti,
701 1419 855 1482 ambarum
878 1423 1047 1499 specierum
1069 1434 1106 1486 ÷

87 1510 236 1591 singulas,
258 1508 402 1589 amygdali
420 1510 512 1570 amari
531 1509 675 1569 decoriati
696 1508 802 1570 leviter
819 1509 973 1570 torrefacti
990 1511 1013 1580 9
1030 1507 1105 1591 XVI,

86 1600 167 1661 faeni
194 1601 294 1678 graeci
321 1597 417 1660 moliti
443 1596 566 1679 Nili,
598 1596 732 1677 draganti
755 1599 836 1660 tunsi
859 1605 890 1658 et
917 1601 993 1659 creti
1012 1597 1036 1669 9
1058 1597 1104 1681 Vl,
1119 1614 1138 1652 u

87 1687 185 1750 mellis
209 1687 377 1766 despumati
400 1686 479 1766 quod
503 1687 664 1748 suffecerit

178 1774 266 1836 aliud.
303 1781 372 1855 post
399 1777 547 1836 minutum
574 1773 708 1834 dolorem
736 1776 762 1835 si
788 1775 866 1835 forte
895 1781 982 1852 sputa
1011 1792 1104 1853 puru-

86 1864 167 1927 lenta
185 1865 378 1945 proiecerint,
401 1863 449 1925 dia
466 1865 582 1943 prassIu
604 1863 742 1942 superius
765 1863 796 1922 in
816 1861 944 1943 pthisico
966 1864 1104 1940 passione

87 1954 250 2031 conscripti
279 1952 457 2013 coclearium
480 1951 493 2011 l
521 1970 589 2012 cum
618 1952 696 2012 faeni
723 1953 823 2030 graeci
845 1968 918 2011 suco
941 1951 1050 2011 ieiunis
1073 1957 1104 2011 ct

87 2043 122 2102 ad
147 2059 303 2121 vesperam
326 2042 411 2120 potui
434 2039 526 2102 dabis.
1117 2054 1137 2094 2(

177 2129 265 2190 aliud.
303 2131 449 2209 catapotia
472 2129 607 2211 nechim,
637 2129 667 2189 id
692 2136 738 2189 est
760 2127 962 2208 tussicularia,
984 2146 1103 2207 vesper·

85 2222 150 2280 tino
183 2228 318 2298 tempore
349 2217 502 2278 cubaturis
534 2221 565 2278 in
593 2235 648 2277 ovo
677 2215 780 2277 sorbili
807 2225 859 2277 aut
890 2227 972 2277 certe
1004 2217 1104 2298 tepida

86 2325 164 2386 aqua
188 2305 280 2367 dabis.
318 2314 348 2366 et
372 2323 508 2367 somnum
532 2314 693 2386 provocant
712 2313 743 2366 et
765 2304 939 2367 tussiculam
958 2307 1102 2384 mitigant.

178 2394 259 2455 aliud
278 2397 457 2455 conveniens
476 2398 601 2456 maxime
620 2397 646 2455 is
666 2396 717 2473 qui
736 2413 805 2455 cum
824 2393 971 2455 solutione
991 2397 1103 2455 ventris

159 2537 175 2584 2
195 2532 318 2599 tigmate
336 2547 358 2596 c,
378 2531 522 2599 pimstep
547 2531 680 2599 (ptimete
694 2531 748 2599 pt).
839 2529 939 2598 pannis
958 2528 1057 2584 calidis
1075 2545 1101 2584 c:

84 2619 195 2672 pennos
214 2617 255 2656 co.
270 2617 301 2670 p.
374 2601 491 2655 tetiam
501 2618 537 2670 p:
557 2602 587 2654 et
600 2618 621 2655 c.
695 2600 821 2654 dichilon
834 2616 875 2669 cp.
949 2601 1054 2683 tquod
1068 2631 1102 2642 -

85 2676 123 2743 (t)
144 2687 270 2742 appones
288 2688 338 2727 om.
358 2689 379 2727 c.
453 2679 469 2726 9
488 2672 581 2727 moliti
604 2689 631 2725 c:
655 2671 759 2726 molliti
772 2688 803 2740 p.
877 2672 907 2725 et
929 2671 1049 2726 meliloti
1067 2676 1104 2726 en

84 2748 111 2812 ἡ
132 2744 175 2800 .ΙΙ.
191 2760 221 2811 p.
296 2749 330 2797 10
349 2743 409 2798 elac
426 2759 453 2811 c,
473 2741 545 2797 El'm
558 2760 590 2812 p.
674 2747 705 2796 12
725 2744 751 2808 It
769 2759 810 2811 op.
892 2744 987 2797 nutem
1006 2759 1055 2797 oon.
1072 2759 1103 2811 p.

84 2815 218 2870 nucleum
237 2819 283 2868 etc.
299 2831 329 2883 p.
435 2819 468 2869 13
488 2816 518 2868 et
534 2815 556 2872 1.
573 2832 594 2867 s.
614 2813 744 2868 similimr
761 2828 811 2868 orn.
831 2829 853 2870 c.
957 2813 1105 2869 torrefacti

84 2903 194 2959 addici.
285 2902 395 2963 ambert
414 2902 516 2971 spebus
536 2883 573 2963 ,Β
593 2900 708 2972 singl'es
722 2918 748 2956 c:
767 2889 836 2974 ut¹s3
861 2903 925 2971 (pro
948 2901 1103 2970 utriusque)

84 2979 128 3029 an.
148 2976 176 3043 ἢ
196 2971 225 3028 J.
240 2989 270 3042 p.
358 2978 392 3026 14
410 2972 545 3027 decoriati
564 2989 590 3028 c:
614 2972 759 3028 discoriati
772 2991 803 3043 p.
880 2971 952 3026 siml'
971 2971 1104 3027 torefacti

82 3047 154 3114 (life)
173 3061 194 3099 c.
270 3050 302 3099 to
322 3043 415 3099 moliti
432 3053 451 3106 3
470 3043 550 3098 VIIII
563 3060 596 3112 p,
615 3043 746 3098 melliloti
763 3049 779 3104 3
799 3043 866 3098 VIII
885 3059 907 3097 c.
979 3041 1103 3097 trecenti

86 3133 108 3183 c,
132 3116 243 3185 ungat.
263 3132 293 3185 p.
373 3120 405 3170 16
423 3132 460 3168 m.
485 3114 637 3184 dispumati
660 3133 687 3184 q.
711 3113 815 3169 sufficit
840 3129 881 3182 cp.
982 3118 1015 3166 18
1043 3110 1103 3166 dis-

84 3186 211 3257 prasium
226 3202 253 3253 c,
273 3185 343 3241 —sii
356 3203 388 3255 p.
460 3184 543 3240 usias
557 3202 597 3255 cp.
672 3190 705 3238 19
720 3184 909 3253 conscriptum
924 3198 945 3238 c.
1019 3180 1103 3236 cocl'r

82 3275 112 3327 p,
130 3258 201 3314 cocl’
222 3272 243 3311 c.
317 3274 381 3311 cum
399 3257 466 3311 fenu
484 3272 568 3326 greco
587 3258 647 3324 (om.
667 3257 744 3323 suco)
764 3271 785 3313 c.
858 3252 994 3308 ieiunio.
1067 3258 1103 3307 20

86 3329 121 3382 ed
148 3344 299 3398 vesperum
332 3331 392 3396 (om.
422 3330 461 3397 et)
489 3344 511 3384 c.
620 3332 653 3381 21
681 3325 798 3395 capucia
825 3340 853 3392 c,
885 3323 1046 3394 catapucies
1069 3340 1101 3393 p.

87 3399 200 3455 bethicu
220 3415 242 3467 o,
262 3399 392 3454 bechicss
401 3414 432 3468 p.
504 3396 695 3453 tussiculuritts
704 3414 735 3467 p.
809 3401 843 3451 22
857 3411 912 3452 ovs
925 3394 1042 3454 sorbilia
1060 3410 1101 3465 cp

87 3475 120 3526 23
138 3474 167 3527 ct
186 3487 213 3526 c:
232 3486 287 3539 que
306 3471 379 3540 etp.
452 3475 487 3524 24
505 3469 542 3523 is:
560 3468 605 3523 his
623 3485 664 3538 cp.

888 3556 941 3610 11*
