2414 3924
110 201 152 266 28
366 212 416 259 on
437 211 500 258 mc
521 210 652 259 sersus
674 210 750 258 css.
767 210 824 258 xv.

112 357 212 434 perio:
246 352 298 413 sed
324 352 403 412 hunc
436 352 537 411 lerunt
563 349 729 411 naturalem
753 349 900 411 stomachi
930 351 1088 412 infirmita·

112 450 172 502 tem
195 437 376 516 crebrasque
392 435 519 496 morbidi
534 436 669 515 corporis
688 435 867 497 olieosmnes
888 435 963 495 arleo
977 437 1089 498 virtute

114 524 206 585 animi
220 522 272 582 diu
285 527 483 588 sustentasse,
499 527 533 580 ut
547 521 642 597 magis
656 520 765 580 mirum
780 520 817 578 sit
832 519 869 579 ad
884 536 980 581 annos
995 534 1089 580 Lxm

115 627 183 670 eum
199 608 288 667 vitam
303 603 461 684 pertulisse
476 623 566 684 quam
581 606 659 665 uitm
675 622 735 664 non
750 602 919 681 protulisse.

68 698 98 756 lb
179 689 294 760 Quare,
321 691 506 751 sanctissime
527 687 668 758 Caerelli,
695 706 762 748 cum
784 691 872 749 utum
900 706 1013 749 annum
1037 691 1123 767 quio

115 779 244 837 maxime
259 775 358 835 luerat
372 776 492 851 corpori
507 772 719 834 formidolosus
733 775 798 832 sine
819 771 881 833 ullo
894 775 1090 834 incommodo

114 861 281 929 transieris,
301 866 435 927 ceteros,
460 860 510 935 qui
529 858 657 919 leviores
671 868 756 928 sunt,
780 857 966 918 climacteras
985 860 1090 920 minus

115 945 169 1006 tibi
190 945 366 1012 extimesco,
389 945 565 1022 praesertim
588 959 656 1002 cum
671 943 702 1001 in
717 947 747 1001 te
768 942 857 1001 animi
878 943 1090 1023 potiusquam

116 1029 252 1108 corporis
272 1035 409 1088 naturam
424 1028 516 1087 sciam
531 1027 693 1095 dominari,
721 1044 832 1105 eosque
845 1027 926 1086 viros
945 1028 1000 1105 qui
1014 1026 1091 1089 tales

116 1115 238 1174 luerunt
260 1130 320 1171 non
335 1113 420 1190 prius
439 1113 497 1171 vita
518 1111 680 1171 excessisse
700 1127 790 1189 quam
811 1111 847 1171 ad
871 1127 982 1171 annum
1003 1111 1090 1173 illum
1109 1123 1139 1172 10

116 1196 352 1274 octogensimum
372 1204 401 1256 et
422 1214 514 1256 unum
534 1194 738 1274 pervenerint,
759 1196 790 1254 in
812 1214 871 1274 quo
892 1194 976 1255 Plato
997 1197 1091 1258 finem

116 1283 193 1340 vitae
215 1286 244 1339 et
263 1279 427 1358 legitimum
453 1297 518 1340 esse
542 1280 717 1341 existimavit
739 1286 768 1339 et
788 1279 893 1340 habuit
911 1279 1089 1355 legitimum.

85 1376 100 1423 2
119 1365 176 1424 hoc
199 1381 277 1424 anno
299 1372 328 1425 et
347 1365 504 1442 Dionysius
523 1363 730 1434 Heracleotes,
753 1372 787 1425 ut
805 1366 865 1424 vita
884 1363 997 1435 abiret,
1021 1366 1091 1426 cibo

118 1447 259 1509 abstinuit
274 1456 304 1509 et
318 1455 422 1508 contra
438 1447 584 1524 Diogenes
600 1448 720 1529 cynicus
736 1446 795 1509 cibi
811 1448 955 1510 cruditate
971 1449 1000 1509 in
1018 1451 1090 1510 cho-

117 1534 212 1597 leram
232 1533 345 1594 solutus
366 1538 420 1593 est.
459 1532 672 1594 Eratosthenes
687 1551 807 1612 quoque
824 1532 875 1595 ille
896 1533 978 1593 orbis
992 1542 1090 1596 terra·
1109 1543 1139 1594 15

117 1637 186 1679 rum
207 1635 328 1678 mensor
349 1625 378 1677 et
399 1616 582 1678 Xenocrates
599 1615 769 1678 Platonicus
789 1618 898 1679 veteris
919 1617 1091 1680 academiae

86 1704 260 1781 apr-inceps
280 1702 317 1762 ad
340 1703 467 1762 eundem
489 1718 599 1762 annum
620 1703 767 1762 vixerunt.
807 1719 869 1764 non
891 1704 979 1780 pauci
1000 1705 1090 1763 etiam

119 1805 173 1866 per
198 1788 290 1848 animi
310 1788 445 1865 spiritum
472 1786 614 1846 molestiis
635 1786 770 1864 corporis
793 1788 941 1864 superatis
965 1785 1091 1848 limitem

118 1873 207 1933 istum
224 1872 401 1949 transgressi
415 1877 499 1940 sunt,
520 1880 555 1931 ut
569 1869 749 1940 Carneades,
772 1888 788 1930 a
804 1888 863 1949 quo
878 1871 967 1931 tertia
982 1871 1090 1933 acatio·

72 1946 88 1964 ‘
119 1957 179 2017 mia
191 1963 245 2024 est,
262 1974 337 2033 qnae
349 1956 457 2017 dicitur
468 1972 554 2023 nova,
569 1956 622 2033 qui
634 1955 671 2015 ad
683 1971 793 2014 anntrm
809 1956 1057 2031 nonagensimum
1064 1976 1089 2027 s,
1107 1965 1137 2014 to

120 2039 167 2101 vel
182 2039 355 2110 Cleanthes,
378 2045 430 2116 qui
449 2057 510 2100 uno
525 2041 623 2100 minus
638 2046 757 2099 centum
780 2039 913 2117 explevit.
947 2045 976 2100 at
991 2039 1091 2101 Xeno·

122 2125 233 2202 phanes
249 2124 449 2203 Colophonius
471 2125 565 2184 maior
586 2140 731 2184 annorum
753 2130 871 2183 centum
886 2122 950 2183 luit.
982 2123 1090 2185 Demo·

121 2210 227 2269 critum
254 2227 375 2289 quoque
394 2208 555 2270 Abderiten
583 2216 613 2268 et
636 2206 788 2268 Isocraten
814 2208 967 2268 rhetorem
989 2209 1092 2268 lerunt

121 2311 215 2372 prope
236 2292 273 2353 ad
295 2292 324 2353 id
348 2295 452 2353 aetatis
473 2293 643 2369 pervenisse
668 2310 726 2370 quo
749 2292 878 2369 Gorgian
900 2292 1105 2364 Leontinum>

122 2394 209 2455 quem
230 2379 361 2437 omnium
385 2383 517 2436 veterum
533 2378 661 2437 maxime
683 2393 785 2436 senem
801 2376 891 2437 luisse
912 2384 941 2436 et
956 2384 1024 2436 octo
1040 2394 1089 2438 su·
1108 2384 1137 2434 26

87 2470 175 2539 tpra
197 2466 316 2520 centum
338 2477 431 2518 annos
453 2459 592 2521 habuisse
615 2467 738 2520 constat.
780 2460 858 2539 quod
880 2462 903 2519 si
925 2459 1091 2521 cultoribus

122 2544 281 2620 sapientiae
302 2544 361 2604 sive
386 2562 441 2622 per
466 2546 555 2605 animi
580 2546 718 2605 virtutem
740 2563 792 2605 seu
813 2546 878 2622 lege
899 2544 950 2604 lati
976 2544 1090 2604 diutina

123 2626 228 2705 obtigit
247 2628 320 2698 vita,
343 2645 402 2688 non
418 2629 544 2709 despero
559 2630 632 2706 quin
647 2636 676 2688 te
692 2647 810 2708 quoque
826 2629 875 2689 diu
890 2645 1017 2706 corpore
1039 2629 1090 2689 ad-

191 2952 214 3003 l.
238 2949 436 2999 sabomachtD
504 2948 529 3000 4.
547 2947 664 3011 ptulisse
687 2947 716 2998 V
778 2962 834 2998 non
851 2962 1019 3013 personuisse
1038 2948 1096 2998 DV

122 3019 146 3067 ὃ.
166 3017 263 3067 corelli
290 3017 315 3065 V
331 3033 366 3067 ex
383 3020 424 3066 stt.
496 3018 636 3065 cumdio
655 3031 708 3066 ras.
779 3019 803 3067 7.
828 3030 978 3066 cseutcces
997 3017 1023 3065 D

123 3087 164 3139 11.
184 3086 382 3149 octogesimum
404 3084 430 3134 V
498 3085 539 3134 12.
559 3096 713 3135 exrtmnntr
730 3085 755 3132 D
825 3086 865 3136 13.
884 3082 1017 3133 broutsms
1036 3083 1094 3132 DV

123 3154 163 3202 16.
184 3164 317 3202 securum
334 3153 359 3202 D
429 3153 470 3202 16.
488 3165 657 3203 xenocserts
670 3152 707 3208 D,
726 3155 906 3203 *xenocrates
920 3152 1009 3214 (masa
1022 3150 1049 3215 e)
1067 3149 1094 3198 V

123 3217 300 3269 echebemtae
320 3220 377 3269 DV
443 3222 484 3270 19.
507 3219 673 3271 achademia
698 3219 724 3269 V
791 3221 832 3270 20.
855 3233 930 3270 sous
952 3233 1006 3267 nen
1024 3233 1091 3268 cce·

123 3287 229 3339 ascher
249 3285 387 3352 (cleantes
403 3284 442 3352 V)
459 3300 505 3351 qut
524 3285 557 3338 ab
576 3298 676 3338 ausum
689 3299 915 3352 nonagensimum
928 3287 1092 3350 (nonagesi-

121 3365 195 3405 mum
211 3354 246 3413 V)
265 3369 318 3404 nuo
335 3369 418 3405 uenus
437 3367 551 3405 certunm
568 3355 630 3418 DV,
649 3355 808 3420 muaspoout’t
823 3355 937 3411 Iahnus,·
959 3355 1025 3402 idem
1043 3368 1090 3403 ac·

80 3420 84 3427 '
122 3425 208 3474 cessit
226 3421 352 3485 (Halmius
363 3422 444 3486 vixit)
460 3431 522 3487 post
532 3424 760 3488 nonagensimum
771 3423 932 3472 intercidisse
943 3421 1055 3472 coniecit

121 3484 164 3539 21.
183 3491 362 3556 xeuephaues
380 3489 436 3539 DV
501 3492 543 3541 28.
562 3496 647 3555 atque
668 3490 696 3540 V
