2414 3924
128 234 169 297 38
423 248 457 292 a.
473 244 503 292 c.
520 243 618 293 canor
632 244 827 294 numeneus

129 401 269 480 pestifera
285 384 347 475 est,
372 416 446 476 quae
468 400 680 476 strigmeutum,
707 402 888 477 sanguinem,
909 399 1013 479 bilem,
1033 403 1126 463 viride

128 483 245 562 aliquid,
259 483 345 542 modo
362 482 485 543 diversis
499 483 689 562 temporibus,
704 484 790 544 modo
809 484 902 559 simui,
919 493 948 544 et
959 485 988 542 in
1004 487 1126 547 mixtura

128 567 258 648 quadam,
271 568 397 627 discreta
409 577 514 643 tamen,
523 576 733 645 repraesentat.
751 567 810 628 Sed
819 567 892 627 baec
905 567 1019 647 quidem
1028 579 1127 648 potest

127 652 215 731 paulo
232 651 336 711 diutius
351 650 484 711 trahere:
506 652 534 708 iu
553 653 706 728 praecipiti
722 669 793 712 vero
803 652 864 728 Jam
880 669 947 711 esse
968 653 1124 727 denuntiat,

128 753 203 815 quae
225 735 348 815 liquida,
373 735 532 813 eademque
550 734 598 793 vel
613 736 712 811 nigra,
734 735 783 795 vel
798 734 919 814 pallida,
942 736 991 796 vel
1011 738 1150 814 pinguiss

127 828 187 889 est;
205 820 304 899 utique
320 820 344 877 si
361 836 463 895 magna
475 817 600 877 foeditas
615 818 713 879 odoris
731 819 857 879 accessit
872 817 1038 899 (Proqn.§
1057 819 1123 897 li).

188 903 263 962 Illud
276 903 448 978 interrogari
460 919 506 961 me
519 919 608 979 posse
624 902 659 961 ab
671 902 768 981 aliquo
781 904 860 962 scio:
877 903 901 961 si
916 913 996 962 certa
1011 904 1124 963 futurae

127 987 227 1046 mortis
242 986 346 1046 indicia
362 994 436 1062 sunt,
453 986 598 1064 quomodo
613 986 754 1045 interdum
770 987 879 1046 deserti
895 986 1042 1046 amedicis
1056 1004 1125 1046 con-

126 1072 288 1144 valescant,
306 1070 505 1149 quosdamque
522 1069 596 1129 ianua
612 1070 773 1148 prodiderit
787 1071 815 1128 in
828 1070 899 1147 ipsis
914 1070 1063 1130 funeribus
1079 1089 1125 1131 re-

127 1151 258 1214 vixisse?
289 1152 363 1227 Quin
379 1155 464 1213 etiam
480 1155 524 1212 vir
538 1154 606 1229 jure
622 1155 716 1230 magni
738 1155 860 1214 nominis
873 1153 1073 1232 Democritus,
1089 1169 1161 1214 ueto

128 1239 225 1299 finitae
241 1237 355 1317 quidem
369 1237 445 1297 vitae
462 1239 531 1296 satis
549 1248 644 1297 certas
659 1247 742 1296 notas
758 1256 826 1297 esse
843 1240 1006 1316 proposuit,
1021 1238 1125 1317 quibua

127 1322 232 1381 medici
248 1320 456 1381 credidissent:
474 1321 548 1381 adeo
564 1320 632 1381 illud
649 1339 706 1400 nou
722 1322 854 1401 reliquit,
874 1330 904 1381 ut
926 1331 1006 1382 certa
1029 1321 1125 1400 aliqua

129 1409 211 1482 signa
224 1405 337 1464 futurae
354 1406 454 1464 mortis
476 1415 584 1464 essent.
619 1405 771 1465 Adversus
788 1422 862 1485 quos
883 1424 920 1465 ue
943 1407 1035 1466 dicam
1055 1405 1126 1465 illud

128 1488 260 1569 quidem,
288 1489 365 1568 quod
385 1492 414 1549 in
431 1491 525 1549 vicino
543 1507 633 1567 saepe
654 1490 795 1568 quaedam
813 1499 899 1549 notae
919 1492 1051 1568 positae,
1067 1506 1125 1547 nou

126 1573 239 1649 bonos,
262 1574 314 1633 sed
335 1574 484 1651 imperitos
507 1573 637 1633 medicos
657 1572 817 1651 decipiunt;
838 1573 914 1653 quod
930 1572 1124 1651 Asclepiades
1135 1585 1159 1625 ω

128 1658 223 1717 funeri
244 1657 345 1718 obuius
368 1656 525 1733 intellexit,
548 1656 698 1735 quemdam
722 1658 838 1732 vivere,
864 1659 912 1736 qui
933 1656 1123 1718 efferebatur:

129 1760 184 1802 uec
200 1743 330 1820 protinus
349 1743 456 1801 crimen
470 1742 540 1800 artis
556 1759 640 1815 esse,
666 1742 690 1800 si
706 1741 784 1820 quod
800 1741 1040 1819 professoriam:
1071 1739 1124 1799 ilia

127 1835 222 1886 tamen
239 1826 414 1886 moderatius
431 1824 596 1899 subjiciam:
620 1825 846 1899 conjecturalem
867 1835 956 1886 artem
977 1843 1045 1885 esse
1065 1842 1124 1883 me-

128 1909 268 1985 dicinam,
285 1913 484 1988 rationemque
501 1909 689 1984 conjecturae
704 1908 792 1968 talem
809 1927 892 1982 esse,
916 1912 944 1969 ut
960 1927 1045 1988 quum
1060 1926 1123 1968 sae·

128 1996 191 2072 pius
216 1995 371 2072 aliquando
385 1993 586 2071 responderit,
611 1993 752 2053 interdum
771 2002 864 2052 tamen
887 1993 979 2053 fallat.
1009 1994 1040 2052 Si
1057 1991 1160 2070 quido

128 2080 226 2156 itaque
240 2081 289 2137 vix
305 2081 334 2137 iu
349 2078 501 2137 millesimo
520 2094 646 2154 corpore
662 2076 814 2155 aliquando
830 2076 953 2155 decipit,
979 2077 1007 2136 id
1029 2085 1124 2135 notam

127 2162 296 2239 nonhabet,
316 2179 401 2240 quum
418 2180 472 2239 per
487 2160 710 2220 innumerabiles
726 2161 857 2220 homines
872 2161 1059 2238 respondeat.
1076 2157 1121 2218 ld·

128 2265 184 2325 que
200 2264 256 2305 uon
271 2250 299 2305 in
315 2247 349 2303 iis
365 2254 487 2319 tantum,
510 2263 583 2322 quae
599 2243 738 2322 pestifera
758 2254 836 2321 sunt,
856 2244 936 2313 dico;
962 2244 1014 2304 sed
1038 2245 1066 2302 iu
1090 2243 1125 2300 iis
1154 2290 1166 2307 ,

128 2347 260 2409 quoque,
284 2347 358 2407 quae
379 2328 522 2388 salutaria.
557 2328 704 2407 Siquidem
719 2329 803 2386 etiam
820 2347 889 2406 spes
909 2329 1051 2390 interdum
1066 2328 1124 2388 iru-

129 2423 248 2487 stratur,
272 2422 301 2471 et
320 2413 439 2471 moritur
456 2411 576 2490 aliquis,
599 2413 714 2490 dequo
739 2411 868 2472 medicus
889 2431 1010 2472 securus
1032 2413 1123 2489 primo
1134 2427 1160 2467 ss

127 2497 195 2556 fuit:
223 2514 356 2574 quaeque
377 2495 510 2555 medendi
533 2514 620 2556 causa
639 2504 755 2573 reperta
770 2505 851 2572 sunt,
871 2513 1080 2575 nonnumquam
1096 2497 1125 2552 in

129 2581 214 2657 pejus
233 2579 318 2638 alicui
335 2589 513 2639 convertunt.
547 2579 651 2658 Neque
665 2578 693 2639 id
709 2580 818 2639 evitare
833 2580 952 2640 bumana
972 2577 1123 2638 imbecilli·

128 2673 171 2723 tas
193 2665 221 2721 in
241 2672 318 2723 tanta
335 2666 473 2724 varietate
495 2681 650 2741 corporum
667 2673 774 2740 potest.
808 2665 867 2724 Sed
889 2674 934 2724 est
954 2673 1050 2723 tamen
1064 2679 1123 2720 me-

128 2747 239 2806 dicinae
252 2748 333 2823 fides,
349 2767 423 2826 quae
435 2747 523 2807 mulio
536 2748 664 2824 saepius,
681 2765 792 2826 perque
804 2748 892 2808 multo
907 2748 1004 2826 plures
1016 2763 1124 2824 aegros

127 2831 257 2910 prodest.
293 2831 397 2910 Neque
418 2843 512 2892 tamen
534 2832 669 2906 ignorare
691 2841 823 2908 oportet,
849 2834 877 2890 in
897 2834 988 2892 acutis
1014 2828 1160 2890 morbisso

127 2915 249 2975 fallaces
264 2918 355 2992 magis
372 2925 453 2975 notas
471 2932 538 2974 esse
554 2923 583 2972 et
598 2914 699 2973 salutis
715 2925 743 2974 et
758 2917 857 2976 mortis
871 2913 967 2993 (Apa.
984 2913 1022 2990 ll,
1041 2913 1107 2990 19).

469 3143 652 3204 CAPUT
679 3145 771 3204 VII.

217 3259 255 3307 Ex
272 3259 363 3321 quibus
376 3258 442 3307 uotis
457 3257 559 3321 singula
570 3258 714 3308 morborum
728 3273 823 3322 genera
836 3265 1032 3322 cognoscuntur.

187 3408 246 3467 Sed
263 3427 347 3486 quum
364 3409 566 3486 proposuerim
584 3409 681 3484 signa,
707 3427 781 3487 quae
798 3411 825 3467 in
847 3411 921 3469 omni
936 3409 1059 3469 adversa
1073 3427 1123 3468 va·

128 3485 254 3549 'etudine
274 3492 516 3551 communicasse
537 3502 764 3562 consueverunt;
787 3511 823 3552 eo
845 3511 961 3572 quoque
982 3492 1159 3570 transibo,au
