2414 3924
138 201 176 266 18
432 211 465 258 x.
482 209 833 259 commemorem

196 369 272 429 Ante
294 367 387 427 omnia
406 372 500 424 arrtem
521 366 595 425 norit
621 365 743 442 quisque
765 372 893 422 naturam
916 361 959 420 sni
982 362 1133 440 corporis:

136 453 269 532 quoniam
283 450 331 510 alii
345 448 490 526 graciles,
506 447 554 508 alii
568 446 651 507 obesi
667 457 741 523 suut,
758 445 806 506 alii
821 446 923 522 calidi,
939 443 987 504 alii
1005 444 1134 522 frigidio-

135 555 193 613 res,
211 534 258 596 alii
273 533 396 608 humidi,
419 532 466 591 alii
482 533 568 600 sicci;
585 531 659 591 alios
674 531 827 607 adstricta,
849 530 923 590 alios
944 529 1073 588 resoluta
1095 530 1136 590 al-

136 638 189 679 ms
204 626 339 678 exercet:
358 633 424 675 raro
442 617 591 695 quisquam
607 633 664 674 nou
677 614 799 693 aliquam
815 623 924 693 partem
938 615 1073 692 corporis
1086 615 1135 673 im·

135 702 270 763 becillam
285 699 380 760 babet.
416 699 522 758 Tenuis
537 715 607 757 vero
623 698 709 758 homo
725 697 848 775 implere
862 716 896 756 se
910 696 1014 773 debet,
1031 696 1134 775 plenus
1150 713 1163 751 s

137 796 310 860 extenuare,
333 782 442 843 calidus
458 783 650 859 refrigerare,
672 781 793 859 frigidus
815 781 996 856 calefacere,
1018 786 1136 842 madens

137 873 265 945 siccare,
287 868 382 927 siccus
403 865 603 925 madefacere:
627 867 752 943 itemque
774 865 868 926 alvum
890 866 1004 924 firmare
1028 865 1066 941 is,
1091 867 1136 924 cni

136 955 215 1020 fusa:
232 950 351 1011 solvere
366 953 407 1024 is,
427 950 472 1009 cui
487 949 622 1009 adstricta
640 958 699 1009 est:
724 948 1005 1027 succurrendumque
1020 967 1137 1027 semper

137 1039 211 1118 parti
226 1037 349 1095 maxime
366 1033 509 1094 laboranti
526 1042 580 1092 est.

198 1119 302 1198 Implet
313 1125 407 1177 autem
420 1134 527 1195 corpus
539 1116 652 1176 modica
659 1118 840 1192 exercitatio,
853 1116 1034 1194 frequentior
1042 1118 1136 1194 quies,
1149 1128 1173 1169 10

137 1204 250 1280 unctio,
273 1211 320 1277 et,
342 1203 365 1260 si
380 1209 447 1279 post
462 1200 610 1280 prandium
626 1209 686 1274 est,
704 1199 856 1275 balneum,
879 1207 1026 1260 contracta
1042 1200 1136 1275 alvus,

137 1287 280 1349 modicum
297 1285 389 1359 frigus
406 1284 509 1361 bieme,
527 1302 643 1345 somnus
658 1291 688 1342 et
702 1284 805 1362 plenus
816 1293 845 1343 et
856 1302 914 1344 nou
925 1284 1007 1342 nimis
1020 1283 1137 1361 longus,

137 1369 226 1430 molle
242 1367 353 1444 cubile,
369 1369 454 1427 animi
470 1368 625 1444 securitas,
645 1377 770 1429 assumta
788 1386 841 1448 per
856 1367 939 1428 cibos
955 1376 984 1426 et
1000 1369 1137 1445 potiones

137 1455 259 1514 maxime
275 1450 370 1512 dulcia
385 1461 414 1510 et
430 1454 556 1531 pinguia,
573 1451 654 1511 cibus
669 1460 698 1511 et
706 1452 886 1529 frequentior
898 1461 927 1511 et
941 1459 1062 1530 quantus
1074 1452 1136 1530 ple·

138 1538 270 1597 nissimus
284 1544 382 1614 potest
398 1537 553 1614 concoqui.
587 1535 731 1595 Extenuat
755 1553 862 1615 corpus
884 1553 957 1614 aqna
980 1535 1089 1612 calida,
1112 1537 1137 1594 si
1149 1548 1172 1588 1⁵

139 1623 201 1701 quis
217 1623 246 1679 in
263 1637 326 1680 eam
340 1618 506 1696 descendit,
522 1621 672 1698 magisque
689 1621 713 1679 si
730 1619 806 1679 salsa
824 1629 883 1688 est3
907 1621 934 1678 in
950 1620 1053 1694 jejuno
1074 1619 1137 1679 bal-

139 1724 231 1782 neum,
246 1706 362 1763 inurens
377 1703 422 1762 sol
435 1713 463 1763 et
475 1705 565 1764 omnis
579 1703 670 1778 calor,
684 1720 763 1779 cura,
776 1704 882 1780 vigilia,
896 1721 1012 1764 somnus
1022 1705 1137 1763 nimium

138 1790 185 1849 vel
204 1788 302 1847 brevis
317 1786 364 1846 rel
382 1787 501 1865 longus:
526 1788 625 1847 durum
647 1786 742 1846 cubile
760 1786 861 1865 (Hipp.
883 1785 932 1847 De
947 1786 1007 1847 col.
1030 1787 1137 1848 diocto

138 1873 226 1953 §4);
246 1890 361 1947 cursus,
385 1871 471 1931 multa
497 1870 667 1947 ambulatio,
691 1872 842 1950 omnisque
869 1871 1026 1931 vehemens
1052 1890 1136 1931 exer·

140 1959 247 2034 citatio,
267 1955 404 2031 vomitus,
425 1955 565 2032 dejectio,
588 1956 687 2015 acidae
707 1972 756 2014 res
779 1964 807 2014 et
825 1964 975 2030 austerae,
996 1965 1024 2015 et
1046 1954 1135 2014 semel
1146 1966 1172 2006 ²⁰

139 2041 185 2101 die
201 2048 354 2116 assumtae,
364 2049 394 2098 et
406 2042 463 2099 vini
476 2056 534 2098 non
546 2041 715 2118 praefrigidi
729 2041 808 2117 potio
822 2040 924 2114 jejuno
941 2041 969 2099 in
985 2048 1136 2098 consuetu·

139 2125 233 2184 dinem
249 2120 379 2182 adducta.

202 2209 294 2281 Quum
310 2222 380 2264 vero
398 2208 472 2264 inter
488 2208 670 2267 extenuantia
686 2208 831 2286 posuerim
849 2209 984 2268 vomitum
1007 2215 1036 2265 et
1057 2206 1137 2281 deje-

139 2291 278 2363 ctionem,
295 2288 330 2347 de
345 2289 389 2347 bis
403 2306 519 2366 quoque
538 2292 656 2367 proprie
673 2291 812 2368 quaedam
826 2290 947 2351 dicenda
963 2300 1036 2350 suut.
1068 2289 1136 2366 Eje-

140 2383 214 2433 ctum
230 2391 296 2431 esse
316 2371 351 2430 ab
368 2371 544 2450 Asclepiade
562 2376 695 2433 vomitum
713 2376 740 2433 in
762 2393 797 2435 eo
814 2375 975 2452 volumine,
997 2373 1074 2453 quod
1088 2373 1172 2434 neu

139 2456 253 2516 tuendo
277 2456 412 2515 sanitate
433 2458 611 2533 composuit,
641 2458 741 2518 video:
765 2477 859 2537 neque
884 2458 1085 2536 reprebendo,
1113 2460 1137 2517 si

140 2541 267 2600 offensus
283 2556 382 2598 eorum
399 2549 443 2598 est
461 2541 677 2618 consuetudine,
696 2545 744 2622 qui
760 2543 887 2622 quotidie
902 2542 1062 2618 ejiciendo,
1086 2560 1136 2602 vo·

139 2623 219 2683 randi
234 2623 398 2683 facultatem
415 2624 576 2683 moliuntur.
621 2625 710 2686 Paulo
733 2629 816 2687 etiam
838 2627 952 2704 longius
973 2628 1135 2703 processit:

140 2707 213 2767 idem
230 2708 417 2786 purgationes
438 2725 552 2786 quoque
573 2709 676 2769 eodem
699 2711 842 2771 volumine
865 2710 982 2789 expulit.
1015 2709 1051 2768 Et
1072 2718 1137 2769 sunt

140 2809 192 2851 eae
211 2792 404 2869 perniciosae,
421 2792 444 2851 si
460 2793 543 2851 nimis
561 2795 723 2854 valentibus
742 2795 955 2855 medicamentis
977 2795 1061 2859 liunt;
1084 2793 1170 2852 sedtt

139 2875 212 2935 haec
228 2883 321 2934 tamen
337 2875 531 2935 submovenda
547 2896 630 2954 esse,
652 2897 708 2938 non
723 2889 767 2938 est
782 2888 967 2958 perpetuum
989 2879 1054 2956 qnia
1072 2896 1135 2937 cor·

140 2977 241 3038 porum
254 2967 473 3038 temporumque
490 2962 561 3020 ratio
579 2971 674 3040 potest
689 2981 723 3023 ea
745 2964 844 3022 facere
867 2964 1047 3037 necessaria,
1071 2962 1135 3021 dum

140 3052 168 3102 et
183 3041 277 3119 modo,
295 3053 323 3102 et
340 3045 465 3103 nonnisi
482 3063 565 3123 quum
581 3063 654 3124 opus
676 3055 737 3124 est,
759 3046 957 3107 adhibeantur.
987 3047 1068 3119 Ergo
1084 3045 1134 3104 ille

139 3144 256 3206 quoque
278 3129 358 3206 ipse,
381 3129 406 3187 si
429 3129 494 3206 qnid
511 3130 571 3204 jam
592 3140 756 3209 corruptum
776 3140 871 3207 esset,
896 3130 1005 3208 expelli
1025 3129 1134 3188 debere

140 3211 290 3271 confessos
306 3221 365 3272 est:
387 3214 424 3270 ita
439 3230 496 3271 non
514 3232 551 3273 ex
563 3222 624 3273 toto
639 3232 687 3273 res
700 3213 913 3275 condemnanda
927 3224 986 3283 est;
1002 3213 1054 3273 sed
1067 3231 1133 3272 esse
1144 3221 1169 3262 ³⁵

139 3297 201 3370 ejus
215 3296 298 3355 etiam
312 3296 410 3373 plures
424 3314 527 3355 causae
539 3307 674 3374 possunt:
693 3307 794 3376 estque
807 3300 833 3357 in
846 3317 879 3358 ea
893 3297 1032 3376 quaedam
1046 3297 1134 3376 paulo

139 3376 270 3437 subtilior
286 3379 452 3437 observatio
471 3379 640 3440 adhibenda.

202 3462 331 3520 Vomitus
346 3461 443 3521 utilior
457 3471 502 3520 est
515 3462 618 3541 bieme,
634 3482 717 3542 quam
730 3473 840 3525 aestate
857 3465 912 3545 (cf.
925 3463 1132 3543 Apt.1v,o):
