2414 3924
481 243 723 310 -259-

112 397 199 437 nesae
222 383 258 452 9).
296 381 330 448 cs.
359 381 409 437 Ta.
436 381 525 438 Prisc.
553 389 579 450 1,

114 457 149 508 10
167 452 187 519 ι’.
209 451 261 508 11b
285 452 428 510 derbiosos
450 455 503 522 (aie
521 455 578 509 cod.

646 383 816 439 laborantes.
847 399 925 454 poem
943 385 1030 441 locam
1048 386 1111 442 stire-

646 459 717 510 etrat
733 453 800 510 Sa'm.
821 454 890 512 Iac.
908 471 929 511 a.
945 457 1111 524 „semicana

111 524 579 595 Broc.‚andeec.Arpent.1eaa)
646 524 732 581 Theo.
761 525 816 580 Pri.
844 525 981 581 semiosos
1015 528 1111 583 oculos

112 611 178 651 vero
200 594 296 650 oculos
316 611 387 664 quos
410 597 492 664 (quas
510 597 579 664 cod.)
647 612 717 665 quos
730 612 781 652 nos
797 595 976 667 impetigines
991 597 1111 653 dicimus

110 681 161 721 nos
198 665 379 736 impetigines
419 667 470 736 (sic
510 667 578 733 cod.)
646 666 782 722 habentes
805 670 834 723 et
857 668 1018 738 asperitatis
1041 668 1111 724 vitio

110 736 232 792 dicimus
251 739 280 792 et
298 737 486 807 asperitatum
503 736 580 792 vitiis
647 737 808 793 laborantes
826 741 907 795 etc.“.

493 917 706 928 ..n—-n

283 1080 390 1152 Index
417 1081 465 1153 ΙΙΙ
493 1081 666 1152 nominum
693 1084 917 1173 propriorum.

547 1255 653 1263 >—

94 1372 288 1440 Amythaonis
307 1373 450 1442 malagma
470 1373 574 1440 „idest

109 1443 295 1514 Amythaonis
313 1444 402 1513 patris
420 1444 573 1513 Melampi“

109 1521 152 1570 42.
171 1521 206 1569 43
226 1516 272 1584 (cf.
286 1514 413 1585 Philopr.
428 1533 472 1586 ap.
493 1517 573 1570 Alea.

109 1587 156 1640 lat.
181 1591 217 1653 2,
240 1589 296 1641 140
318 1611 352 1632 =
377 1586 440 1642 Gal.
471 1586 573 1651 XIII,

109 1661 165 1711 967
183 1673 217 1712 ex
234 1657 410 1726 Asclepiade:
438 1657 522 1712 τοῦτο
540 1656 572 1713 τὸ

110 1724 262 1798 φάρμακον
285 1729 342 1781 τῶν
365 1729 496 1783 παλαιᾶν
516 1723 573 1784 ἐστὶ

110 1797 159 1851 καὶ
179 1793 322 1866 ἐνδόξων).

94 1867 248 1937 Antipatri
267 1869 426 1926 antidotum
446 1871 491 1940 (cc
510 1868 573 1925 car.

112 1939 213 2008 XIII,
233 1942 280 2008 66)
300 1947 343 1994 41.

92 2009 234 2066 Bestiane
270 2010 429 2067 antidotum
459 2016 494 2066 45
528 2011 572 2079 (cf.

109 2082 169 2136 Act.
188 2087 238 2148 10,
257 2084 293 2152 6).

91 2152 572 2222 Diospolitenmedicamentumdt

109 2223 338 2292 (Diospoliticum
353 2223 461 2292 Garqil.
472 2227 498 2279 3.
519 2223 574 2278 Ga·

109 2295 160 2349 ica.
187 2295 380 2362 V1,430ete.
416 2291 432 2348 ὁ
454 2299 573 2350 Διοσπο-

109 2368 185 2434 time
205 2365 280 2421 Orib.
305 2365 342 2432 V,
361 2369 435 2433 793).

92 2435 308 2493 Faustinianus
322 2437 458 2491 troeiseus
473 2440 507 2491 48
527 2436 574 2505 (cf.

111 2507 172 2561 Gai.
189 2507 290 2577 XIII,
305 2511 371 2563 296.
402 2509 463 2562 Aet.
478 2512 505 2577 9,
519 2508 575 2575 49).

94 2575 227 2633 Galenus
238 2581 327 2647 (quem
337 2578 476 2648 gallienus
494 2579 576 2633 etiam

645 1373 726 1430 libris
743 1375 806 1444 peri
820 1391 935 1432 crescon
948 1375 1110 1447 appellatis,

644 1445 674 1501 in
688 1445 790 1528 quibus
805 1446 840 1502 de
849 1446 1039 1516 temperantia
1052 1464 1110 1503 cor-

644 1517 1111 1658 auaatffilttettlta

644 1660 732 1729 topon
756 1660 785 1727 (i.
809 1675 831 1714 e.
856 1658 921 1729 crept
947 1657 1111 1722 συνθέσεως

645 1724 884 1869 6666626ῗῖ
907 1726 1111 1854 „carinam

646 1840 861 1940 emplaitrorum
874 1886 943 1940 quos
959 1872 1024 1926 cata
1037 1886 1112 1940 gene

645 1943 803 2010 (cataganes
822 1942 909 2007 codd,
931 1946 964 1995 at
990 1942 1069 1995 Atac.
1088 1942 1109 2006 f.

645 2015 699 2066 29⁸
712 2012 885 2081 Archigenes
900 2011 931 2065 in
945 2011 1110 2080 cathaganis

646 2084 705 2151 ac.)
719 2081 877 2137 nominavit
891 2084 920 2151 (i.
932 2099 953 2139 e.
967 2081 1032 2152 περὶ
1047 2098 1111 2136 cov-

644 2153 755 2215 θέσεως
778 2149 938 2223 φαρμάκων
962 2153 1019 2207 τῶν
1037 2147 1111 2208 κατὰ

646 2222 714 2293 γένη
739 2224 843 2294 ΧΙΙΙ,
868 2227 933 2293 375)
959 2230 1001 2282 44.
1022 2255 1054 2264 -
1075 2223 1111 2278 ad

646 2294 819 2350 Glauconem
843 2296 966 2351 scribens
989 2297 1018 2363 (l.
1038 2313 1060 2350 e.
1079 2297 1111 2349 ta

647 2367 727 2422 libra
758 2366 814 2421 scic
846 2363 917 2436 πρὸς
953 2362 1111 2421 Γλαύκωνα

645 2438 874 2506 θεραπευτικῶν)
899 2435 993 2492 aitte
1013 2437 1111 2506 (coit).

647 2513 681 2563 55
701 2508 773 2577 (XI,
791 2510 846 2577 40).
875 2509 911 2562 ad
925 2507 968 2563 (tl.
987 2508 1111 2563 scribens

646 2579 737 2649 primo
746 2580 819 2633 libro
830 2579 942 2634 edocuit
949 2586 984 2634 60
993 2579 1064 2647 (XI,
1075 2580 1110 2644 6).

111 2665 128 2717 9
148 2655 171 2702 1.
192 2655 215 2703 2.
237 2655 279 2704 24.
299 2655 342 2704 39.
371 2649 498 2719 galienus
517 2650 574 2719 cp):
629 2649 727 2705 Herae
745 2651 880 2704 troeiseus
896 2650 943 2720 (od
961 2651 1053 2718 amaa)
1068 2655 1111 2704 28.

147 2719 576 2789 Galeniantidotumquodpicra
629 2720 1008 2790 Hermoluoustaticon(colt
1027 2722 1112 2789 mam)

111 2791 272 2859 appellatur
300 2798 323 2845 1.
369 2791 448 2860 picra
475 2790 575 2845 (taleni

110 2866 153 2914 42.
196 2861 296 2916 Galeni
324 2862 500 2916 oathartioon
527 2860 576 2917 dia

111 2934 152 2986 tes
163 2933 240 2987 aloes
255 2933 429 3003 appellatum
446 2938 469 2988 1.
500 2935 575 2987 cata·

111 3003 191 3071 potia
210 3003 310 3057 (taleni
329 3011 352 3059 2.
373 3010 416 3058 24.
435 3009 478 3058 30.
514 3003 575 3058 fini-

111 3073 173 3128 cine
192 3073 291 3129 (taleni
309 3081 352 3129 39.

647 2798 680 2846 29
706 2793 750 2860 (cf.
775 2793 808 2847 de
832 2793 953 2863 collyriis
977 2833 995 2860 „
1028 2807 1111 2846 erma

647 2864 719 2918 tois“
738 2894 771 2902 —
791 2862 975 2930 „Hermolaus
994 2877 1111 2932 porcae,

646 2938 781 3004 inopaca‘
792 2964 824 2973 -
840 2934 938 2989 Aetius
955 2939 982 3000 7,
992 2939 1048 2990 102
1063 2934 1112 2987 obi

647 3006 729 3139 etigr
747 3006 907 3060 desistente
926 3004 1051 3059 Oritoes'i
1075 3004 1112 3058 ci-

646 3093 706 3128 mas
720 3119 725 3130 .

146 3144 306 3200 Galenusin
320 3163 370 3201 sua
381 3145 575 3215 therapeutica
628 3145 830 3215 Hippocrates
850 3146 1006 3215 (ypocrates
1030 3145 1113 3198 etiam

110 3216 164 3270 hoc
183 3218 227 3270 est
250 3215 330 3271 libris
349 3216 526 3271 curationum
545 3218 574 3283 (i.

112 3302 132 3339 c.
152 3288 363 3357 θεραπευτικῆς
386 3284 514 3358 μεθόδου
538 3288 575 3354 X,

111 3361 176 3426 316)
192 3364 235 3413 30.
255 3389 288 3398 -
307 3358 337 3413 in
356 3358 531 3448 diagnostice
545 3360 575 3426 (ἱ.

111 3444 132 3482 e.
143 3430 209 3498 aspi
218 3429 274 3483 τῶν
282 3433 470 3489 aeneadum
480 3426 575 3485 τόπων

117 3499 214 3568 Vm,
228 3504 285 3555 264
299 3506 324 3556 er
338 3503 403 3571 aar)
419 3506 462 3557 aa.
481 3506 525 3555 44.
541 3531 575 3541 -

646 3221 674 3286 9)
694 3215 786 3271 senior
803 3215 964 3297 dogmatum
981 3214 1112 3284 princeps

646 3289 676 3342 in
704 3285 871 3356 aphorismis
902 3291 916 3338 1
945 3289 970 3339 ct
996 3288 1039 3339 et.
1076 3287 1111 3351 cf.

646 3358 731 3428 Hipp.
754 3356 867 3426 (senior)
889 3356 919 3409 in
942 3355 1112 3426 aphorismis

647 3436 690 3486 29.
709 3433 751 3484 32.
772 3433 814 3485 38.
829 3433 872 3483 48.
889 3433 930 3481 73.
947 3432 990 3482 76.
1021 3425 1113 3482 senior

647 3500 731 3572 Hipp.
764 3500 795 3554 in
828 3497 988 3569 aphorismo
1004 3538 1033 3554 ..

894 3586 948 3644 17*
