2414 3924
423 225 494 272 mn.
509 224 540 271 v.
558 223 634 271 cnr.
654 223 777 271 xxv111.
1024 211 1085 272 213

91 391 203 455 tamen,
227 398 298 455 nec,
323 379 378 437 nisi
399 396 503 456 magua
525 378 613 457 plaga
638 387 699 454 est,
720 377 829 456 imponi
851 376 966 436 debent.
1001 375 1086 437 (lonn-

92 464 177 523 mode
192 480 264 522 vero
282 463 329 521 vel
346 479 434 540 super
449 462 618 537 linamenta,
638 461 687 521 vel
702 463 765 520 siue
776 460 820 520 his
836 462 990 540 imponitur
1005 461 1087 520 lenti-

92 548 157 608 cula
173 566 210 607 ex
227 545 330 622 melle,
355 555 402 605 aut
416 545 593 606 malicorium
613 564 651 605 ex
664 546 731 605 vino
747 554 874 605 coctum:
898 561 973 623 quae
990 553 1018 603 et
1034 561 1087 623 per

91 650 124 692 se
147 640 176 690 et
196 633 283 690 mixta
306 629 409 689 idonea
432 639 505 694 sunt.
536 630 567 688 Si
590 647 645 708 qua
669 631 747 689 circa
769 629 885 689 duriora
903 636 983 704 sunt,
1000 627 1036 687 ad
1052 645 1087 688 ea

67 714 247 775 tmollienda
269 713 316 773 vel
338 713 432 773 malva
448 714 588 789 contrita,
603 713 651 772 vel
670 713 748 773 loeni
763 713 863 790 graeci
881 711 970 771 linive
987 729 1088 772 semen

92 818 130 858 ex
145 815 233 876 passo
251 806 365 857 coctum
380 796 592 876 superdandum
610 806 664 857 est.
692 796 834 876 Quidquid
850 795 954 856 deinde
969 795 1087 876 imposi-

91 892 149 941 tum
172 891 231 959 est,
255 897 313 940 non
328 882 485 957 adstringi,
503 882 555 941 scd
568 880 682 940 modice
699 881 822 958 deligari
837 879 934 940 debet.
966 880 1022 939 lllo
1038 897 1086 940 ne·

91 967 195 1024 minem
212 965 309 1044 decipi
326 964 428 1041 decet,
443 972 472 1022 ut
488 965 515 1023 in
531 963 587 1023 boc
603 982 714 1041 genere
726 973 824 1025 cerato
837 972 938 1024 utatur.
969 962 1087 1040 Cetera,

93 1066 168 1128 quae
184 1051 328 1126 pertinent
343 1048 377 1108 ad
391 1047 569 1126 purgandum
587 1049 685 1124 ulcus,
704 1048 740 1107 ad
758 1047 947 1127 implendum,
963 1046 999 1108 ad
1012 1049 1086 1107 cica-

56 1133 194 1191 nutricem
220 1131 426 1208 inducendam,
445 1132 618 1193 conveniunt
634 1149 708 1210 quae
728 1132 756 1190 in
772 1132 938 1192 vulneribus
954 1130 1087 1210 exposita

92 1225 156 1275 sunt
171 1216 253 1295 (cap.
271 1214 311 1276 26
327 1224 356 1274 et
373 1214 439 1294 27).

157 1298 205 1358 12.
228 1297 447 1377 Nonnumquam
464 1309 557 1359 autem
574 1317 611 1359 ex
626 1297 768 1374 ejusmodi
785 1298 985 1376 abscessibus,
1006 1307 1088 1360 etex

92 1384 156 1442 aliis
171 1383 299 1443 ulcerum
314 1383 471 1460 generibus
484 1384 597 1444 listulas
609 1384 747 1443 oriuntur.
773 1383 806 1443 ld
817 1400 921 1441 nomen
935 1392 980 1443 est
995 1383 1087 1443 ulceri

92 1467 170 1541 alto,
187 1474 327 1544 angusto,
345 1466 468 1529 calloso.
493 1467 538 1528 Fit
553 1469 581 1526 in
596 1468 673 1526 omni
688 1467 752 1527 lere
771 1475 853 1545 parte
869 1469 1019 1546 corporis;
1037 1466 1087 1527 ba·

57 1563 82 1605 rs
93 1550 200 1629 betque
216 1550 357 1629 quaedam
373 1552 402 1609 in
417 1551 538 1629 singulis
555 1551 767 1630 locispropria.
793 1551 876 1610 Prius
883 1550 919 1609 de
934 1551 1087 1611 communi-

92 1634 144 1693 bus
167 1633 269 1693 dicam.
308 1633 422 1695 Genera
443 1637 531 1712 igitur
552 1635 708 1696 fistularum
734 1636 818 1714 plura
839 1642 916 1695 sunt:
948 1633 1088 1716 siquidem

90 1717 165 1778 aliae
190 1717 298 1777 breves
322 1726 402 1793 sunt,
428 1718 502 1779 aliae
517 1720 601 1780 altius
618 1729 784 1799 penetrant;
804 1720 878 1780 aliae
904 1729 984 1781 recto
1012 1722 1087 1779 intus

91 1802 237 1876 feruntur,
256 1800 329 1861 aliae
347 1801 497 1880 multoque
511 1803 610 1881 plures
625 1812 827 1873 transversae;
850 1803 923 1864 aliae
939 1804 1087 1883 simplices

93 1892 173 1960 sunt,
191 1883 264 1944 aliae
277 1882 408 1964 duplices
423 1886 610 1966 triplicesue,
627 1887 663 1945 ab
675 1905 731 1947 uno
749 1904 801 1947 ore
818 1905 919 1964 orsae,
937 1897 985 1948 aut
1002 1889 1087 1947 etiam

55 1983 81 2022 ao
94 1969 121 2026 in
137 1967 236 2046 plures
250 1969 329 2037 sinus
344 1968 519 2031 dividuntur:
542 1971 617 2030 aliae
632 1979 742 2048 rectae,
763 1970 837 2031 aliae
859 1971 964 2046 denae,
983 1981 1012 2031 et
1028 1979 1087 2030 tnr-

90 2061 192 2112 tnosae
210 2061 288 2120 sunt;
313 2054 387 2112 aliae
407 2055 480 2114 intra
505 2072 619 2115 carnem
642 2053 790 2130 desinunt,
806 2054 881 2114 aliae
898 2055 933 2114 ad
950 2072 1018 2115 ossa
1040 2062 1088 2115 aut

91 2136 289 2213 cartilaginem
312 2146 479 2216 penetrant,
503 2148 566 2212 aut,
590 2138 637 2198 ubi
652 2148 781 2198 neutrum
803 2137 904 2198 borum
919 2138 1034 2214 subest,
1051 2137 1087 2198 ad

90 2221 225 2280 interiora
243 2221 429 2299 perveniunt;
451 2223 524 2282 aliae
549 2222 652 2282 deinde
668 2222 772 2298 lacile,
796 2222 869 2282 aliae
886 2239 948 2282 cum
964 2222 1085 2281 dillicul·

91 2312 149 2363 tate
169 2312 321 2382 curantur,
337 2313 423 2384 atque
440 2307 524 2367 etiam
542 2306 681 2384 quaedam
697 2305 873 2366 insanabiles
892 2305 1084 2385 reperiuntur.

55 2387 235 2464 asltxpedtta
253 2391 362 2450 curatio
379 2391 467 2449 estin
483 2391 577 2450 fistula
590 2391 712 2469 simplici
726 2391 852 2465 recenti,
870 2391 942 2450 intra
955 2408 1083 2451 carnem:

91 2471 264 2550 adjuvatque
279 2474 372 2552 ipsam
384 2491 508 2552 corpus,
528 2475 551 2532 si
562 2474 708 2549 juvenile,
725 2475 749 2532 si
766 2475 873 2534 firmum
889 2482 942 2533 est.
968 2473 1084 2534 Inimica

91 2557 232 2615 contraria
256 2554 302 2615 his
319 2566 398 2616 sunt:
419 2559 560 2635 itemque,
583 2559 607 2616 si
623 2558 717 2617 listula
732 2575 781 2637 os,
800 2557 847 2617 vel
870 2559 1083 2634 cartilaginem,

90 2638 137 2696 vel
154 2656 288 2716 nervum,
304 2641 352 2700 vel
369 2642 527 2701 musculum
543 2641 643 2709 laesit;
660 2644 684 2700 si
700 2642 850 2701 articulum
867 2642 1037 2720 occupavit;
1062 2642 1086 2699 si

91 2720 139 2779 vel
161 2722 196 2780 ad
217 2725 360 2800 vesicam,
382 2717 488 2784 velud
512 2725 692 2805 pulmonem,
714 2724 761 2784 vel
782 2724 964 2800 advolvam,
982 2723 1028 2784 vel
1049 2723 1086 2785 ad

55 2817 80 2857 ιο
92 2803 218 2881 grandes
242 2822 332 2866 venas
355 2809 530 2885 arteriasve,
553 2809 601 2868 vel
627 2807 663 2869 ad
677 2809 785 2885 inania,
802 2817 831 2868 ut
849 2816 965 2885 guttur,
983 2816 1086 2867 stoma·

91 2887 192 2964 chum,
218 2889 366 2950 thoracem
387 2894 560 2969 penetravit.
592 2892 639 2952 Ad
661 2895 793 2952 intestina
809 2909 924 2970 quoque
948 2908 1010 2950 eam
1026 2898 1085 2949 ten·

90 2972 179 3046 dere,
202 2990 318 3051 semper
340 2975 553 3054 periculosum,
576 2994 665 3055 saepe
690 2976 857 3055 pestiferum
884 2983 937 3034 est.
976 2973 1086 3049 Quibus

89 3056 205 3115 multum
222 3057 288 3117 mali
310 3059 440 3135 accedit,
462 3063 486 3119 si
505 3079 612 3140 corpus
627 3061 675 3120 vel
690 3077 824 3135 aegrum,
846 3058 894 3117 vel
911 3056 1019 3130 senile,
1038 3055 1086 3114 vel

90 3140 155 3199 mali
170 3141 285 3201 habitus
307 3152 361 3203 est.
396 3143 473 3204 Ante
496 3147 589 3205 omnia
604 3154 699 3203 autem
712 3143 821 3202 demitti
843 3140 995 3220 specillum
1009 3142 1037 3199 in
1056 3139 1087 3198 li·

55 3232 80 3270 ³⁵
91 3224 191 3284 stulam
208 3229 353 3303 convenit,
369 3236 399 3287 ut
417 3246 474 3307 quo
494 3230 601 3302 tendat,
620 3238 649 3287 et
664 3245 747 3306 quam
761 3226 818 3286 alte
834 3226 994 3304 perveniat,
1010 3225 1087 3283 scire

90 3310 249 3384 possimus;
267 3313 350 3371 simul
372 3313 457 3371 etiam
475 3315 606 3391 protinus
618 3311 748 3385 humida,
761 3328 797 3370 an
812 3312 920 3369 siccior
934 3311 985 3370 sit:
1009 3302 1087 3386 quod

90 3400 222 3452 extracto
243 3396 369 3473 specillo
386 3404 474 3474 patet.
504 3398 535 3456 Si
549 3413 621 3456 vero
638 3414 672 3456 os
687 3396 714 3454 in
729 3395 826 3454 vicino
844 3403 903 3470 est,
927 3394 956 3453 id
971 3406 1057 3472 quoqu

89 3474 161 3534 disci
177 3485 275 3554 potest
292 3483 316 3540 si
325 3482 385 3557 jam
397 3498 452 3539 nec
463 3497 500 3538 ue
513 3496 549 3538 eo
565 3478 660 3537 listula
672 3476 883 3552 penetraverit,
906 3486 935 3537 et
948 3484 1057 3555 quaten
