2414 3924
533 215 775 288 -162-

146 363 228 423 siaae
256 359 468 440 terebintinae,
494 361 549 423 iris
576 359 720 442 illyricae,
747 363 881 423 omnium
911 369 1053 442 quattuor
1078 367 1163 443 paria

145 449 286 529 pondera.
324 447 432 510 tundes
454 450 535 510 ireos
558 445 730 530 (radicem)
754 458 784 511 et
806 452 982 512 tenuissime
1005 466 1113 514 cernas
1130 464 1164 516 et

147 541 256 600 celeris
282 537 364 599 lento
391 539 461 617 igne
479 537 625 601 ⁴resolutis
648 545 680 600 et
702 556 719 597 a
741 539 809 600 ioco
836 538 980 619 depositis
1001 548 1035 603 et
1053 540 1163 604 leviter

145 625 324 706 infrigidatis
347 642 593 707 superasperges,
621 634 652 688 et
678 626 812 689 movebis
837 627 935 690 donec
957 629 1162 709 coagulentur.

112 730 132 770 s
147 722 177 778 el
200 715 306 777 exinde
330 714 472 794 magdalis
495 716 599 796 facies,
627 703 660 777 ei
686 718 719 777 in
741 716 862 779 linteolo
887 718 1014 780 densum
1035 719 1163 782 induces

147 815 178 867 et
206 822 346 885 appones.
386 803 445 865 boc
473 812 572 866 autem
600 804 794 882 emplastrum
820 823 890 867 cuam
917 805 1075 886 diligenter
1098 812 1163 870 cuti

146 893 321 973 inhaeserit,
348 892 467 954 dolores
498 895 622 973 mitigat
662 893 761 955 hieme
788 911 860 955 uero
888 897 913 956 si
943 896 1020 956 forte
1051 895 1160 958 durum

146 982 238 1044 luerit
267 981 530 1063 medicamentum,
561 983 721 1061 praetactis
756 981 857 1062 digitis
888 982 1006 1045 modico
1038 987 1162 1065 cyprino

147 1072 212 1132 oleo
235 1070 272 1131 ad
295 1069 399 1130 molles
422 1068 567 1130 carbones
590 1069 757 1132 malarabis.

105 1173 132 1212 10
236 1159 288 1221 sed
311 1160 338 1220 si
366 1158 443 1219 sorte
465 1157 563 1237 edique
585 1161 682 1220 tensio
709 1160 741 1219 in
768 1159 951 1240 praecordiis
974 1162 1162 1240 inspicientis

146 1248 248 1328 digitis
270 1255 389 1326 praeter
412 1247 588 1308 effusionem
609 1249 723 1308 ventris
744 1250 924 1329 occurrerit,
946 1251 1108 1328 trispermo
1131 1251 1162 1312 id

147 1344 194 1398 est
222 1330 505 1397 tribus“seminibus
534 1337 566 1395 in
592 1352 669 1414 aqua
691 1335 787 1399 mulsa
815 1337 930 1398 adiecto
953 1337 1070 1399 modico
1093 1338 1161 1399 oleo

146 1423 274 1504 simplici
300 1423 433 1485 decoctis
456 1423 692 1506 cataplasmabis,
719 1424 777 1486 boo
803 1433 911 1487 estex
934 1427 1027 1488 tritici
1048 1424 1160 1505 polline

146 1522 177 1575 et
196 1514 274 1574 faeni
297 1514 396 1590 graeci
419 1519 450 1573 et
471 1512 525 1574 lini
548 1515 678 1574 seminis.
716 1520 747 1574 et
771 1521 929 1594 postquam
953 1513 1058 1578 tuleris
1080 1522 1160 1576 eata-

106 1614 132 1655 15
145 1602 271 1683 plasma,
294 1600 388 1662 calido
410 1598 521 1662 sabano
544 1600 695 1680 deterges,
723 1608 754 1664 et
776 1602 842 1664 oleo
866 1605 989 1683 cyprino
1012 1603 1161 1683 tepefacto

145 1710 205 1753 non
229 1690 327 1752 solum
353 1689 526 1770 praecordia
550 1689 602 1751 sed
626 1691 714 1751 etiam
738 1699 839 1753 cetera
866 1709 943 1771 quae
968 1691 1070 1754 dolent
1091 1710 1162 1771 per·

145 1793 270 1862 ungues,
289 1787 320 1840 et
333 1777 414 1840 molli
427 1778 493 1840 lana
507 1780 624 1858 operies
639 1787 669 1840 et
682 1778 829 1842 foedabis.
861 1788 892 1841 et
905 1798 923 1841 a
938 1783 1008 1841 vino
1022 1787 1053 1842 et
1065 1783 1160 1841 omui·

144 1869 202 1932 bus
217 1860 360 1930 ¹carnibus
377 1869 499 1931 omnino
518 1866 682 1929 abstinebis
704 1886 861 1947 quousque
884 1871 1036 1931 minuatur
1058 1869 1161 1931 febris.

235 1957 288 2019 sed
307 1959 333 2018 si
352 1956 428 2019 sorte
447 1958 685 2036 suprascriptum
702 1955 856 2019 flebotomi
874 1975 963 2019 usum
979 1965 1034 2020 aut
1051 1960 1161 2021 virium

104 2046 331 2108 saluberrimas
350 2053 402 2107 aut
420 2045 528 2107 solutio
547 2047 659 2107 ventris
677 2045 857 2127 impedierit,
877 2047 985 2126 topicis
1004 2046 1162 2108 adiutoriis

145 2137 240 2194 uteris
268 2134 298 2195 id
326 2142 372 2195 est
398 2133 549 2196 localibus.
593 2142 749 2214 praeterea
770 2135 966 2213 sanguisugas
989 2137 1063 2214 ipsis
1086 2135 1160 2196 locis

146 2220 315 2283 dolentibus
338 2239 482 2304 appones,
506 2224 592 2284 cuius
615 2223 754 2284 adiutorii
773 2240 862 2284 usum
881 2226 1020 2303 superius
1043 2226 1075 2284 iu
1100 2242 1160 2284 em·

146 2317 281 2391 pyemate
305 2313 546 2391 conscripsimus.

218 2444 302 2501 1iris
315 2445 416 2500 illirico
426 2462 457 2515 p,
474 2444 632 2501 utisillirioe
646 2462 668 2502 c.
741 2445 865 2502 omillll
879 2462 905 2501 c:
924 2462 974 2502 om.
989 2461 1020 2515 p.
1079 2446 1161 2516 pario

143 2517 269 2588 pondere
286 2533 321 2586 p:
344 2515 406 2586 pari
427 2517 551 2586 pondere
574 2531 596 2572 c.
705 2523 722 2571 2
744 2518 846 2573 tundes
868 2533 948 2586 yreoe
973 2519 1021 2600 (se.
1039 2517 1111 2585 rad.)
1132 2534 1159 2573 c:

144 2605 227 2658 yreos
238 2587 340 2642 laudes
349 2603 380 2656 p.
452 2593 468 2641 3
483 2586 596 2642 leviter:
616 2587 718 2644 leuiter
732 2605 773 2658 cp.
846 2593 1003 2658 lespergts
1018 2589 1048 2641 ct
1060 2603 1158 2644 moves

145 2663 240 2728 l—nes
260 2661 284 2726 c)
303 2673 343 2728 op.
419 2655 590 2728 smigdslia
608 2674 648 2728 cp.
720 2660 791 2716 iacis
814 2675 856 2730 cp.
928 2657 1045 2713 linteolo
1071 2657 1160 2713 denso

141 2747 172 2799 p,
185 2729 353 2783 lintheolum
367 2730 478 2783 tensum
492 2744 514 2783 c.
582 2727 691 2784 inducis
705 2746 747 2800 op.
815 2728 965 2800 cappanis
980 2745 995 2785 c
1008 2729 1105 2797 (-nes
1117 2730 1159 2798 p).

144 2801 199 2855 boc
217 2816 283 2855 vero
301 2802 365 2869 (sic)
378 2817 414 2869 p:
433 2816 484 2854 om.
503 2815 526 2856 c.
613 2800 748 2855 ldurum
767 2818 804 2870 pr
827 2801 943 2856 ductum
962 2817 984 2856 c.
1069 2800 1160 2854 eboc

143 2874 221 2938 (aras
238 2870 325 2941 med.)
342 2873 406 2926 cdd.
421 2888 452 2940 p.
537 2872 599 2926 ium
616 2874 689 2942 (post
706 2872 793 2941 med.)
810 2873 874 2928 cdd.
889 2887 920 2941 p.
1004 2871 1119 2940 caprino
1137 2887 1161 2938 c,

144 2941 253 3012 ciprino
274 2959 305 3011 p.
413 2948 429 2996 9
449 2941 548 2997 molles
567 2959 594 2997 e:
616 2944 710 2997 rall'es
729 2943 764 3012 (t)
781 2959 810 3012 p.
919 2947 953 2996 10
970 2940 1159 3011 inspicientis:

144 3013 256 3068 -tibus
274 3030 316 3083 ep.
390 3019 422 3068 11
441 3014 609 3083 trispermon
627 3031 670 3084 cp.
744 3019 777 3068 lb
796 3015 825 3068 et
842 3013 934 3083 primo
952 3015 1010 3083 top.
1030 3028 1052 3068 c.
1126 3016 1160 3066 16

144 3084 297 3155 precordiis
312 3102 345 3155 cp
358 3087 425 3155 (non
437 3103 465 3155 p.
480 3085 570 3140 solum
581 3087 623 3155 p).
696 3084 784 3141 eiiam
797 3100 849 3140 orn.
863 3099 885 3140 c.
960 3090 992 3137 17
1009 3082 1101 3153 operis
1117 3099 1158 3152 ep.

146 3179 179 3229 18
198 3173 323 3229 abstinet
340 3190 362 3231 c.
470 3189 613 3243 quousque
636 3173 779 3229 minuatur
795 3171 969 3257 (sicli-ebroe
988 3189 1023 3241 p:
1047 3159 1161 3242 fraudo

144 3264 254 3318 minuat
270 3263 362 3318 febres
378 3279 402 3318 c.
480 3267 514 3318 19
533 3279 618 3332 supra
637 3261 771 3332 scriplum
789 3278 821 3331 p:
847 3260 886 3316 SS
905 3279 926 3316 c.
1001 3266 1035 3316 20
1053 3259 1160 3316 venius

144 3332 247 3388 solutio
261 3351 292 3401 p.
373 3332 468 3402 tipicis
487 3349 514 3402 c,
532 3332 654 3403 thopicis
666 3349 697 3402 p.
771 3339 805 3388 21
821 3332 840 3389 i.
859 3332 996 3388 localibus
1009 3349 1045 3402 p:
1066 3343 1117 3387 ouo.
1138 3347 1159 3386 c.

144 3407 178 3456 22
193 3402 326 3458 adiutorii
339 3420 420 3457 usum
434 3419 461 3458 cs
479 3403 581 3459 odiosis
597 3401 652 3474 (ii
670 3403 744 3458 adiu.
758 3404 791 3459 io
808 3421 894 3476 mnrp.
904 3406 951 3474 pi)
964 3403 1006 3458 sic
1014 3418 1045 3472 p.
1119 3404 1161 3457 est

145 3475 210 3542 (pro
229 3473 381 3543 e)piemata
397 3475 461 3543 (sic)
477 3489 504 3544 c,
523 3475 645 3544 epimate
659 3491 691 3544 p.
764 3480 797 3532 23
817 3476 978 3545 scripsimus
992 3490 1023 3543 p.
