2414 3924
457 191 525 236 crs.
542 191 574 238 v.
598 189 674 237 cur.
689 190 762 238 xtx.
1053 180 1111 242 173

115 344 299 428 opopanacis
320 361 349 422 p.
370 343 426 423 )·(.
446 357 468 403 1.
492 343 608 421 galbani
630 359 658 420 p.
681 343 738 422 )·(.
763 358 799 405 11.
821 347 910 423 picis,
935 354 963 405 et
984 347 1110 421 resinae,

115 429 296 508 singulorum
312 445 342 506 p.
358 427 414 506 )·(.
432 441 465 487 x.
483 427 540 487 olei
556 425 699 486 dimidium
713 427 855 502 cyathum.

176 515 207 575 4.
225 511 266 572 At
280 513 346 590 quia
362 511 508 589 perviride
523 519 568 570 est
583 508 794 587 smaragdinum
809 512 989 591 appellatur,
1012 514 1039 569 in
1054 528 1111 590 quo

113 606 180 660 sunt
193 597 309 656 resinae
323 595 427 671 pineae
444 612 472 674 p.
484 595 540 673 )·(.
554 607 603 654 111.
622 611 709 654 cerae
724 613 753 673 p.
767 595 823 675 )·(.
840 608 862 654 1.
879 595 1025 671 aeruginis
1043 611 1071 671 p.
1085 613 1109 654 s.

89 683 186 744 sturis
211 679 339 756 fuliginis
365 696 394 756 p.
420 697 445 737 n.
476 677 533 738 olei
555 676 743 753 tantumdem,
770 681 846 738 aceti
854 723 863 756 ,
891 695 948 756 quo
969 677 1061 754 luligo
1083 685 1112 737 et

113 780 227 842 aerugo
243 765 272 822 in
287 779 370 821 unum
385 770 527 838 cogantur
542 760 620 840 (Gal.
637 759 670 821 S.
689 761 724 821 G.
740 760 783 838 ll,
800 760 845 841 2).

178 849 210 907 5.
238 846 292 906 Est
312 847 397 905 etiam
419 844 528 905 coloris
551 845 614 904 iere
635 846 703 922 rull,
725 845 802 924 quod
824 845 959 906 celeriter
981 845 1016 904 ad
1037 845 1110 904 eica-

113 935 218 992 tricem
238 929 359 989 vulnera
374 928 535 1006 perducere
550 928 672 987 videtur.
710 928 805 989 Habet
820 931 891 989 turis
907 947 937 1006 p.
951 928 1007 1007 )·(.
1024 942 1046 986 1.
1065 945 1110 986 re-

115 1017 198 1075 sinae
220 1030 249 1092 p.
270 1013 326 1092 )·(.
348 1025 385 1071 11.
408 1029 543 1091 squamae
564 1013 641 1071 aeris
662 1030 689 1090 p.
710 1012 766 1089 )·(.
787 1025 833 1071 1v.
857 1029 975 1092 spumae
997 1010 1110 1087 argenti

78 1118 105 1159 tc
116 1117 147 1178 p.
167 1097 221 1176 )·(.
239 1109 297 1155 xx.
317 1113 403 1156 cerae
418 1112 447 1174 p.
462 1097 518 1174 )·(.
536 1106 564 1154 c.
583 1095 641 1154 olei
655 1095 804 1155 heminam.

179 1182 209 1242 6.
230 1178 385 1239 Praeterea
401 1188 458 1254 est,
482 1196 565 1255 quam
580 1169 773 1259 θάπτουσαν
788 1196 803 1238 a
819 1178 987 1257 glutinando
1004 1185 1110 1238 vocant

117 1265 173 1344 (ci.
190 1263 248 1339 26,
270 1262 336 1343 23).
376 1260 495 1321 Constat
512 1280 549 1321 ex
563 1261 623 1324 his:
647 1262 806 1338 bituminis,
830 1263 960 1324 aluminis
976 1262 1108 1337 scissilis,

116 1367 147 1428 p.
162 1348 219 1427 )·(.
236 1360 282 1405 tv.
298 1346 540 1425 spumaeargenti
557 1363 585 1423 p.
601 1346 657 1424 )·(.
673 1360 728 1407 xi..
747 1347 804 1407 olei
819 1350 927 1408 veteris
944 1347 1065 1407 hemina.

184 1433 212 1491 7.
236 1429 392 1490 Praeterea
409 1438 473 1488 sunt
488 1428 627 1507 quaedam
642 1434 760 1507 generis
776 1431 921 1508 ejusdem,
937 1448 1028 1509 quae,
1043 1430 1108 1508 quia

82 1531 107 1571 15
119 1513 262 1592 capitibus
284 1513 384 1572 fractis
404 1513 525 1572 maxime
548 1514 737 1590 conveniunt,
766 1509 929 1593 κεφαλικά
950 1532 966 1573 a
989 1513 1108 1574 Graecis

116 1597 307 1658 nominantur.
339 1595 470 1656 Philotae
486 1593 564 1674 (Gal.
581 1595 614 1656 S.
632 1597 667 1657 G.
683 1597 739 1672 lv,
759 1597 813 1675 13)
835 1598 1005 1676 compositio
1022 1595 1109 1656 habet

116 1691 214 1741 terrae
230 1681 363 1756 eretriae,
384 1678 558 1755 chalcitidis,
582 1680 760 1756 singulorum
780 1699 809 1758 p.
824 1683 880 1761 )·(.
896 1693 941 1738 tv.
965 1678 1108 1753 myrrhae,

117 1766 194 1825 aeris
208 1763 366 1839 combusti,
383 1763 559 1840 singulorum
572 1780 600 1840 p.
613 1762 669 1838 )·(.
682 1778 714 1821 x.
728 1761 940 1836 ichthyocollae
955 1781 982 1840 p.
993 1761 1048 1838 )·(.
1062 1773 1107 1817 vt.

118 1848 265 1924 aeruginis
280 1864 379 1922 rasae,
395 1846 525 1906 aluminis
542 1844 673 1918 rotundi,
689 1846 762 1919 misy
776 1845 873 1920 crudi,
888 1842 1107 1917 aristolochiae,

80 1949 108 1989 rc
119 1930 296 2007 singulorum
317 1948 345 2008 p.
363 1929 418 2009 )·(.
441 1942 514 1989 v111.
539 1945 675 2007 squamae
690 1929 766 1987 aeris
784 1946 811 2005 p.
827 1928 883 2007 )·(.
899 1941 932 1985 x.
949 1926 1019 1984 turis
1034 1941 1108 1983 mas·

119 2015 177 2075 culi
200 2032 228 2091 p.
244 2015 298 2093 )·(.
315 2027 351 2072 11.
376 2031 462 2072 cerae
483 2030 510 2090 p.
527 2026 549 2071 1.
566 2029 671 2086 rosae,
693 2018 722 2069 et
739 2010 797 2070 olel
813 2010 910 2069 acerbi
927 2019 1026 2068 ternos
1042 2025 1106 2082 cya-

118 2099 201 2173 thos,
224 2098 299 2156 aceti
314 2106 446 2175 quantum
462 2099 531 2155 satis
548 2105 607 2171 est,
629 2095 693 2154 dum
709 2094 788 2153 arida
804 2112 841 2152 ex
856 2110 892 2153 eo
912 2100 1107 2153 conteruntur.

182 2179 210 2239 8.
233 2179 319 2239 Aliud
337 2180 371 2240 ad
389 2181 464 2239 idem
481 2180 586 2239 viride:
607 2181 682 2239 aeris
698 2178 854 2253 combusti,
871 2194 1005 2256 squamae
1021 2176 1107 2250 aeris,

119 2263 268 2340 myrrhae,
290 2263 517 2339 ichthyocollae,
542 2263 717 2340 singulorum
738 2281 766 2339 p.
783 2260 838 2342 )·(.
854 2274 899 2319 vt.
924 2261 997 2334 misy
1019 2257 1108 2334 crudi,

81 2368 108 2408 25
120 2348 265 2423 aeruginis
278 2366 377 2423 rasae,
397 2347 615 2423 aristolochiae,
637 2347 768 2406 aluminis
779 2345 908 2420 rotundi,
933 2344 1106 2421 singulorum

121 2431 304 2510 p.)-(.vt11.
321 2449 409 2490 cerae
424 2450 452 2509 p.
468 2432 522 2510 )·(.
537 2446 559 2492 1.
578 2430 635 2490 olei
653 2429 781 2504 hemina,
805 2431 878 2488 aceti
895 2428 971 2505 quod
990 2428 1059 2488 satis
1073 2428 1110 2487 sit

121 2514 200 2592 (Gal.
217 2512 249 2573 S.
265 2514 300 2573 G.
316 2514 358 2591 ll,
375 2515 421 2591 2).

184 2598 212 2660 9.
242 2598 308 2658 Puri
327 2607 420 2657 autem
441 2598 584 2657 movendo
603 2615 661 2658 non
684 2597 759 2656 aliud
780 2592 899 2672 melius,
930 2611 1013 2673 quam
1034 2592 1110 2671 quod

121 2681 367 2759 expeditissimum
388 2690 446 2740 est:
475 2672 750 2760 τετραῳάρμακον
770 2700 786 2740 a
806 2679 926 2741 Graecis
949 2678 1110 2736 nominatur

85 2764 201 2843 oc(Gal.
219 2764 297 2824 Med.
314 2765 414 2842 simpl.
432 2763 486 2839 Xl,
505 2764 539 2840 l,
559 2764 589 2839 ὃ.
607 2763 651 2845 2).
683 2764 777 2824 Habet
795 2781 881 2843 pares
899 2762 1047 2839 portiones
1062 2777 1109 2818 oe·

180 2851 527 2992 ’.tllrttl‘thttl
542 2849 829 3011 ‘lllllthlhh
837 2845 1111 3006 1111111111...

228 2976 235 2990 .
531 2977 539 3006 ,
1010 2976 1016 2997 ,

122 3017 214 3092 magis
230 3026 343 3094 purgat.
380 3014 499 3075 Constat
514 3033 551 3074 ex
567 3033 671 3074 novem
685 3016 788 3090 rebus,
812 3032 893 3089 cera,
909 3011 1011 3086 melle,
1027 3029 1110 3086 sevo,

125 3101 235 3176 resina,
256 3100 384 3176 myrrha,
406 3116 490 3174 rosa,
513 3098 636 3158 medulla
658 3099 706 3158 vel
730 3099 845 3157 cervina
867 3096 914 3154 vel
931 3096 1048 3155 vitulina
1064 3093 1112 3153 vel

89 3190 115 3230 ³⁶
125 3182 246 3258 bubula,
271 3201 399 3262 oesypo,
425 3184 544 3257 butyro:
568 3200 687 3261 quorum
708 3183 836 3259 ipsorum
849 3196 963 3258 quoque
984 3178 1112 3257 pondera

123 3268 201 3346 paria
219 3269 373 3327 miscentur
390 3267 468 3346 (Gal.
484 3266 516 3326 S.
533 3264 567 3326 L.
586 3265 642 3341 111,
659 3269 704 3343 7).

187 3352 234 3411 ll.
258 3353 327 3410 Sunt
343 3361 435 3411 autem
451 3352 589 3430 quaedam
606 3349 773 3427 emplastra,
789 3348 892 3427 quibus
906 3347 1053 3424 utriusque
1070 3344 1112 3403 rei

122 3433 245 3494 facultas
265 3444 324 3494 est:
349 3453 440 3513 quae,
465 3437 489 3493 si
511 3435 622 3512 singula
645 3432 774 3494 habenda
796 3441 876 3506 sunt,
898 3429 1018 3489 meliora
1032 3436 1110 3497 sunt;
