<?xml version="1.0" encoding="UTF-8"?>
<!DOCTYPE html PUBLIC "-//W3C//DTD XHTML 1.0 Transitional//EN"
    "http://www.w3.org/TR/xhtml1/DTD/xhtml1-transitional.dtd">
<html xmlns="http://www.w3.org/1999/xhtml" xml:lang="en" lang="en">
 <head>
  <title>
</title>
<meta http-equiv="Content-Type" content="text/html;charset=utf-8" />
  <meta name='ocr-system' content='tesseract 3.04.00' />
  <meta name='ocr-capabilities' content='ocr_page ocr_carea ocr_par ocr_line ocrx_word'/>
</head>
<body>
  <div class='ocr_page' id='page_1' title='image "./cassiifelicisde00rosegoog_0565.png"; bbox 0 0 2414 3924; ppageno 0'>
   <div class='ocr_carea' id='block_1_1' title="bbox 156 207 855 272">
    <p class='ocr_par' dir='ltr' id='par_1_1' title="bbox 156 207 855 272">
     <span class='ocr_line' id='line_1_1' title="bbox 156 207 855 272; baseline -0.003 -3"><span class='ocrx_word' id='word_1_1' title='bbox 156 207 219 272; x_wconf 78' lang='lat'><strong>242</strong></span> <span class='ocrx_word' id='word_1_2' title='bbox 447 221 481 266; x_wconf 79' lang='lat' dir='ltr'><strong>a.</strong></span> <span class='ocrx_word' id='word_1_3' title='bbox 497 218 527 266; x_wconf 91' lang='lat' dir='ltr'><strong>o.</strong></span> <span class='ocrx_word' id='word_1_4' title='bbox 544 218 644 267; x_wconf 77' lang='lat' dir='ltr'><strong>censu</strong></span> <span class='ocrx_word' id='word_1_5' title='bbox 658 219 855 268; x_wconf 79' lang='lat' dir='ltr'><strong>nrunwmnn</strong></span> 
     </span>
    </p>
   </div>
   <div class='ocr_carea' id='block_1_2' title="bbox 135 373 1182 3546">
    <p class='ocr_par' dir='ltr' id='par_1_2' title="bbox 154 373 1182 1455">
     <span class='ocr_line' id='line_1_2' title="bbox 217 373 1148 453; baseline 0.002 -19"><span class='ocrx_word' id='word_1_6' title='bbox 217 376 247 434; x_wconf 83' lang='lat'><strong>4.</strong></span> <span class='ocrx_word' id='word_1_7' title='bbox 275 376 306 434; x_wconf 90' lang='lat' dir='ltr'><strong>Si</strong></span> <span class='ocrx_word' id='word_1_8' title='bbox 327 374 444 435; x_wconf 89' lang='lat' dir='ltr'><strong>sordida</strong></span> <span class='ocrx_word' id='word_1_9' title='bbox 465 392 582 453; x_wconf 81' lang='lat' dir='ltr'><strong>quoqne</strong></span> <span class='ocrx_word' id='word_1_10' title='bbox 602 373 701 434; x_wconf 87' lang='lat' dir='ltr'><strong>ulcera</strong></span> <span class='ocrx_word' id='word_1_11' title='bbox 717 383 798 451; x_wconf 88' lang='lat' dir='ltr'><strong>sunt,</strong></span> <span class='ocrx_word' id='word_1_12' title='bbox 818 373 922 433; x_wconf 89' lang='lat' dir='ltr'><strong>melius</strong></span> <span class='ocrx_word' id='word_1_13' title='bbox 936 374 1031 435; x_wconf 88' lang='lat' dir='ltr'><strong>mulso</strong></span> <span class='ocrx_word' id='word_1_14' title='bbox 1046 375 1148 436; x_wconf 90' lang='lat' dir='ltr'><strong>eluun-</strong></span> 
     </span>
     <span class='ocr_line' id='line_1_3' title="bbox 155 458 1148 538; baseline 0.003 -20"><span class='ocrx_word' id='word_1_15' title='bbox 155 469 215 528; x_wconf 89' lang='lat' dir='ltr'><strong>tur;</strong></span> <span class='ocrx_word' id='word_1_16' title='bbox 239 467 269 518; x_wconf 88' lang='lat' dir='ltr'><strong>et</strong></span> <span class='ocrx_word' id='word_1_17' title='bbox 292 467 349 518; x_wconf 92' lang='lat' dir='ltr'><strong>tum</strong></span> <span class='ocrx_word' id='word_1_18' title='bbox 371 458 489 537; x_wconf 81' lang='lat' dir='ltr'><strong>aliquod</strong></span> <span class='ocrx_word' id='word_1_19' title='bbox 509 476 546 517; x_wconf 85' lang='lat' dir='ltr'><strong>ex</strong></span> <span class='ocrx_word' id='word_1_20' title='bbox 568 459 618 535; x_wconf 87' lang='lat' dir='ltr'><strong>iis,</strong></span> <span class='ocrx_word' id='word_1_21' title='bbox 640 475 715 536; x_wconf 86' lang='lat' dir='ltr'><strong>quae</strong></span> <span class='ocrx_word' id='word_1_22' title='bbox 735 475 823 536; x_wconf 90' lang='lat' dir='ltr'><strong>supra</strong></span> <span class='ocrx_word' id='word_1_23' title='bbox 839 459 948 537; x_wconf 86' lang='lat' dir='ltr'><strong>scripta</strong></span> <span class='ocrx_word' id='word_1_24' title='bbox 964 468 1046 536; x_wconf 87' lang='lat' dir='ltr'><strong>sont,</strong></span> <span class='ocrx_word' id='word_1_25' title='bbox 1068 462 1148 538; x_wconf 80' lang='lat' dir='ltr'><strong>guod</strong></span> 
     </span>
     <span class='ocr_line' id='line_1_4' title="bbox 155 540 1148 621; baseline 0.001 -19"><span class='ocrx_word' id='word_1_26' title='bbox 155 542 213 602; x_wconf 93' lang='lat' dir='ltr'><strong>mel</strong></span> <span class='ocrx_word' id='word_1_27' title='bbox 229 541 350 618; x_wconf 92' lang='lat' dir='ltr'><strong>babeat,</strong></span> <span class='ocrx_word' id='word_1_28' title='bbox 374 541 537 602; x_wconf 77' lang='lat' dir='ltr'><strong>infunditur.</strong></span> <span class='ocrx_word' id='word_1_29' title='bbox 573 543 603 601; x_wconf 88' lang='lat' dir='ltr'><strong>Si</strong></span> <span class='ocrx_word' id='word_1_30' title='bbox 618 542 709 618; x_wconf 89' lang='lat' dir='ltr'><strong>magis</strong></span> <span class='ocrx_word' id='word_1_31' title='bbox 723 559 778 620; x_wconf 90' lang='lat' dir='ltr'><strong>pus</strong></span> <span class='ocrx_word' id='word_1_32' title='bbox 792 540 925 619; x_wconf 86' lang='lat' dir='ltr'><strong>produit,</strong></span> <span class='ocrx_word' id='word_1_33' title='bbox 948 551 978 601; x_wconf 86' lang='lat' dir='ltr'><strong>et</strong></span> <span class='ocrx_word' id='word_1_34' title='bbox 992 552 1079 621; x_wconf 87' lang='lat' dir='ltr'><strong>caput</strong></span> <span class='ocrx_word' id='word_1_35' title='bbox 1094 546 1148 604; x_wconf 90' lang='lat' dir='ltr'><strong>nti·</strong></span> 
     </span>
     <span class='ocr_line' id='line_1_5' title="bbox 155 623 1149 707; baseline 0.003 -22"><span class='ocrx_word' id='word_1_36' title='bbox 155 644 212 707; x_wconf 86' lang='lat' dir='ltr'><strong>qne</strong></span> <span class='ocrx_word' id='word_1_37' title='bbox 229 625 403 685; x_wconf 87' lang='lat' dir='ltr'><strong>tondendum</strong></span> <span class='ocrx_word' id='word_1_38' title='bbox 417 635 480 701; x_wconf 98' lang='grc' dir='ltr'><strong>εει,</strong></span> <span class='ocrx_word' id='word_1_39' title='bbox 503 634 533 685; x_wconf 91' lang='grc' dir='ltr'><strong>ει</strong></span> <span class='ocrx_word' id='word_1_40' title='bbox 547 625 635 684; x_wconf 86' lang='lat' dir='ltr'><strong>multa</strong></span> <span class='ocrx_word' id='word_1_41' title='bbox 651 624 743 684; x_wconf 89' lang='lat' dir='ltr'><strong>calida</strong></span> <span class='ocrx_word' id='word_1_42' title='bbox 758 641 832 703; x_wconf 85' lang='lat' dir='ltr'><strong>aqua</strong></span> <span class='ocrx_word' id='word_1_43' title='bbox 847 623 1094 704; x_wconf 77' lang='lat' dir='ltr'><strong>perfundendum,</strong></span> <span class='ocrx_word' id='word_1_44' title='bbox 1117 638 1149 688; x_wconf 92' lang='lat' dir='ltr'><strong>et</strong></span> 
     </span>
     <span class='ocr_line' id='line_1_6' title="bbox 155 707 1172 788; baseline 0.003 -19"><span class='ocrx_word' id='word_1_45' title='bbox 155 708 410 788; x_wconf 73' lang='lat' dir='ltr'><strong>gargarizandum,</strong></span> <span class='ocrx_word' id='word_1_46' title='bbox 437 718 467 769; x_wconf 85' lang='lat' dir='ltr'><strong>et</strong></span> <span class='ocrx_word' id='word_1_47' title='bbox 488 727 580 786; x_wconf 86' lang='lat' dir='ltr'><strong>nsque</strong></span> <span class='ocrx_word' id='word_1_48' title='bbox 601 707 637 768; x_wconf 89' lang='lat' dir='ltr'><strong>ad</strong></span> <span class='ocrx_word' id='word_1_49' title='bbox 659 707 855 767; x_wconf 78' lang='lat' dir='ltr'><strong>lassitudinem</strong></span> <span class='ocrx_word' id='word_1_50' title='bbox 876 707 1092 787; x_wconf 89' lang='lat' dir='ltr'><strong>ambulandum,</strong></span> <span class='ocrx_word' id='word_1_51' title='bbox 1118 721 1172 773; x_wconf 77' lang='lat' dir='ltr'><strong>etc</strong></span> 
     </span>
     <span class='ocr_line' id='line_1_7' title="bbox 154 792 1146 872; baseline -0.001 -18"><span class='ocrx_word' id='word_1_52' title='bbox 154 793 221 854; x_wconf 90' lang='lat' dir='ltr'><strong>cibo</strong></span> <span class='ocrx_word' id='word_1_53' title='bbox 239 794 353 853; x_wconf 90' lang='lat' dir='ltr'><strong>modico</strong></span> <span class='ocrx_word' id='word_1_54' title='bbox 368 792 502 852; x_wconf 85' lang='lat' dir='ltr'><strong>utendum</strong></span> <span class='ocrx_word' id='word_1_55' title='bbox 519 801 573 852; x_wconf 88' lang='lat' dir='ltr'><strong>est.</strong></span> <span class='ocrx_word' id='word_1_56' title='bbox 600 793 631 850; x_wconf 88' lang='lat' dir='ltr'><strong>Si</strong></span> <span class='ocrx_word' id='word_1_57' title='bbox 647 808 733 851; x_wconf 91' lang='lat' dir='ltr'><strong>cruor</strong></span> <span class='ocrx_word' id='word_1_58' title='bbox 747 808 862 870; x_wconf 84' lang='lat' dir='ltr'><strong>quoque</strong></span> <span class='ocrx_word' id='word_1_59' title='bbox 877 808 915 850; x_wconf 85' lang='lat' dir='ltr'><strong>ex</strong></span> <span class='ocrx_word' id='word_1_60' title='bbox 931 793 1080 853; x_wconf 78' lang='lat' dir='ltr'><strong>ulceribus</strong></span> <span class='ocrx_word' id='word_1_61' title='bbox 1095 812 1146 872; x_wconf 94' lang='lat' dir='ltr'><strong>ap·</strong></span> 
     </span>
     <span class='ocr_line' id='line_1_8' title="bbox 154 874 1147 956; baseline 0 -20"><span class='ocrx_word' id='word_1_62' title='bbox 154 879 264 956; x_wconf 84' lang='lat' dir='ltr'><strong>paruit,</strong></span> <span class='ocrx_word' id='word_1_63' title='bbox 286 877 394 952; x_wconf 76' lang='lat' dir='ltr'><strong>lycium</strong></span> <span class='ocrx_word' id='word_1_64' title='bbox 415 893 479 936; x_wconf 89' lang='lat' dir='ltr'><strong>oum</strong></span> <span class='ocrx_word' id='word_1_65' title='bbox 499 876 577 935; x_wconf 87' lang='lat' dir='ltr'><strong>lacte</strong></span> <span class='ocrx_word' id='word_1_66' title='bbox 600 874 687 934; x_wconf 85' lang='lat' dir='ltr'><strong>debet</strong></span> <span class='ocrx_word' id='word_1_67' title='bbox 708 875 831 944; x_wconf 85' lang='lat' dir='ltr'><strong>infundi;</strong></span> <span class='ocrx_word' id='word_1_68' title='bbox 851 874 900 934; x_wconf 84' lang='lat' dir='ltr'><strong>vel</strong></span> <span class='ocrx_word' id='word_1_69' title='bbox 920 893 1013 955; x_wconf 85' lang='lat' dir='ltr'><strong>aqua,</strong></span> <span class='ocrx_word' id='word_1_70' title='bbox 1034 878 1065 936; x_wconf 92' lang='lat' dir='ltr'><strong>in</strong></span> <span class='ocrx_word' id='word_1_71' title='bbox 1089 895 1147 956; x_wconf 86' lang='lat' dir='ltr'><strong>qua</strong></span> 
     </span>
     <span class='ocr_line' id='line_1_9' title="bbox 155 957 1147 1035; baseline -0.001 -14"><span class='ocrx_word' id='word_1_72' title='bbox 155 979 224 1022; x_wconf 92' lang='lat' dir='ltr'><strong>rosa</strong></span> <span class='ocrx_word' id='word_1_73' title='bbox 238 960 362 1020; x_wconf 85' lang='lat' dir='ltr'><strong>decocta</strong></span> <span class='ocrx_word' id='word_1_74' title='bbox 378 961 431 1034; x_wconf 92' lang='lat' dir='ltr'><strong>sit,</strong></span> <span class='ocrx_word' id='word_1_75' title='bbox 454 975 543 1019; x_wconf 89' lang='lat' dir='ltr'><strong>succo</strong></span> <span class='ocrx_word' id='word_1_76' title='bbox 559 968 608 1018; x_wconf 89' lang='lat' dir='ltr'><strong>aut</strong></span> <span class='ocrx_word' id='word_1_77' title='bbox 623 957 732 1018; x_wconf 84' lang='lat' dir='ltr'><strong>herbae</strong></span> <span class='ocrx_word' id='word_1_78' title='bbox 747 959 941 1035; x_wconf 80' lang='lat' dir='ltr'><strong>sanguinalis,</strong></span> <span class='ocrx_word' id='word_1_79' title='bbox 964 969 1013 1019; x_wconf 88' lang='lat' dir='ltr'><strong>ant</strong></span> <span class='ocrx_word' id='word_1_80' title='bbox 1025 962 1147 1020; x_wconf 89' lang='lat' dir='ltr'><strong>acaciae</strong></span> 
     </span>
     <span class='ocr_line' id='line_1_10' title="bbox 154 1041 1148 1122; baseline -0.001 -18"><span class='ocrx_word' id='word_1_81' title='bbox 154 1045 281 1121; x_wconf 87' lang='lat' dir='ltr'><strong>adjecto.</strong></span> <span class='ocrx_word' id='word_1_82' title='bbox 320 1041 406 1117; x_wconf 79' lang='lat' dir='ltr'><strong>Quod</strong></span> <span class='ocrx_word' id='word_1_83' title='bbox 427 1044 452 1101; x_wconf 90' lang='lat' dir='ltr'><strong>si</strong></span> <span class='ocrx_word' id='word_1_84' title='bbox 474 1061 563 1120; x_wconf 87' lang='lat' dir='ltr'><strong>super</strong></span> <span class='ocrx_word' id='word_1_85' title='bbox 580 1042 679 1102; x_wconf 87' lang='lat' dir='ltr'><strong>ulcera</strong></span> <span class='ocrx_word' id='word_1_86' title='bbox 701 1059 770 1102; x_wconf 90' lang='lat' dir='ltr'><strong>caro</strong></span> <span class='ocrx_word' id='word_1_87' title='bbox 795 1043 935 1118; x_wconf 82' lang='lat' dir='ltr'><strong>increvit,</strong></span> <span class='ocrx_word' id='word_1_88' title='bbox 964 1061 1059 1122; x_wconf 86' lang='lat' dir='ltr'><strong>eaque</strong></span> <span class='ocrx_word' id='word_1_89' title='bbox 1078 1045 1148 1104; x_wconf 90' lang='lat' dir='ltr'><strong>mali</strong></span> 
     </span>
     <span class='ocr_line' id='line_1_11' title="bbox 154 1125 1182 1204; baseline 0.003 -17"><span class='ocrx_word' id='word_1_90' title='bbox 154 1127 254 1188; x_wconf 89' lang='lat' dir='ltr'><strong>odoris</strong></span> <span class='ocrx_word' id='word_1_91' title='bbox 279 1128 387 1187; x_wconf 88' lang='lat' dir='ltr'><strong>saniem</strong></span> <span class='ocrx_word' id='word_1_92' title='bbox 410 1126 518 1204; x_wconf 81' lang='lat' dir='ltr'><strong>fundit,</strong></span> <span class='ocrx_word' id='word_1_93' title='bbox 542 1144 615 1204; x_wconf 90' lang='lat' dir='ltr'><strong>aqua</strong></span> <span class='ocrx_word' id='word_1_94' title='bbox 636 1125 734 1203; x_wconf 89' lang='lat' dir='ltr'><strong>tepida</strong></span> <span class='ocrx_word' id='word_1_95' title='bbox 754 1126 812 1185; x_wconf 87' lang='lat' dir='ltr'><strong>elui</strong></span> <span class='ocrx_word' id='word_1_96' title='bbox 833 1125 935 1193; x_wconf 86' lang='lat' dir='ltr'><strong>debet;</strong></span> <span class='ocrx_word' id='word_1_97' title='bbox 956 1136 1014 1186; x_wconf 87' lang='lat' dir='ltr'><strong>tum</strong></span> <span class='ocrx_word' id='word_1_98' title='bbox 1035 1127 1182 1192; x_wconf 83' lang='lat' dir='ltr'><strong>inlnndiro</strong></span> 
     </span>
     <span class='ocr_line' id='line_1_12' title="bbox 154 1209 1148 1290; baseline 0.001 -20"><span class='ocrx_word' id='word_1_99' title='bbox 154 1211 199 1286; x_wconf 95' lang='lat' dir='ltr'><strong>id,</strong></span> <span class='ocrx_word' id='word_1_100' title='bbox 224 1211 302 1290; x_wconf 86' lang='lat' dir='ltr'><strong>quod</strong></span> <span class='ocrx_word' id='word_1_101' title='bbox 323 1229 360 1269; x_wconf 85' lang='lat' dir='ltr'><strong>ex</strong></span> <span class='ocrx_word' id='word_1_102' title='bbox 382 1219 446 1269; x_wconf 88' lang='lat' dir='ltr'><strong>ture</strong></span> <span class='ocrx_word' id='word_1_103' title='bbox 466 1219 496 1270; x_wconf 87' lang='grc' dir='ltr'><strong>ει</strong></span> <span class='ocrx_word' id='word_1_104' title='bbox 514 1210 651 1286; x_wconf 84' lang='lat' dir='ltr'><strong>aerugine</strong></span> <span class='ocrx_word' id='word_1_105' title='bbox 668 1217 698 1268; x_wconf 94' lang='lat' dir='ltr'><strong>et</strong></span> <span class='ocrx_word' id='word_1_106' title='bbox 711 1219 797 1270; x_wconf 86' lang='lat' dir='ltr'><strong>aceto</strong></span> <span class='ocrx_word' id='word_1_107' title='bbox 812 1219 841 1269; x_wconf 90' lang='lat' dir='ltr'><strong>et</strong></span> <span class='ocrx_word' id='word_1_108' title='bbox 856 1209 944 1269; x_wconf 92' lang='lat' dir='ltr'><strong>melle</strong></span> <span class='ocrx_word' id='word_1_109' title='bbox 959 1211 1004 1279; x_wconf 85' lang='lat' dir='ltr'><strong>lit;</strong></span> <span class='ocrx_word' id='word_1_110' title='bbox 1024 1220 1074 1270; x_wconf 89' lang='lat' dir='ltr'><strong>aut</strong></span> <span class='ocrx_word' id='word_1_111' title='bbox 1088 1212 1148 1272; x_wconf 92' lang='lat' dir='ltr'><strong>mel</strong></span> 
     </span>
     <span class='ocr_line' id='line_1_13' title="bbox 155 1294 1146 1372; baseline 0.002 -20"><span class='ocrx_word' id='word_1_112' title='bbox 155 1311 217 1353; x_wconf 89' lang='lat' dir='ltr'><strong>cum</strong></span> <span class='ocrx_word' id='word_1_113' title='bbox 244 1296 381 1370; x_wconf 86' lang='lat' dir='ltr'><strong>aerugine</strong></span> <span class='ocrx_word' id='word_1_114' title='bbox 402 1295 556 1353; x_wconf 86' lang='lat' dir='ltr'><strong>incoctum.</strong></span> <span class='ocrx_word' id='word_1_115' title='bbox 593 1294 718 1372; x_wconf 88' lang='lat' dir='ltr'><strong>Squama</strong></span> <span class='ocrx_word' id='word_1_116' title='bbox 740 1310 856 1371; x_wconf 86' lang='lat' dir='ltr'><strong>qnoque</strong></span> <span class='ocrx_word' id='word_1_117' title='bbox 872 1295 948 1354; x_wconf 90' lang='lat' dir='ltr'><strong>aeris</strong></span> <span class='ocrx_word' id='word_1_118' title='bbox 963 1312 1026 1354; x_wconf 89' lang='lat' dir='ltr'><strong>cum</strong></span> <span class='ocrx_word' id='word_1_119' title='bbox 1042 1295 1146 1354; x_wconf 89' lang='lat' dir='ltr'><strong>sanda·</strong></span> 
     </span>
     <span class='ocr_line' id='line_1_14' title="bbox 154 1376 865 1455; baseline -0.003 -19"><span class='ocrx_word' id='word_1_120' title='bbox 154 1376 242 1436; x_wconf 92' lang='lat' dir='ltr'><strong>racba</strong></span> <span class='ocrx_word' id='word_1_121' title='bbox 259 1379 382 1437; x_wconf 87' lang='lat' dir='ltr'><strong>contrita</strong></span> <span class='ocrx_word' id='word_1_122' title='bbox 400 1395 454 1455; x_wconf 91' lang='lat' dir='ltr'><strong>per</strong></span> <span class='ocrx_word' id='word_1_123' title='bbox 470 1377 592 1437; x_wconf 84' lang='lat' dir='ltr'><strong>fistulam</strong></span> <span class='ocrx_word' id='word_1_124' title='bbox 606 1385 688 1436; x_wconf 87' lang='lat' dir='ltr'><strong>recte</strong></span> <span class='ocrx_word' id='word_1_125' title='bbox 704 1377 865 1437; x_wconf 90' lang='lat' dir='ltr'><strong>instillatur.</strong></span> 
     </span>
    </p>

    <p class='ocr_par' dir='ltr' id='par_1_3' title="bbox 152 1459 1180 2042">
     <span class='ocr_line' id='line_1_15' title="bbox 218 1459 1147 1538; baseline 0.002 -19"><span class='ocrx_word' id='word_1_126' title='bbox 218 1461 247 1519; x_wconf 87' lang='grc'><strong>5.</strong></span> <span class='ocrx_word' id='word_1_127' title='bbox 269 1459 325 1520; x_wconf 88' lang='lat' dir='ltr'><strong>Ubi</strong></span> <span class='ocrx_word' id='word_1_128' title='bbox 342 1477 414 1520; x_wconf 89' lang='lat' dir='ltr'><strong>vero</strong></span> <span class='ocrx_word' id='word_1_129' title='bbox 429 1479 545 1521; x_wconf 87' lang='lat' dir='ltr'><strong>vermes</strong></span> <span class='ocrx_word' id='word_1_130' title='bbox 561 1461 617 1519; x_wconf 92' lang='lat' dir='ltr'><strong>orti</strong></span> <span class='ocrx_word' id='word_1_131' title='bbox 632 1468 714 1535; x_wconf 85' lang='lat' dir='ltr'><strong>sunt,</strong></span> <span class='ocrx_word' id='word_1_132' title='bbox 730 1461 755 1519; x_wconf 88' lang='lat' dir='ltr'><strong>si</strong></span> <span class='ocrx_word' id='word_1_133' title='bbox 765 1463 849 1536; x_wconf 85' lang='lat' dir='ltr'><strong>juxta</strong></span> <span class='ocrx_word' id='word_1_134' title='bbox 863 1469 942 1538; x_wconf 85' lang='lat' dir='ltr'><strong>sunt,</strong></span> <span class='ocrx_word' id='word_1_135' title='bbox 958 1460 1147 1538; x_wconf 90' lang='lat' dir='ltr'><strong>protrabendi</strong></span> 
     </span>
     <span class='ocr_line' id='line_1_16' title="bbox 156 1543 1180 1623; baseline 0.002 -20"><span class='ocrx_word' id='word_1_136' title='bbox 156 1544 312 1604; x_wconf 82' lang='lat' dir='ltr'><strong>oriculario</strong></span> <span class='ocrx_word' id='word_1_137' title='bbox 328 1544 454 1623; x_wconf 89' lang='lat' dir='ltr'><strong>specillo</strong></span> <span class='ocrx_word' id='word_1_138' title='bbox 471 1553 550 1604; x_wconf 85' lang='lat' dir='ltr'><strong>sunt:</strong></span> <span class='ocrx_word' id='word_1_139' title='bbox 573 1545 598 1603; x_wconf 89' lang='lat' dir='ltr'><strong>si</strong></span> <span class='ocrx_word' id='word_1_140' title='bbox 615 1543 745 1620; x_wconf 89' lang='lat' dir='ltr'><strong>longius,</strong></span> <span class='ocrx_word' id='word_1_141' title='bbox 762 1545 978 1604; x_wconf 88' lang='lat' dir='ltr'><strong>medicamentis</strong></span> <span class='ocrx_word' id='word_1_142' title='bbox 988 1545 1144 1613; x_wconf 87' lang='lat' dir='ltr'><strong>enecandi;</strong></span> <span class='ocrx_word' id='word_1_143' title='bbox 1159 1567 1180 1605; x_wconf 76' lang='grc' dir='ltr'><strong>ιε</strong></span> 
     </span>
     <span class='ocr_line' id='line_1_17' title="bbox 156 1627 1148 1707; baseline 0 -19"><span class='ocrx_word' id='word_1_144' title='bbox 156 1627 373 1707; x_wconf 86' lang='lat' dir='ltr'><strong>cavendumque</strong></span> <span class='ocrx_word' id='word_1_145' title='bbox 398 1645 435 1687; x_wconf 86' lang='lat' dir='ltr'><strong>ne</strong></span> <span class='ocrx_word' id='word_1_146' title='bbox 459 1638 562 1707; x_wconf 87' lang='lat' dir='ltr'><strong>postea</strong></span> <span class='ocrx_word' id='word_1_147' title='bbox 582 1636 744 1687; x_wconf 90' lang='lat' dir='ltr'><strong>nascantur.</strong></span> <span class='ocrx_word' id='word_1_148' title='bbox 782 1627 829 1687; x_wconf 80' lang='lat' dir='ltr'><strong>Ad</strong></span> <span class='ocrx_word' id='word_1_149' title='bbox 849 1637 1002 1707; x_wconf 87' lang='lat' dir='ltr'><strong>utrumque</strong></span> <span class='ocrx_word' id='word_1_150' title='bbox 1028 1629 1148 1707; x_wconf 88' lang='lat' dir='ltr'><strong>prolicit</strong></span> 
     </span>
     <span class='ocr_line' id='line_1_18' title="bbox 154 1710 1146 1790; baseline -0.002 -16"><span class='ocrx_word' id='word_1_151' title='bbox 154 1713 248 1774; x_wconf 90' lang='lat' dir='ltr'><strong>album</strong></span> <span class='ocrx_word' id='word_1_152' title='bbox 270 1721 414 1772; x_wconf 85' lang='lat' dir='ltr'><strong>veratmm</strong></span> <span class='ocrx_word' id='word_1_153' title='bbox 438 1730 501 1771; x_wconf 87' lang='lat' dir='ltr'><strong>cum</strong></span> <span class='ocrx_word' id='word_1_154' title='bbox 522 1721 607 1772; x_wconf 87' lang='lat' dir='ltr'><strong>aceto</strong></span> <span class='ocrx_word' id='word_1_155' title='bbox 630 1712 790 1771; x_wconf 88' lang='lat' dir='ltr'><strong>contritum.</strong></span> <span class='ocrx_word' id='word_1_156' title='bbox 823 1710 889 1770; x_wconf 88' lang='lat' dir='ltr'><strong>Elui</strong></span> <span class='ocrx_word' id='word_1_157' title='bbox 912 1728 1029 1790; x_wconf 82' lang='lat' dir='ltr'><strong>quoqne</strong></span> <span class='ocrx_word' id='word_1_158' title='bbox 1046 1730 1146 1772; x_wconf 88' lang='lat' dir='ltr'><strong>aorem</strong></span> 
     </span>
     <span class='ocr_line' id='line_1_19' title="bbox 155 1794 1147 1876; baseline -0.002 -18"><span class='ocrx_word' id='word_1_159' title='bbox 155 1806 274 1876; x_wconf 85' lang='lat' dir='ltr'><strong>oportet</strong></span> <span class='ocrx_word' id='word_1_160' title='bbox 298 1797 382 1871; x_wconf 88' lang='lat' dir='ltr'><strong>vino,</strong></span> <span class='ocrx_word' id='word_1_161' title='bbox 413 1797 520 1875; x_wconf 88' lang='lat' dir='ltr'><strong>inquo</strong></span> <span class='ocrx_word' id='word_1_162' title='bbox 545 1794 717 1854; x_wconf 89' lang='lat' dir='ltr'><strong>marrubium</strong></span> <span class='ocrx_word' id='word_1_163' title='bbox 743 1795 896 1855; x_wconf 86' lang='lat' dir='ltr'><strong>decoctum</strong></span> <span class='ocrx_word' id='word_1_164' title='bbox 921 1796 968 1855; x_wconf 89' lang='lat' dir='ltr'><strong>sit.</strong></span> <span class='ocrx_word' id='word_1_165' title='bbox 1014 1795 1074 1855; x_wconf 89' lang='lat' dir='ltr'><strong>Sub</strong></span> <span class='ocrx_word' id='word_1_166' title='bbox 1099 1796 1147 1856; x_wconf 87' lang='lat' dir='ltr'><strong>bis</strong></span> 
     </span>
     <span class='ocr_line' id='line_1_20' title="bbox 154 1879 1146 1958; baseline -0.003 -16"><span class='ocrx_word' id='word_1_167' title='bbox 154 1881 276 1942; x_wconf 85' lang='lat' dir='ltr'><strong>emortui</strong></span> <span class='ocrx_word' id='word_1_168' title='bbox 296 1898 412 1939; x_wconf 81' lang='lat' dir='ltr'><strong>vermes</strong></span> <span class='ocrx_word' id='word_1_169' title='bbox 434 1881 462 1938; x_wconf 94' lang='lat' dir='ltr'><strong>in</strong></span> <span class='ocrx_word' id='word_1_170' title='bbox 480 1880 599 1958; x_wconf 90' lang='lat' dir='ltr'><strong>primam</strong></span> <span class='ocrx_word' id='word_1_171' title='bbox 619 1879 695 1937; x_wconf 88' lang='lat' dir='ltr'><strong>auris</strong></span> <span class='ocrx_word' id='word_1_172' title='bbox 718 1887 829 1956; x_wconf 90' lang='lat' dir='ltr'><strong>partem</strong></span> <span class='ocrx_word' id='word_1_173' title='bbox 844 1879 1048 1957; x_wconf 85' lang='lat' dir='ltr'><strong>prolabuntur,</strong></span> <span class='ocrx_word' id='word_1_174' title='bbox 1069 1880 1146 1940; x_wconf 92' lang='lat' dir='ltr'><strong>unde</strong></span> 
     </span>
     <span class='ocr_line' id='line_1_21' title="bbox 152 1956 1177 2042; baseline -0.007 -18"><span class='ocrx_word' id='word_1_175' title='bbox 152 1965 287 2026; x_wconf 80' lang='lat' dir='ltr'><strong>facillime</strong></span> <span class='ocrx_word' id='word_1_176' title='bbox 303 1956 386 2023; x_wconf 76' lang='lat' dir='ltr'><strong>educ&#39;i</strong></span> <span class='ocrx_word' id='word_1_177' title='bbox 402 1971 533 2042; x_wconf 86' lang='lat' dir='ltr'><strong>possunt.</strong></span> <span class='ocrx_word' id='word_1_178' title='bbox 1152 1987 1177 2027; x_wconf 76' lang='lat'><strong>20</strong></span> 
     </span>
    </p>

    <p class='ocr_par' dir='ltr' id='par_1_4' title="bbox 151 2047 1178 2625">
     <span class='ocr_line' id='line_1_22' title="bbox 215 2047 1139 2125; baseline -0.002 -16"><span class='ocrx_word' id='word_1_179' title='bbox 215 2049 243 2109; x_wconf 91' lang='grc'><strong>6.</strong></span> <span class='ocrx_word' id='word_1_180' title='bbox 275 2049 323 2107; x_wconf 90' lang='lat' dir='ltr'><strong>Siu</strong></span> <span class='ocrx_word' id='word_1_181' title='bbox 347 2047 477 2108; x_wconf 84' lang='lat' dir='ltr'><strong>foramen</strong></span> <span class='ocrx_word' id='word_1_182' title='bbox 499 2048 574 2107; x_wconf 87' lang='lat' dir='ltr'><strong>auris</strong></span> <span class='ocrx_word' id='word_1_183' title='bbox 596 2063 793 2125; x_wconf 86' lang='lat' dir='ltr'><strong>compressum</strong></span> <span class='ocrx_word' id='word_1_184' title='bbox 814 2055 874 2123; x_wconf 89' lang='grc' dir='ltr'><strong>εει,</strong></span> <span class='ocrx_word' id='word_1_185' title='bbox 898 2056 928 2105; x_wconf 90' lang='grc' dir='ltr'><strong>ει</strong></span> <span class='ocrx_word' id='word_1_186' title='bbox 946 2048 1021 2105; x_wconf 88' lang='lat' dir='ltr'><strong>intus</strong></span> <span class='ocrx_word' id='word_1_187' title='bbox 1038 2065 1139 2107; x_wconf 87' lang='lat' dir='ltr'><strong>crassa</strong></span> 
     </span>
     <span class='ocr_line' id='line_1_23' title="bbox 152 2130 1138 2209; baseline -0.002 -17"><span class='ocrx_word' id='word_1_188' title='bbox 152 2134 247 2194; x_wconf 88' lang='lat' dir='ltr'><strong>sanies</strong></span> <span class='ocrx_word' id='word_1_189' title='bbox 274 2130 387 2208; x_wconf 87' lang='lat' dir='ltr'><strong>subest,</strong></span> <span class='ocrx_word' id='word_1_190' title='bbox 416 2131 472 2190; x_wconf 92' lang='lat' dir='ltr'><strong>mel</strong></span> <span class='ocrx_word' id='word_1_191' title='bbox 499 2149 582 2209; x_wconf 86' lang='lat' dir='ltr'><strong>quam</strong></span> <span class='ocrx_word' id='word_1_192' title='bbox 608 2131 744 2208; x_wconf 88' lang='lat' dir='ltr'><strong>optimum</strong></span> <span class='ocrx_word' id='word_1_193' title='bbox 770 2130 927 2189; x_wconf 89' lang='lat' dir='ltr'><strong>addendum</strong></span> <span class='ocrx_word' id='word_1_194' title='bbox 953 2139 1008 2190; x_wconf 85' lang='lat' dir='ltr'><strong>est.</strong></span> <span class='ocrx_word' id='word_1_195' title='bbox 1053 2132 1084 2191; x_wconf 90' lang='lat' dir='ltr'><strong>Si</strong></span> <span class='ocrx_word' id='word_1_196' title='bbox 1109 2131 1138 2190; x_wconf 91' lang='lat' dir='ltr'><strong>id</strong></span> 
     </span>
     <span class='ocr_line' id='line_1_24' title="bbox 152 2213 1145 2296; baseline -0.004 -19"><span class='ocrx_word' id='word_1_197' title='bbox 152 2235 251 2296; x_wconf 92' lang='lat' dir='ltr'><strong>parurn</strong></span> <span class='ocrx_word' id='word_1_198' title='bbox 274 2214 405 2293; x_wconf 80' lang='lat' dir='ltr'><strong>prolicit,</strong></span> <span class='ocrx_word' id='word_1_199' title='bbox 434 2214 528 2272; x_wconf 88' lang='lat' dir='ltr'><strong>mellis</strong></span> <span class='ocrx_word' id='word_1_200' title='bbox 554 2213 658 2289; x_wconf 78' lang='lat' dir='ltr'><strong>cyatho</strong></span> <span class='ocrx_word' id='word_1_201' title='bbox 680 2223 710 2272; x_wconf 88' lang='lat' dir='ltr'><strong>et</strong></span> <span class='ocrx_word' id='word_1_202' title='bbox 729 2213 860 2289; x_wconf 91' lang='lat' dir='ltr'><strong>dimidio,</strong></span> <span class='ocrx_word' id='word_1_203' title='bbox 892 2215 1038 2290; x_wconf 88' lang='lat' dir='ltr'><strong>aeruginis</strong></span> <span class='ocrx_word' id='word_1_204' title='bbox 1060 2233 1145 2275; x_wconf 91' lang='lat' dir='ltr'><strong>rasae</strong></span> 
     </span>
     <span class='ocr_line' id='line_1_25' title="bbox 151 2297 1178 2461; baseline 0.001 -21"><span class='ocrx_word' id='word_1_205' title='bbox 151 2297 583 2459; x_wconf 67' lang='lat' dir='ltr'><strong>ul·&lt;l¹0·,tl³⁰ll¹¹lll’</strong></span> <span class='ocrx_word' id='word_1_206' title='bbox 597 2297 1178 2461; x_wconf 51' lang='lat' dir='ltr'><strong>lll&#39;llll‘ffl’retollit2,</strong></span> 
     </span>
     <span class='ocr_line' id='line_1_26' title="bbox 151 2403 1143 2544; baseline 0 -21"><span class='ocrx_word' id='word_1_207' title='bbox 151 2464 208 2543; x_wconf 89' lang='lat'>)·(.</span> <span class='ocrx_word' id='word_1_208' title='bbox 226 2477 261 2523; x_wconf 90' lang='lat'><strong>11.</strong></span> <span class='ocrx_word' id='word_1_209' title='bbox 277 2464 409 2538; x_wconf 76' lang='lat' dir='ltr'><strong>myrrhae</strong></span> <span class='ocrx_word' id='word_1_210' title='bbox 427 2473 456 2524; x_wconf 87' lang='lat' dir='ltr'><strong>et</strong></span> <span class='ocrx_word' id='word_1_211' title='bbox 471 2463 549 2523; x_wconf 89' lang='lat' dir='ltr'><strong>iellis</strong></span> <span class='ocrx_word' id='word_1_212' title='bbox 563 2467 681 2540; x_wconf 88' lang='lat' dir='ltr'><strong>taurini,</strong></span> <span class='ocrx_word' id='word_1_213' title='bbox 699 2403 875 2542; x_wconf 54' lang='lat' dir='ltr'><strong>Singulorum</strong></span> <span class='ocrx_word' id='word_1_214' title='bbox 891 2484 918 2544; x_wconf 89' lang='lat' dir='ltr'><strong>p.</strong></span> <span class='ocrx_word' id='word_1_215' title='bbox 936 2465 994 2544; x_wconf 89' lang='lat'><strong>)·(.</strong></span> <span class='ocrx_word' id='word_1_216' title='bbox 1013 2485 1067 2523; x_wconf 86' lang='lat' dir='ltr'><strong>zu.</strong></span> <span class='ocrx_word' id='word_1_217' title='bbox 1084 2467 1143 2523; x_wconf 87' lang='lat' dir='ltr'><strong>vini</strong></span> 
     </span>
     <span class='ocr_line' id='line_1_27' title="bbox 153 2548 834 2625; baseline 0 -19"><span class='ocrx_word' id='word_1_218' title='bbox 153 2557 287 2625; x_wconf 87' lang='lat' dir='ltr'><strong>quantum</strong></span> <span class='ocrx_word' id='word_1_219' title='bbox 306 2549 376 2606; x_wconf 90' lang='lat' dir='ltr'><strong>satis</strong></span> <span class='ocrx_word' id='word_1_220' title='bbox 392 2548 486 2608; x_wconf 87' lang='lat' dir='ltr'><strong>estad</strong></span> <span class='ocrx_word' id='word_1_221' title='bbox 505 2548 647 2623; x_wconf 78' lang='lat' dir='ltr'><strong>myrrham</strong></span> <span class='ocrx_word' id='word_1_222' title='bbox 663 2548 834 2608; x_wconf 91' lang='lat' dir='ltr'><strong>diluendam.</strong></span> 
     </span>
    </p>

    <p class='ocr_par' dir='ltr' id='par_1_5' title="bbox 215 2629 1144 2712">
     <span class='ocr_line' id='line_1_28' title="bbox 215 2629 1144 2712; baseline 0 -21"><span class='ocrx_word' id='word_1_223' title='bbox 215 2634 243 2691; x_wconf 88' lang='lat'><strong>7.</strong></span> <span class='ocrx_word' id='word_1_224' title='bbox 268 2629 325 2689; x_wconf 91' lang='lat' dir='ltr'><strong>Ubi</strong></span> <span class='ocrx_word' id='word_1_225' title='bbox 346 2646 417 2690; x_wconf 85' lang='lat' dir='ltr'><strong>vero</strong></span> <span class='ocrx_word' id='word_1_226' title='bbox 433 2633 549 2709; x_wconf 86' lang='lat' dir='ltr'><strong>gravius</strong></span> <span class='ocrx_word' id='word_1_227' title='bbox 566 2632 669 2710; x_wconf 88' lang='lat' dir='ltr'><strong>aliquis</strong></span> <span class='ocrx_word' id='word_1_228' title='bbox 684 2632 781 2692; x_wconf 91' lang='lat' dir='ltr'><strong>audire</strong></span> <span class='ocrx_word' id='word_1_229' title='bbox 797 2634 910 2710; x_wconf 89' lang='lat' dir='ltr'><strong>coepit,</strong></span> <span class='ocrx_word' id='word_1_230' title='bbox 928 2633 1005 2712; x_wconf 87' lang='lat' dir='ltr'><strong>quod</strong></span> <span class='ocrx_word' id='word_1_231' title='bbox 1019 2633 1144 2691; x_wconf 87' lang='lat' dir='ltr'><strong>maxime</strong></span> 
     </span>
    </p>

    <p class='ocr_par' dir='ltr' id='par_1_6' title="bbox 135 2714 1176 3546">
     <span class='ocr_line' id='line_1_29' title="bbox 135 2714 1143 2795; baseline -0.002 -20"><span class='ocrx_word' id='word_1_232' title='bbox 135 2724 220 2794; x_wconf 49' lang='lat' dir='ltr'><strong>*post</strong></span> <span class='ocrx_word' id='word_1_233' title='bbox 245 2714 350 2791; x_wconf 84' lang='lat' dir='ltr'><strong>longos</strong></span> <span class='ocrx_word' id='word_1_234' title='bbox 376 2717 479 2795; x_wconf 83' lang='lat' dir='ltr'><strong>capitis</strong></span> <span class='ocrx_word' id='word_1_235' title='bbox 506 2716 624 2776; x_wconf 88' lang='lat' dir='ltr'><strong>dolores</strong></span> <span class='ocrx_word' id='word_1_236' title='bbox 646 2718 764 2775; x_wconf 89' lang='lat' dir='ltr'><strong>evenire</strong></span> <span class='ocrx_word' id='word_1_237' title='bbox 791 2718 958 2791; x_wconf 85' lang='lat' dir='ltr'><strong>consuevit,</strong></span> <span class='ocrx_word' id='word_1_238' title='bbox 991 2717 1018 2774; x_wconf 94' lang='lat' dir='ltr'><strong>in</strong></span> <span class='ocrx_word' id='word_1_239' title='bbox 1044 2717 1143 2794; x_wconf 89' lang='lat' dir='ltr'><strong>primis</strong></span> 
     </span>
     <span class='ocr_line' id='line_1_30' title="bbox 152 2799 1176 2880; baseline 0.003 -22"><span class='ocrx_word' id='word_1_240' title='bbox 152 2816 250 2859; x_wconf 90' lang='lat' dir='ltr'><strong>aurern</strong></span> <span class='ocrx_word' id='word_1_241' title='bbox 271 2800 363 2877; x_wconf 83' lang='lat' dir='ltr'><strong>ipsam</strong></span> <span class='ocrx_word' id='word_1_242' title='bbox 385 2800 572 2860; x_wconf 90' lang='lat' dir='ltr'><strong>considerare</strong></span> <span class='ocrx_word' id='word_1_243' title='bbox 594 2809 727 2878; x_wconf 90' lang='lat' dir='ltr'><strong>oportet:</strong></span> <span class='ocrx_word' id='word_1_244' title='bbox 749 2799 902 2880; x_wconf 90' lang='lat' dir='ltr'><strong>apparebit</strong></span> <span class='ocrx_word' id='word_1_245' title='bbox 918 2800 992 2859; x_wconf 90' lang='lat' dir='ltr'><strong>enim</strong></span> <span class='ocrx_word' id='word_1_246' title='bbox 1012 2808 1060 2858; x_wconf 85' lang='lat' dir='ltr'><strong>aut</strong></span> <span class='ocrx_word' id='word_1_247' title='bbox 1078 2818 1176 2861; x_wconf 84' lang='lat' dir='ltr'><strong>cru-so</strong></span> 
     </span>
     <span class='ocr_line' id='line_1_31' title="bbox 152 2882 1143 2962; baseline -0.002 -19"><span class='ocrx_word' id='word_1_248' title='bbox 152 2892 213 2961; x_wconf 85' lang='lat' dir='ltr'><strong>sta,</strong></span> <span class='ocrx_word' id='word_1_249' title='bbox 239 2882 331 2962; x_wconf 88' lang='lat' dir='ltr'><strong>qualis</strong></span> <span class='ocrx_word' id='word_1_250' title='bbox 353 2902 441 2962; x_wconf 85' lang='lat' dir='ltr'><strong>super</strong></span> <span class='ocrx_word' id='word_1_251' title='bbox 463 2884 562 2942; x_wconf 84' lang='lat' dir='ltr'><strong>ulcera</strong></span> <span class='ocrx_word' id='word_1_252' title='bbox 578 2885 748 2960; x_wconf 88' lang='lat' dir='ltr'><strong>innascitur,</strong></span> <span class='ocrx_word' id='word_1_253' title='bbox 772 2893 819 2942; x_wconf 90' lang='lat' dir='ltr'><strong>aut</strong></span> <span class='ocrx_word' id='word_1_254' title='bbox 835 2883 961 2942; x_wconf 88' lang='lat' dir='ltr'><strong>sordium</strong></span> <span class='ocrx_word' id='word_1_255' title='bbox 977 2885 1079 2942; x_wconf 87' lang='lat' dir='ltr'><strong>coitus.</strong></span> <span class='ocrx_word' id='word_1_256' title='bbox 1111 2884 1143 2941; x_wconf 88' lang='lat' dir='ltr'><strong>Si</strong></span> 
     </span>
     <span class='ocr_line' id='line_1_32' title="bbox 152 2966 1142 3043; baseline -0.003 -15"><span class='ocrx_word' id='word_1_257' title='bbox 152 2977 247 3028; x_wconf 88' lang='lat' dir='ltr'><strong>crusta</strong></span> <span class='ocrx_word' id='word_1_258' title='bbox 271 2976 331 3043; x_wconf 86' lang='lat' dir='ltr'><strong>cst,</strong></span> <span class='ocrx_word' id='word_1_259' title='bbox 360 2967 562 3027; x_wconf 84' lang='lat' dir='ltr'><strong>infundendum</strong></span> <span class='ocrx_word' id='word_1_260' title='bbox 589 2977 633 3027; x_wconf 87' lang='grc' dir='ltr'><strong>εει</strong></span> <span class='ocrx_word' id='word_1_261' title='bbox 658 2977 705 3027; x_wconf 87' lang='lat' dir='ltr'><strong>aut</strong></span> <span class='ocrx_word' id='word_1_262' title='bbox 731 2967 826 3026; x_wconf 89' lang='lat' dir='ltr'><strong>oleum</strong></span> <span class='ocrx_word' id='word_1_263' title='bbox 846 2966 983 3043; x_wconf 89' lang='lat' dir='ltr'><strong>calidum,</strong></span> <span class='ocrx_word' id='word_1_264' title='bbox 1009 2976 1058 3026; x_wconf 87' lang='lat' dir='ltr'><strong>aut</strong></span> <span class='ocrx_word' id='word_1_265' title='bbox 1079 2984 1142 3026; x_wconf 90' lang='lat' dir='ltr'><strong>oum</strong></span> 
     </span>
     <span class='ocr_line' id='line_1_33' title="bbox 151 3051 1141 3129; baseline -0.001 -19"><span class='ocrx_word' id='word_1_266' title='bbox 151 3052 237 3111; x_wconf 92' lang='lat' dir='ltr'><strong>melle</strong></span> <span class='ocrx_word' id='word_1_267' title='bbox 262 3068 391 3127; x_wconf 88' lang='lat' dir='ltr'><strong>aerugo,</strong></span> <span class='ocrx_word' id='word_1_268' title='bbox 413 3052 461 3110; x_wconf 92' lang='lat' dir='ltr'><strong>vel</strong></span> <span class='ocrx_word' id='word_1_269' title='bbox 484 3052 563 3129; x_wconf 92' lang='lat' dir='ltr'><strong>porri</strong></span> <span class='ocrx_word' id='word_1_270' title='bbox 587 3070 707 3127; x_wconf 86' lang='lat' dir='ltr'><strong>succus,</strong></span> <span class='ocrx_word' id='word_1_271' title='bbox 730 3060 777 3110; x_wconf 89' lang='lat' dir='ltr'><strong>aut</strong></span> <span class='ocrx_word' id='word_1_272' title='bbox 799 3069 862 3109; x_wconf 87' lang='lat' dir='ltr'><strong>cum</strong></span> <span class='ocrx_word' id='word_1_273' title='bbox 882 3051 977 3111; x_wconf 92' lang='lat' dir='ltr'><strong>mulso</strong></span> <span class='ocrx_word' id='word_1_274' title='bbox 992 3052 1057 3109; x_wconf 88' lang='lat' dir='ltr'><strong>nitri</strong></span> <span class='ocrx_word' id='word_1_275' title='bbox 1072 3068 1141 3129; x_wconf 92' lang='lat' dir='ltr'><strong>pau·</strong></span> 
     </span>
     <span class='ocr_line' id='line_1_34' title="bbox 151 3133 1142 3213; baseline -0.003 -19"><span class='ocrx_word' id='word_1_276' title='bbox 151 3135 221 3194; x_wconf 91' lang='lat' dir='ltr'><strong>lum:</strong></span> <span class='ocrx_word' id='word_1_277' title='bbox 244 3143 330 3213; x_wconf 82' lang='lat' dir='ltr'><strong>atque</strong></span> <span class='ocrx_word' id='word_1_278' title='bbox 351 3135 398 3193; x_wconf 90' lang='lat' dir='ltr'><strong>ubi</strong></span> <span class='ocrx_word' id='word_1_279' title='bbox 416 3143 511 3193; x_wconf 89' lang='lat' dir='ltr'><strong>crusta</strong></span> <span class='ocrx_word' id='word_1_280' title='bbox 531 3152 546 3192; x_wconf 94' lang='lat' dir='ltr'><strong>a</strong></span> <span class='ocrx_word' id='word_1_281' title='bbox 562 3151 689 3213; x_wconf 90' lang='lat' dir='ltr'><strong>corpore</strong></span> <span class='ocrx_word' id='word_1_282' title='bbox 699 3136 759 3210; x_wconf 88' lang='lat' dir='ltr'><strong>jam</strong></span> <span class='ocrx_word' id='word_1_283' title='bbox 774 3133 902 3209; x_wconf 87' lang='lat' dir='ltr'><strong>recedit,</strong></span> <span class='ocrx_word' id='word_1_284' title='bbox 926 3133 1050 3195; x_wconf 89' lang='lat' dir='ltr'><strong>eluenda</strong></span> <span class='ocrx_word' id='word_1_285' title='bbox 1064 3135 1142 3193; x_wconf 86' lang='lat' dir='ltr'><strong>auris</strong></span> 
     </span>
     <span class='ocr_line' id='line_1_35' title="bbox 152 3218 1176 3296; baseline -0.003 -18"><span class='ocrx_word' id='word_1_286' title='bbox 152 3236 224 3296; x_wconf 87' lang='lat' dir='ltr'><strong>aqua</strong></span> <span class='ocrx_word' id='word_1_287' title='bbox 249 3218 346 3295; x_wconf 90' lang='lat' dir='ltr'><strong>tepida</strong></span> <span class='ocrx_word' id='word_1_288' title='bbox 369 3226 428 3284; x_wconf 86' lang='lat' dir='ltr'><strong>est;</strong></span> <span class='ocrx_word' id='word_1_289' title='bbox 452 3235 509 3295; x_wconf 91' lang='lat' dir='ltr'><strong>quo</strong></span> <span class='ocrx_word' id='word_1_290' title='bbox 531 3218 644 3277; x_wconf 90' lang='lat' dir='ltr'><strong>laoilius</strong></span> <span class='ocrx_word' id='word_1_291' title='bbox 667 3237 702 3279; x_wconf 92' lang='lat' dir='ltr'><strong>ea</strong></span> <span class='ocrx_word' id='word_1_292' title='bbox 723 3237 777 3296; x_wconf 86' lang='lat' dir='ltr'><strong>per</strong></span> <span class='ocrx_word' id='word_1_293' title='bbox 798 3237 830 3277; x_wconf 88' lang='lat' dir='ltr'><strong>se</strong></span> <span class='ocrx_word' id='word_1_294' title='bbox 854 3218 967 3277; x_wconf 87' lang='lat' dir='ltr'><strong>diducta</strong></span> <span class='ocrx_word' id='word_1_295' title='bbox 984 3218 1176 3278; x_wconf 77' lang='lat' dir='ltr'><strong>oricularioaa</strong></span> 
     </span>
     <span class='ocr_line' id='line_1_36' title="bbox 150 3300 1141 3380; baseline -0.001 -19"><span class='ocrx_word' id='word_1_296' title='bbox 150 3300 275 3380; x_wconf 91' lang='lat' dir='ltr'><strong>specillo</strong></span> <span class='ocrx_word' id='word_1_297' title='bbox 291 3300 482 3379; x_wconf 89' lang='lat' dir='ltr'><strong>protrabatur.</strong></span> <span class='ocrx_word' id='word_1_298' title='bbox 502 3302 532 3361; x_wconf 83' lang='lat' dir='ltr'><strong>st</strong></span> <span class='ocrx_word' id='word_1_299' title='bbox 551 3301 674 3378; x_wconf 84' lang='lat' dir='ltr'><strong>sordes,</strong></span> <span class='ocrx_word' id='word_1_300' title='bbox 691 3320 803 3380; x_wconf 90' lang='lat' dir='ltr'><strong>eaeque</strong></span> <span class='ocrx_word' id='word_1_301' title='bbox 818 3302 923 3361; x_wconf 89' lang='lat' dir='ltr'><strong>molles</strong></span> <span class='ocrx_word' id='word_1_302' title='bbox 938 3312 1019 3377; x_wconf 89' lang='lat' dir='ltr'><strong>suut,</strong></span> <span class='ocrx_word' id='word_1_303' title='bbox 1037 3301 1141 3360; x_wconf 91' lang='lat' dir='ltr'><strong>eodem</strong></span> 
     </span>
     <span class='ocr_line' id='line_1_37' title="bbox 150 3384 1142 3463; baseline -0.001 -19"><span class='ocrx_word' id='word_1_304' title='bbox 150 3384 275 3463; x_wconf 93' lang='lat' dir='ltr'><strong>specillo</strong></span> <span class='ocrx_word' id='word_1_305' title='bbox 298 3385 466 3444; x_wconf 84' lang='lat' dir='ltr'><strong>eximendae</strong></span> <span class='ocrx_word' id='word_1_306' title='bbox 489 3395 568 3445; x_wconf 89' lang='lat' dir='ltr'><strong>sunt:</strong></span> <span class='ocrx_word' id='word_1_307' title='bbox 595 3393 624 3444; x_wconf 90' lang='lat' dir='ltr'><strong>at</strong></span> <span class='ocrx_word' id='word_1_308' title='bbox 644 3387 668 3443; x_wconf 93' lang='lat' dir='ltr'><strong>si</strong></span> <span class='ocrx_word' id='word_1_309' title='bbox 691 3385 779 3445; x_wconf 88' lang='lat' dir='ltr'><strong>durae</strong></span> <span class='ocrx_word' id='word_1_310' title='bbox 801 3395 882 3460; x_wconf 88' lang='lat' dir='ltr'><strong>sunt,</strong></span> <span class='ocrx_word' id='word_1_311' title='bbox 906 3395 1016 3446; x_wconf 85' lang='lat' dir='ltr'><strong>acetum</strong></span> <span class='ocrx_word' id='word_1_312' title='bbox 1033 3394 1063 3445; x_wconf 88' lang='grc' dir='ltr'><strong>ει</strong></span> <span class='ocrx_word' id='word_1_313' title='bbox 1078 3404 1142 3444; x_wconf 90' lang='lat' dir='ltr'><strong>eum</strong></span> 
     </span>
     <span class='ocr_line' id='line_1_38' title="bbox 151 3468 1142 3546; baseline 0.002 -19"><span class='ocrx_word' id='word_1_314' title='bbox 151 3484 186 3527; x_wconf 93' lang='lat' dir='ltr'><strong>eo</strong></span> <span class='ocrx_word' id='word_1_315' title='bbox 212 3468 277 3526; x_wconf 89' lang='lat' dir='ltr'><strong>nitri</strong></span> <span class='ocrx_word' id='word_1_316' title='bbox 300 3468 414 3544; x_wconf 91' lang='lat' dir='ltr'><strong>paulum</strong></span> <span class='ocrx_word' id='word_1_317' title='bbox 438 3468 649 3544; x_wconf 89' lang='lat' dir='ltr'><strong>conjiciendum</strong></span> <span class='ocrx_word' id='word_1_318' title='bbox 665 3478 723 3537; x_wconf 82' lang='lat' dir='ltr'><strong>esl;</strong></span> <span class='ocrx_word' id='word_1_319' title='bbox 746 3486 887 3546; x_wconf 85' lang='lat' dir='ltr'><strong>quumque</strong></span> <span class='ocrx_word' id='word_1_320' title='bbox 904 3469 1051 3529; x_wconf 86' lang='lat' dir='ltr'><strong>emollitae</strong></span> <span class='ocrx_word' id='word_1_321' title='bbox 1067 3478 1142 3545; x_wconf 88' lang='lat' dir='ltr'><strong>sunt,</strong></span> 
     </span>
    </p>
   </div>
   <div class='ocr_carea' id='block_1_3' title="bbox 0 0 1212 3924">
    <p class='ocr_par' dir='ltr' id='par_1_7' title="bbox 0 0 1212 3924">
     <span class='ocr_line' id='line_1_39' title="bbox 0 0 1212 3924; baseline 0 1"><span class='ocrx_word' id='word_1_322' title='bbox 0 0 1212 3924; x_wconf 95' lang='lat' dir='ltr'><strong> </strong></span> 
     </span>
    </p>
   </div>
  </div>
 </body>
</html>
