2414 3924
142 215 203 278 180
255 246 258 251 <
434 225 467 271 A.
482 223 513 272 c.
531 224 630 273 censu
645 224 840 273 uunrcuuas

141 380 315 455 chalcitidis,
331 377 509 455 singulorum
522 396 550 457 p.
567 379 623 458 )·(.
639 393 675 438 11.
692 378 793 455 aloes,
813 380 902 455 turis,
918 379 1049 439 aluminis
1065 381 1139 440 scis-

140 464 219 539 silis,
235 463 413 540 singulorum
424 479 453 540 p.
469 461 526 540 )·(.
544 475 590 520 1v.
606 461 830 539 aristolochiae,
844 462 942 540 gallae
956 465 1138 542 immaturae,

141 547 319 625 singulorum
335 564 363 624 p.
379 545 436 623 )·(.
456 558 529 603 vm.
545 544 685 606 malicorii
702 547 817 606 contriti
832 563 862 624 p.
876 546 934 625 )·(.
952 561 986 606 x.

204 632 234 691 4.
259 628 312 689 Est
327 628 445 703 ludaei,
461 630 557 706 inqua
571 628 738 688 suntoalcis
751 638 851 707 partes
864 630 954 706 duae,
970 630 1036 689 nitri
1052 649 1139 710 quam

141 714 293 776 ruberrimi
312 729 380 790 pars
394 714 493 771 tertia:
513 729 587 790 quae
601 713 681 771 urina
702 712 859 789 impuberis
877 715 959 791 pueri
981 723 1161 792 coguntur,s

141 799 236 859 donec
252 797 411 872 strigmenti
427 795 588 854 crassitudo
610 796 655 854 sit.
694 794 753 854 Sed
776 795 897 855 subinde
919 798 943 855 is
967 797 1068 874 locus,
1092 800 1140 858 cui

140 883 170 943 id
184 881 318 953 illinitur,
334 878 570 938 madefaciendus
586 887 639 937 est.

203 966 232 1025 5.
249 963 288 1023 At
299 963 403 1037 Jollas,
418 962 535 1022 chartae
548 962 725 1036 combustae,
739 961 946 1039 sandarachae,
958 964 1140 1040 singulorum

143 1067 171 1128 p.
186 1048 243 1127 )·(.
257 1061 279 1106 1.
295 1046 384 1106 calcis
400 1064 428 1124 p.
445 1045 501 1124 )·(.
524 1059 559 1104 11.
582 1046 782 1123 auripigmenti
797 1046 971 1106 tantumdem
985 1047 1138 1109 miscebat.

206 1132 234 1193 6.
259 1132 290 1189 Si
312 1147 383 1188 vero
407 1148 445 1188 ex
465 1129 647 1204 membrana,
676 1145 751 1207 quae
779 1147 867 1209 super
898 1129 1052 1189 cerebrum
1081 1141 1173 1209 est,ro

143 1213 260 1293 prclluit
275 1214 409 1289 sanguis,
425 1212 542 1272 vitellus
558 1213 724 1271 combustus
747 1220 776 1270 et
792 1213 931 1273 contritus
945 1215 1076 1292 inspergi
1088 1215 1139 1276 de·

142 1298 208 1357 bet:
234 1297 258 1353 si
284 1296 341 1355 alio
365 1297 433 1357 loco
459 1297 605 1373 sanguinis
633 1294 804 1374 profluvium
834 1305 895 1371 est,
924 1297 1139 1378 auripigmenti,

143 1397 280 1459 squamae
296 1381 387 1456 aeris,
407 1380 584 1457 singulorum
601 1397 628 1457 p.
644 1379 703 1459 )·(.
724 1392 745 1437 1.
764 1379 960 1439 sandarachae
977 1398 1005 1458 p.
1020 1382 1079 1460 )·(.
1102 1396 1138 1443 11.

142 1465 292 1524 marmoris
311 1465 388 1523 cocti
399 1482 427 1542 p.
448 1463 505 1542 )·(.
527 1476 572 1522 lv.
604 1460 713 1522 Eadem
729 1479 834 1522 cancro
851 1481 967 1542 quoque
983 1464 1138 1525 obsistunt.

143 1547 189 1607 Ad
210 1547 397 1606 inducendam
420 1548 598 1621 cicatricem,
621 1563 758 1624 squamae
780 1549 872 1622 aeris,
903 1549 973 1606 turis
994 1547 1135 1625 fuliginis,
1150 1569 1173 1609 ru

143 1631 320 1708 singulorum
336 1649 364 1708 p.
380 1629 436 1710 )·(.
452 1644 488 1690 11.
505 1631 594 1690 calcis
612 1648 639 1707 p.
656 1631 711 1708 )·(.
728 1642 773 1688 lv.
801 1629 909 1690 Eadem
925 1631 1140 1692 increscentem

143 1733 260 1795 quoque
277 1733 392 1775 carnem
415 1724 563 1775 coercent.

205 1801 234 1860 7.
266 1797 400 1858 Timaeus
428 1807 522 1857 autem
547 1799 582 1858 ad
611 1799 705 1878 ignem
735 1815 848 1857 sacrum
872 1797 966 1858 ethis
988 1798 1137 1859 utebatur:

143 1883 277 1960 myrrhae
305 1902 333 1961 p.
361 1880 417 1960 )·(.
445 1895 481 1941 11.
509 1883 601 1958 turis,
632 1881 781 1942 atramenti
807 1881 923 1957 sutorii,
958 1883 1138 1959 singulorum

144 1986 172 2047 p.
188 1968 245 2048 )·(.
266 1980 317 2026 111.
337 1965 549 2037 sandarachae,
568 1966 785 2045 auripigmenti,
807 1981 945 2042 squamae
962 1964 1057 2044 a'eris,
1081 1969 1172 2028 sin-ac

142 2052 275 2129 gulcrum
300 2069 330 2128 p.
352 2049 408 2129 )·(.
430 2063 475 2108 tv.
497 2050 595 2126 gallae
616 2069 644 2128 p.
666 2050 722 2129 )·(.
737 2060 784 2107 vt.
807 2066 946 2107 cerussae
968 2049 1139 2110 combustae

143 2154 172 2214 p.
190 2134 321 2215 )·(.vlfl.
349 2131 391 2191 Ea
407 2132 455 2190 vel
471 2134 550 2192 arida
567 2134 717 2211 inspersa,
741 2131 789 2190 vel
805 2130 893 2190 melle
913 2143 1038 2210 excepta
1061 2134 1139 2194 idem

165 2227 302 2279 raestant.

144 2237 163 2298 p
206 2302 234 2362 8.
260 2302 490 2360 Sternutamenta
511 2315 582 2356 vero
603 2299 652 2357 vel
680 2298 747 2358 albo
775 2309 908 2373 veratro,
938 2299 986 2357 rel
1015 2301 1138 2361 struthio

144 2387 280 2459 conjecto
297 2385 325 2441 in
341 2401 427 2441 nares
440 2380 616 2458 excitantur,
633 2382 681 2442 rel
697 2382 741 2442 his
757 2382 868 2441 mixtis:
883 2382 1010 2460 piperis,
1029 2387 1139 2444 veratri
1148 2403 1174 2443 au

143 2466 218 2542 albi,
234 2467 414 2542 singulorum
430 2483 458 2543 p.
474 2465 530 2546 )·(.
549 2485 573 2528 a.
590 2466 717 2527 castorei
733 2483 760 2543 p.
777 2464 834 2542 )·(.
850 2479 872 2524 ῐ.
891 2483 1012 2543 spumae
1025 2468 1092 2527 nitri
1109 2486 1138 2545 p.

142 2548 200 2630 )·(.
215 2563 238 2609 1.
254 2550 366 2608 struthii
382 2568 409 2628 p.
426 2548 482 2628 )·(.
504 2564 550 2614 uu.

207 2634 237 2695 9.
256 2632 508 2710 Gargarizationes
531 2644 624 2694 autem
646 2643 693 2693 aut
714 2633 848 2694 laevaudi
872 2650 958 2693 causa
982 2633 1069 2708 liunt,
1092 2643 1140 2693 aut

144 2717 335 2794 reprimendi,
351 2728 399 2778 aut
413 2719 562 2779 evocandi.
586 2717 713 2777 Laevant
728 2718 790 2792 lac,
809 2733 924 2777 cremor
934 2715 983 2775 vel
996 2717 1138 2794 ptisanae,

144 2802 191 2861 rel
207 2800 361 2862 iurlurum:
380 2803 508 2881 reprimit
520 2821 610 2880 aqua,
631 2803 728 2879 inqua
750 2800 799 2859 vel
818 2800 970 2874 lenticula,
992 2800 1040 2859 vel
1061 2816 1174 2877 rosnae

144 2885 192 2945 vel
204 2885 308 2963 rubus,
324 2887 370 2946 vel
385 2897 538 2947 cotoneum
554 2886 673 2960 malum,
692 2884 740 2944 vel
756 2883 900 2962 palmulae
912 2885 1054 2944 decoctae
1064 2884 1138 2945 sint:

145 2979 269 3030 evocant
288 2973 396 3050 sinapi,
412 2973 506 3049 piper.

448 3154 631 3216 OAPU'I*
665 3151 831 3212 XXIII.

341 3278 377 3326 De
395 3276 528 3336 antidotis,
544 3282 568 3325 et
585 3276 675 3339 quibus
691 3273 764 3324 malis
783 3273 942 3338 opitulentur.

209 3397 344 3457 Antidota
362 3413 444 3470 raro,
466 3394 517 3454 sed
533 3393 689 3471 praecipue
711 3392 852 3451 interdum
873 3390 1040 3450 necessaria
1063 3397 1175 3463 snut,as

147 3483 210 3560 quia
227 3480 405 3557 gravissimis
424 3478 540 3565 casibus
556 3475 739 3554 opitulantur.
772 3473 814 3534 Ea
829 3483 911 3534 recte
938 3473 1053 3550 quidem
1072 3471 1140 3531 dan·
