2414 3924
457 204 695 269 -119-

27 418 33 431 ,
63 352 178 412 vesicae
211 349 353 428 porcinae
388 348 550 429 alligatum,
587 367 646 410 non
679 351 768 411 nimis
799 352 926 413 interius
958 352 1011 414 sed
1047 353 1079 412 in

63 447 153 519 caput
175 445 301 499 naturae
328 438 434 498 inicies
461 439 609 499 cervinam
633 437 792 499 medullam
817 441 920 501 susino
943 439 1008 501 oleo
1032 459 1079 503 re·

62 527 192 589 solutam
219 534 271 586 aut
302 524 444 606 butyrum
471 543 577 588 recens
604 534 655 587 aut
683 527 798 607 adipem
831 529 1003 591 anserinum
1033 528 1080 590 rol

62 614 268 695 gallinaceum.
309 613 474 675 adhibenda
489 611 586 676 ‘etiam
609 615 821 677 encatbismata
844 633 880 676 cx
903 616 1078 678 decoctione

62 720 202 765 rosarum
233 701 392 763 lenticulae
422 711 535 784 myrtae
563 701 632 764 rubi
662 703 780 766 lentisci
811 703 858 764 vel
889 704 936 767 his
967 707 1078 766 virtute
1105 716 1120 757 ⁵

62 791 214 854 similium.
251 790 459 870 apponendum
479 793 567 852 etiam
587 799 617 852 et
635 790 682 853 dia
699 793 781 854 iteon
805 792 997 871 emplastrum
1016 796 1078 854 sive

62 879 135 942 illud
169 879 420 941 medicamentum
457 879 537 959 quod
569 897 675 959 graece
708 879 868 942 eberbaros
904 881 1079 963 appellatur,

62 967 189 1031 renibus
211 976 242 1029 et
263 969 376 1047 pectini
399 985 552 1049 praeraso,
575 975 627 1029 aut
648 969 788 1030 tinicinen
810 987 899 1048 quam
922 969 1078 1031 Galenus

61 1059 93 1117 in
116 1055 204 1117 libris
229 1054 459 1135 emplastrorum
481 1074 558 1136 quos
580 1064 644 1117 cata
664 1064 742 1136 'gene
761 1056 921 1138 appellant,
944 1065 1078 1120 nostram

61 1145 109 1206 dia
129 1143 290 1206 chalciteos
309 1145 479 1206 nominarit.
509 1145 684 1224 proliciente
703 1153 802 1207 autem
823 1149 985 1209 curationis
1003 1155 1119 1209 tem-1⁰

60 1251 135 1314 pore
160 1240 251 1293 erunt
280 1235 311 1293 in
334 1232 401 1293 cibo
425 1232 514 1294 dandi
536 1234 616 1294 suini
637 1231 724 1315 pedis
745 1252 919 1314 mucrones,
947 1235 1077 1298 testiculi

60 1321 173 1383 madidi
196 1338 233 1381 ex
256 1337 332 1399 aqua
354 1328 385 1382 et
407 1320 565 1382 cerebrum
588 1330 731 1402 assatum,
759 1320 795 1382 de
820 1323 954 1402 piscibus
977 1333 1076 1386 autem

60 1409 237 1489 torpedines
275 1407 358 1469 esebi
390 1426 545 1490 murenae,
581 1408 618 1470 de
655 1412 752 1488 pomis
789 1429 859 1472 vcro
892 1431 965 1474 urae
1002 1412 1077 1474 mala

59 1497 188 1577 cydonia
220 1505 342 1574 granata
373 1506 403 1559 et
434 1497 481 1558 his
512 1499 622 1560 virtute
654 1498 769 1559 similia.
822 1498 952 1561 dandum
987 1503 1077 1562 etiam

59 1588 173 1648 ieiunis
199 1583 310 1663 aliquid
338 1584 447 1647 sorbile
476 1585 555 1664 quod
583 1587 740 1648 humorem
767 1604 866 1648 acrem
896 1597 927 1650 et
956 1598 1077 1652 tenuem
1092 1601 1118 1642 ¹⁵

59 1685 92 1737 et
116 1691 257 1752 asperum
284 1672 379 1735 valeat
405 1673 564 1736 obdulcare
593 1682 623 1736 et
651 1675 834 1736 crassilicare
858 1685 889 1738 et
910 1677 1018 1758 lenire,
1043 1686 1078 1739 ut

59 1770 109 1824 est
132 1761 262 1841 amylum
284 1771 477 1841 procuratum
500 1772 551 1824 aut
573 1763 693 1843 polenta
716 1781 847 1842 exaqua
866 1765 941 1827 elixa
960 1775 1078 1827 etcum

60 1854 131 1912 vino
154 1849 264 1930 nigello
287 1849 441 1911 addulcata
459 1859 510 1912 aut
529 1869 615 1932 oryza
638 1859 690 1913 aut
712 1868 801 1931 grana
820 1855 953 1931 ptisanae
977 1862 1008 1913 et
1030 1853 1077 1913 his

59 1937 179 2000 similia.
222 1937 366 2019 probatur
393 1942 482 2000 etiam
510 1939 574 2000 dari
602 1939 784 2001 sorbendum
812 1940 891 2018 quod
920 1941 1077 2001 coniicitur

59 2030 116 2089 sie.
153 2045 189 2087 ex
209 2026 323 2088 nucleis
341 2028 512 2088 recentibus
532 2036 563 2089 et
581 2031 749 2090 cucumeris
773 2030 885 2089 semine
908 2030 1076 2089 descamato
1090 2043 1118 2083 ao

61 2124 94 2177 et
122 2114 273 2194 amygdala
301 2115 382 2176 dulci
409 2125 439 2177 et
462 2116 556 2195 amylo
580 2136 648 2178 cum
675 2117 751 2177 lacte
779 2118 810 2177 in
834 2135 894 2177 arno
919 2117 1078 2196 diligenter

60 2206 143 2265 tritis
179 2212 210 2264 et
249 2203 355 2265 leviter
396 2208 546 2266 concoctis
588 2205 716 2266 dandum
753 2207 861 2267 ieiunis
903 2225 971 2268 cum
1008 2208 1077 2266 vino

136 2398 150 2444 1
171 2390 263 2446 vesice
281 2391 396 2461 porcine
411 2391 520 2462 oligeto
534 2409 561 2448 c:
580 2392 674 2447 vesica
692 2393 809 2463 porcine
827 2392 948 2463 abigant
956 2410 987 2463 p.
1060 2400 1077 2447 3

59 2461 188 2516 butirum
206 2464 348 2517 recentem
366 2478 407 2531 cp.
480 2462 705 2518 ledhibendnm
718 2480 755 2532 p,
775 2464 877 2518 -dnm
895 2480 917 2519 e.
990 2464 1078 2518 etiam

57 2551 94 2602 p:
113 2535 144 2587 et
162 2548 184 2587 c.
271 2532 428 2588 anoctisme
446 2549 472 2602 e,
491 2535 653 2588 enectusma
667 2550 704 2603 p,
723 2535 917 2589 encetnsmato
930 2540 974 2603 12⁰·
1060 2540 1077 2588 ὁ

61 2603 133 2658 mire
153 2618 176 2668 e,
194 2603 278 2658 mitte
292 2621 324 2672 p.
397 2610 413 2657 6
432 2604 568 2659 similibus
586 2621 627 2672 cp.
700 2603 825 2660 diuiteon
838 2621 873 2673 p,
895 2604 1036 2659 diuciteon
1054 2621 1077 2661 c.

63 2681 181 2744 ignoce
200 2690 227 2740 c,
251 2673 329 2744 greci
346 2680 383 2743 1⁰⁰
396 2677 463 2740 (om.
482 2680 525 2744 p).
634 2673 812 2730 emberbaros
834 2693 867 2743 p,
889 2675 1029 2731 berbanos
1054 2692 1078 2732 c.

61 2751 78 2800 8
98 2747 128 2799 et
146 2761 173 2800 c:
192 2746 243 2800 out
256 2761 286 2813 p.
358 2744 485 2800 fenicene
498 2762 533 2815 p,
552 2744 672 2800 fenicete
690 2762 712 2801 c.
785 2745 913 2815 galienus
932 2762 959 2815 c,
983 2747 1039 2828 gal'
1055 2764 1078 2816 p

60 2819 108 2886 (ε
128 2815 192 2872 oct.
212 2815 319 2883 XIII,
338 2817 413 2885 375).
490 2823 506 2871 9
525 2816 555 2870 in
577 2816 650 2871 libro
670 2815 906 2885 empianstrornm
920 2833 956 2884 p,
973 2816 1080 2872 librum

60 2887 280 2956 emplastromm
298 2902 320 2942 c.
393 2902 463 2956 qnos
484 2902 525 2956 cp.
615 2888 767 2957 octogenos
786 2903 813 2956 c,
838 2903 958 2957 -nesp
976 2887 1077 2956 (Sim).

61 2963 114 3017 nie
129 2958 247 3027 (nostra)
261 2973 303 3025 cp.
379 2962 412 3011 to
427 2959 520 3013 cutem
530 2974 566 3026 p:
580 2957 668 3028 igitur
682 2973 703 3014 c.
769 2963 800 3012 11
817 2957 890 3012 suini
904 2960 938 3027 (c,
953 2957 1036 3012 suelli
1044 2960 1078 3027 p)

62 3028 151 3098 pedes
168 3044 315 3082 mucrones
333 3043 367 3097 cp
385 3027 433 3095 (of.
452 3028 514 3083 Gal.
537 3028 589 3094 VI,
608 3033 682 3095 671).
754 3031 776 3085 l.
790 3044 935 3083 macrones
952 3028 1040 3082 madii
1054 3046 1079 3094 c,

61 3104 83 3154 t.
101 3104 200 3154 acroes
218 3097 361 3166 medidie
378 3098 427 3166 (ef.
447 3099 509 3154 Gal.
535 3098 591 3166 VI,
611 3103 687 3166 676).
797 3105 830 3154 13
849 3115 915 3153 vero
934 3114 961 3154 c:
980 3114 1031 3152 occ.
1047 3115 1085 3167 μ’

61 3186 118 3224 uve
138 3186 179 3239 cp.
268 3175 301 3223 14
320 3169 432 3224 cidonie
450 3186 490 3238 cp.
575 3175 606 3223 15
627 3169 702 3236 quod
716 3185 752 3238 p:
770 3171 804 3223 nl
821 3167 943 3237 occipiat
961 3167 1036 3236 quod
1055 3183 1077 3222 c.

62 3257 173 3296 acerem
196 3256 223 3308 c,
251 3255 346 3295 eorum
365 3257 396 3309 p.
506 3246 539 3296 16
562 3238 644 3294 linire
670 3241 759 3308 cmv:
787 3240 885 3305 henne
903 3255 935 3307 p.
1045 3243 1079 3291 lt

63 3314 131 3380 po(u
144 3312 280 3380 e)leninm
296 3351 302 3364 .
319 3355 325 3366 .
342 3352 348 3364 .
363 3311 467 3366 elixum
490 3327 531 3380 cp.
622 3327 686 3364 enm
705 3326 731 3365 e:
755 3326 806 3367 coe.
823 3326 851 3377 p.
944 3313 976 3363 18
1000 3308 1080 3363 odul-

64 3384 156 3437 eetum
172 3398 197 3450 c,
215 3381 396 3436 obdulentnm
405 3398 435 3450 p.
490 3397 578 3452 grona
589 3398 618 3450 p,
637 3397 725 3451 greum
739 3397 761 3435 e.
834 3385 868 3433 20
887 3381 961 3448 (iton
970 3396 1001 3451 p.
1011 3383 1080 3444 1201

63 3453 92 3519 4)
110 3453 273 3508 &scemate
291 3469 323 3522 p,
342 3453 524 3520 desquamato
544 3468 566 3508 c.
671 3456 704 3504 22
725 3455 754 3506 et
771 3452 912 3506 concoctis
931 3451 1032 3507 leviter
1048 3471 1052 3517 1
