2416 3936
430 231 499 277 um.
515 232 547 278 v.
572 231 647 279 cur.
666 233 762 280 xxvr.
1035 226 1094 288 197

95 389 196 448 ulcere
217 386 265 445 vel
286 390 386 463 nigra,
410 386 458 446 vel
477 385 565 445 livida
581 396 643 463 εει,
668 387 720 447 sed
735 389 814 447 sicca
831 396 859 446 et
877 389 970 458 aridam
995 392 1093 468 proxi-

96 491 199 550 maque
222 472 293 529 cutis
314 472 483 548 plerumque
507 470 653 547 subnigris
676 470 787 549 pusulis
810 471 961 549 impletur:
990 472 1094 534 deiude

94 559 123 617 ei
146 556 276 635 proxima
301 554 348 613 vel
371 554 494 632 pallida,
518 554 565 612 vel
582 553 685 631 livida,
708 554 830 633 fereque
849 574 956 631 rugosa
980 566 1009 616 et
1030 560 1094 618 sine

96 659 182 701 seusu
206 647 265 707 est;
290 638 410 697 ulterior
423 641 451 697 in
466 638 687 699 inflammatione
704 647 763 707 est;
788 640 941 717 omniaque
960 658 994 701 ca
1010 642 1094 708 simul

72 732 231 802 sserpunt,
261 722 343 781 ulcus
372 724 400 780 in
427 722 523 782 locum
550 723 733 799 pusulosum;
768 722 888 801 pusulae
909 727 937 782 in
959 743 1023 784 eum
1045 726 1093 803 qui

96 809 187 888 pallet
206 815 253 865 aut
270 805 353 874 livet;
374 806 469 884 pallor
485 815 532 865 aut
549 806 625 865 livor
640 806 710 866 inid
731 807 808 885 quod
820 807 1018 868 inflammatum
1031 818 1091 876 est;

97 892 280 952 inflammatio
304 892 332 948 in
354 889 383 948 id
406 891 483 968 quod
508 891 650 967 integrum
674 899 736 967 εει,
764 892 874 950 transit.
918 890 997 951 luter
1019 892 1093 953 haec

98 977 202 1036 deinde
217 975 308 1033 febris
327 984 408 1034 acuta
426 975 533 1051 oritur,
550 977 713 1051 ingensque
730 976 811 1033 sitis:
828 976 997 1052 quibusdam
1009 978 1092 1036 etiam

97 1060 227 1119 delirium
250 1059 378 1117 accedit:
403 1059 474 1133 alii,
499 1060 628 1136 quamvis
643 1060 747 1117 mentis
763 1077 831 1118 suae
848 1069 999 1139 compotes
1016 1069 1092 1136 sunt,

63 1162 87 1201 ro
98 1142 284 1204 balbutiendo
310 1150 403 1202 tamen
425 1143 474 1200 vix
497 1161 599 1201 sensus
622 1159 692 1201 snos
713 1142 875 1220 explicant:
899 1146 998 1223 incipit
1015 1143 1092 1203 affici

97 1227 275 1287 stomachus:
299 1227 329 1286 lit
344 1226 423 1285 foedi
442 1228 559 1304 spiritns
575 1228 640 1303 ipse
654 1225 764 1284 odoris.
794 1226 891 1306 Atque
907 1229 1015 1287 initium
1031 1229 1092 1306 qui-

98 1312 162 1371 dem
183 1311 246 1385 ejus
268 1310 333 1369 mali
357 1311 462 1389 recipit
478 1311 668 1370 curationem:
693 1310 739 1369 ubi
756 1329 827 1370 vero
845 1313 959 1389 penitus
976 1310 1092 1389 insedit,

96 1393 255 1454 insanabile
271 1403 329 1463 est;
352 1395 525 1473 plurimique
542 1394 594 1454 sub
612 1393 718 1470 frigido
738 1395 842 1454 sudore
857 1396 1024 1454 moriuntur.

161 1478 210 1539 32.
247 1479 292 1537 nc
318 1478 447 1555 pericula
470 1479 583 1556 quidem
609 1477 759 1537 vulnerum
786 1478 860 1538 haec
887 1488 960 1538 sunt.
1000 1481 1093 1540 Vetus

64 1584 86 1625 rs
97 1574 189 1623 autem
205 1563 287 1622 ulcus
303 1562 446 1641 scalpello
464 1563 673 1622 concidendum
690 1572 749 1639 est,
773 1562 1011 1641 excidendaeque
1030 1564 1093 1637 ejus

97 1666 183 1722 orae,
209 1657 237 1706 et
253 1647 390 1724 quidquid
407 1666 496 1725 super
511 1665 561 1707 eas
577 1647 648 1705 livet
664 1664 757 1724 aeque
773 1647 962 1706 incidendum.
997 1648 1027 1705 Si
1043 1664 1092 1705 va·

97 1731 186 1790 ricula
209 1733 283 1789 intus
304 1739 364 1805 est,
389 1749 462 1808 quae
486 1731 514 1789 id
538 1732 631 1789 sanari
651 1730 804 1807 prohibet,
828 1749 862 1789 ea
880 1748 996 1808 quoque
1013 1732 1092 1788 exci·
1176 1777 1179 1783 ,

97 1814 199 1872 denda.
228 1813 339 1872 Deinde
354 1813 402 1872 ubi
419 1817 537 1891 sanguis
553 1815 691 1890 emimus,
708 1824 900 1891 novatumque
917 1815 1018 1872 vulnus
1037 1821 1091 1890 est,

98 1898 197 1956 eadem
221 1899 330 1956 curatio
347 1897 524 1974 adhibenda,
547 1917 620 1976 quae
635 1900 663 1956 in
678 1898 844 1958 recentibus
861 1897 1027 1956 vulneribus
1043 1915 1091 1956 ex·

62 2004 87 2042 ιο
98 1984 192 2060 posita
217 1989 271 2039 est.
307 1981 337 2038 Si
360 1980 503 2058 scalpello
526 1981 630 2059 aliquis
650 1984 690 2041 uti
705 2001 762 2042 non
777 1983 851 2057 volt,
876 1990 974 2059 potest
989 1998 1092 2039 sanare

97 2066 124 2124 id
149 2063 347 2140 emplastrum,
371 2065 447 2142 quod
469 2083 507 2123 ex
526 2064 629 2125 ladano
652 2067 698 2124 lit:
720 2076 749 2126 et
769 2085 854 2144 quum
876 2066 956 2124 ulcus
978 2064 1031 2124 sub
1056 2081 1092 2123 eo

98 2168 217 2208 exesum
235 2157 294 2223 est,
311 2148 339 2206 id
358 2166 415 2225 quo
433 2149 553 2207 cicatrix
569 2150 711 2209 inducitur
724 2153 774 2228 (ci.
795 2167 857 2227 cap.
882 2147 936 2224 19,
957 2147 978 2223 ς
994 2144 1056 2222 18).

161 2233 211 2293 33.
231 2231 263 2291 ld
280 2241 389 2309 autem,
409 2233 486 2311 quod
503 2228 700 2311 ἐρυσίπελας
715 2235 817 2293 vocari
833 2233 911 2310 dixi,
927 2250 984 2293 non
1000 2231 1091 2290 solum

97 2318 208 2374 volneri
230 2319 436 2395 supervenire,
464 2317 515 2376 sed
538 2319 599 2376 sine
621 2318 678 2377 hoc
697 2336 812 2395 quoque
835 2320 904 2377 oriri
925 2317 1091 2378 consuevit:

61 2411 182 2477 acatque
205 2400 344 2459 interdum
366 2401 528 2478 periculum
563 2404 656 2477 majus
686 2401 783 2468 allert;
838 2403 936 2480 utique
963 2403 987 2459 si
1014 2401 1092 2461 circa

98 2486 228 2543 cervices
256 2494 303 2543 aut
329 2494 416 2563 caput
443 2485 579 2544 constitit.
626 2483 764 2562 Oportet,
791 2487 816 2544 si
839 2487 916 2545 vires
937 2486 1091 2563 patiuntur,

97 2570 261 2645 sanguinem
287 2570 416 2628 mittere:
450 2569 553 2627 deinde
575 2572 724 2645 imponere
749 2570 830 2629 simul
854 2570 1040 2649 reprimentia
1065 2578 1093 2627 et

96 2653 314 2727 refrigerantia:
339 2654 520 2730 maximeque
541 2670 687 2711 cerussam
703 2652 795 2712 solani
811 2673 918 2729 succo,
942 2663 989 2713 aut
1005 2654 1092 2712 cimo-

96 2736 160 2793 liam
189 2744 296 2794 cretam
324 2754 396 2812 aqua
426 2737 544 2814 pluviali
571 2747 738 2815 exceptam,
769 2747 817 2797 aut
838 2757 875 2797 ex
897 2737 996 2797 eadem
1019 2754 1093 2813 aqua

61 2819 244 2878 sosnbactam
261 2818 395 2894 farinam,
414 2838 554 2898 cupresso
571 2819 699 2898 adjecta,
717 2832 780 2896 aut,
799 2823 823 2880 si
839 2823 967 2881 tenerius
985 2838 1093 2897 corpus

96 2913 155 2978 est,
172 2902 344 2962 lenticulam.
368 2902 512 2980 Quidquid
533 2906 694 2982 impositum
717 2914 778 2981 est,
802 2905 887 2964 betae
904 2904 975 2963 folio
993 2913 1091 2961 oonte-

95 2988 218 3063 gendum
241 2995 301 3061 est,
327 2996 355 3044 et
377 3005 465 3064 super
488 2989 636 3048 linteolum
657 2989 761 3065 frigida
779 3005 852 3066 aqua
866 2987 984 3046 madens
1000 2988 1092 3063 impo-

95 3072 226 3130 nendum.
256 3071 286 3129 Si
304 3089 358 3148 per
374 3089 405 3130 εε
421 3071 621 3148 refrigerantia
639 3091 738 3149 parum
755 3072 929 3150 proderunt,
945 3070 1092 3128 miscenda

95 3165 177 3214 erunt
196 3156 253 3215 hoc
269 3155 371 3215 modo:
395 3155 540 3233 sulphuris
556 3175 585 3234 p.
601 3158 657 3235 )-(.
676 3169 698 3213 1.
716 3173 853 3215 cerussae
869 3163 897 3212 et
916 3154 1011 3228 croci,
1036 3154 1091 3210 sin-

60 3264 84 3302 ss
95 3241 227 3316 gulorum
243 3260 271 3318 p.
289 3238 344 3315 )·(.
362 3253 423 3298 XII.
440 3258 463 3303 s.
488 3259 580 3318 eaque
606 3258 668 3298 cum
683 3240 750 3297 vino
768 3236 943 3297 conterenda
959 3246 1039 3311 suot,
1063 3244 1092 3294 et

95 3324 120 3382 id
143 3325 186 3383 his
208 3323 383 3383 illinendum.
424 3323 463 3382 At
483 3325 507 3383 si
533 3324 629 3382 durior
651 3323 735 3381 locus
750 3332 810 3398 est,
828 3322 919 3380 solani
936 3320 1005 3380 folia
1022 3337 1092 3379 con·

95 3408 158 3466 trita
181 3408 282 3467 suillae
306 3409 383 3487 adipi
406 3407 551 3468 miscenda
574 3416 653 3480 sunt,
681 3415 709 3464 et
729 3406 800 3467 illita
821 3404 942 3465 linteolo
960 3404 1091 3482 superin-

92 3490 229 3563 jicienda.
