2414 3924
407 245 476 292 nun.
492 245 566 292 vus.
579 243 653 292 cun.
669 243 833 292 xum-xv.
1027 233 1089 294 355

104 401 244 474 medinm,
261 407 291 458 ει
306 397 415 458 duabus
428 397 640 471 membranulis,
657 413 731 474 quae
746 413 799 474 per
822 395 896 456 duos
919 414 936 456 a
951 395 1089 457 lateribus

106 501 264 563 processus
282 482 428 558 feruntur,
451 490 480 540 et
499 481 612 557 nervis,
628 482 675 558 qui
693 479 854 553 continent,
868 480 972 557 ruptis.
1002 478 1088 540 Exci·

105 569 173 628 dunt
187 575 281 626 antem
297 574 326 625 et
342 566 370 624 in
383 565 576 643 posteriorem
591 571 717 642 partem,
735 569 764 621 et
778 564 807 622 in
823 563 967 641 priorem;
992 571 1021 622 ει
1043 581 1088 623 su·

105 669 157 730 pre
172 658 284 728 septum
302 658 509 724 transversum,
526 655 555 706 et
575 646 658 707 intra.
690 645 722 706 ln
743 654 833 706 utram
847 655 957 724 partem
973 645 1088 707 excide·

72 754 84 791 n
106 735 171 808 rint,
187 752 204 792 a
217 732 379 810 posteriore
396 738 477 809 parte
495 729 541 791 vel
556 739 660 805 tumor,
674 729 722 788 vel
736 730 815 789 sinus
829 731 927 789 oritur.
954 730 985 789 Si
999 748 1088 810 super

104 826 218 894 septum
233 816 262 875 id
277 814 388 885 incidit,
400 831 499 873 manus
514 813 713 888 resolvuntur,
725 813 868 889 vomitus,
890 820 938 872 aut
953 813 1087 874 distentio

103 916 256 959 nervorum
271 899 446 977 insequitur,
462 896 578 975 spiritus
597 895 752 956 diiiiculter
772 905 918 971 movetur,
943 896 1028 956 dolor
1042 916 1086 956 nr·

103 991 170 1060 get,
189 990 219 1041 et
234 1000 319 1042 aures
334 980 454 1041 obtusae
478 989 550 1040 sunt.
581 982 611 1039 Si
629 978 680 1038 suh
698 987 793 1057 septo,
811 979 916 1040 femina
938 979 1086 1040 resolvun-

104 1073 163 1141 tur,
185 1066 265 1125 urina
279 1065 482 1143 supprimitur,
504 1063 645 1123 interdum
664 1062 747 1121 etism
764 1064 826 1122 sine
849 1062 996 1122 voluntate
1018 1081 1085 1141 pro-

70 1150 217 1226 torumpit.
247 1148 294 1208 Ex
310 1145 451 1222 ejusmodi
468 1145 599 1221 casibus,
617 1155 646 1205 nt
660 1145 785 1221 tardius,
807 1164 889 1224 quam
913 1164 950 1205 ex
972 1147 1086 1225 capitis,

103 1233 148 1291 sic
165 1240 259 1290 tamen
274 1232 345 1290 intra
361 1229 482 1290 triduum
494 1229 580 1288 homo
596 1231 722 1289 moritur.
749 1227 820 1288 Nam
836 1229 913 1308 qnod
926 1220 1086 1309 Hippocre-

103 1325 148 1374 tes
163 1313 227 1391 (De
247 1315 336 1375 ertio.
355 1313 445 1388 §473
464 1313 496 1373 Τ.
515 1312 556 1372 lv
572 1330 601 1390 p.
618 1310 695 1390 208)
722 1312 800 1387 dixit,
817 1312 951 1373 vertebra
963 1314 992 1373 in
1006 1323 1086 1374 exte·

102 1399 210 1458 riorem
223 1405 332 1475 partem
347 1394 495 1476 prolapsa,
505 1412 624 1473 pronum
639 1395 781 1454 hominem
796 1395 996 1455 collocandum
1009 1415 1085 1464 esse,

103 1490 132 1540 et
149 1479 374 1554 extendendum,
390 1486 447 1537 tum
463 1478 546 1538 calce
568 1478 691 1557 aliquem
707 1497 796 1556 super
809 1479 901 1556 ipsum
923 1496 957 1539 os
977 1479 1085 1540 debere

70 1582 92 1622 rs
103 1565 276 1638 consistere,
293 1571 323 1622 et
335 1563 362 1622 id
379 1564 452 1621 intus
468 1560 634 1639 impellere:
649 1563 677 1619 in
691 1563 727 1620 iis
737 1561 934 1639 accipiendum
949 1570 1004 1638 est,
1012 1580 1088 1641 quae

101 1646 217 1725 paulum
231 1652 436 1714 excesserunt;
452 1662 509 1705 non
523 1645 552 1703 in
566 1645 616 1719 iis,
634 1661 708 1721 qnae
724 1652 803 1704 totae
819 1644 886 1705 loco
901 1654 995 1705 motae
1010 1655 1084 1705 sunt.

100 1729 316 1807 Nonnumquam
337 1729 411 1788 enim
427 1745 580 1788 nervorum
600 1725 780 1787 imbecillitas
803 1727 909 1802 eflicit,
926 1737 971 1803 ut,
989 1747 1082 1809 quam-

100 1814 144 1871 vis
162 1830 220 1873 non
243 1811 383 1872 exciderit
404 1809 554 1888 vertebra,
576 1810 689 1889 paulum
709 1818 802 1869 tamen
828 1819 876 1870 aut
896 1814 924 1871 in
942 1812 1082 1890 posterio-

100 1914 171 1973 rem,
187 1905 234 1957 aut
249 1896 278 1955 in
295 1896 421 1974 priorem
435 1901 545 1972 partem
566 1894 733 1970 promineat.
765 1892 797 1952 ld
812 1912 869 1953 non
883 1895 1010 1973 jugulat:
1032 1896 1084 1954 sed

65 1979 136 2040 soal)
157 1981 295 2039 interiore
318 1986 399 2056 parte
421 1995 457 2036 ne
481 1978 606 2053 contingi
623 1976 737 2054 quidem
752 1985 863 2054 potest:
886 1977 921 2038 ah
939 1979 1084 2039 exteriore

100 2063 124 2121 si
140 2063 308 2140 propulsum
325 2071 380 2136 εει,
399 2060 566 2139 plerumque
582 2061 684 2119 iterum
699 2059 789 2127 redit;
808 2061 878 2137 nisi,
896 2061 972 2139 quod
987 2060 1084 2120 admo·

99 2143 164 2204 dum
182 2164 276 2205 rarum
295 2154 350 2221 est,
367 2145 411 2203 vis
430 2145 528 2203 nervis
548 2143 680 2202 restituta
698 2153 750 2202 εει.

431 2277 455 2338 O
470 2279 539 2337 ΑΡ
556 2279 585 2338 U
600 2278 628 2336 Τ
667 2278 699 2336 X
716 2275 754 2337 V.

458 2361 495 2410 De
512 2359 616 2410 humero
634 2361 730 2411 luxato.

63 2464 89 2504 rs
161 2443 302 2503 llumerus
317 2450 409 2502 autem
426 2441 511 2501 modo
529 2442 646 2501 inulam
671 2441 793 2515 excidit,
817 2439 902 2501 modo
924 2442 952 2499 in
975 2449 1084 2518 partem

23 2529 29 2538 “
99 2527 233 2603 priorem.
259 2525 296 2595 ,Si
322 2526 349 2582 in
371 2525 443 2583 alam
459 2524 596 2602 delapsus
613 2534 673 2599 est,
698 2523 810 2584 cubitus
831 2523 944 2584 recedit
958 2524 994 2584 al)
1012 2524 1083 2585 late·

98 2628 144 2675 τες
162 2625 272 2666 sursum
288 2607 370 2681 juxta
393 2608 521 2681 ejusdem
536 2608 625 2685 partis
650 2624 747 2666 aurem
763 2626 827 2667 cum
842 2608 960 2668 humero
974 2609 1084 2686 porrigi

98 2706 154 2748 non
170 2697 282 2766 potest:
298 2689 470 2767 longiusque
492 2689 585 2749 altero
607 2691 635 2749 id
656 2689 803 2768 brachium
819 2700 873 2751 est.
904 2694 933 2750 Si
955 2694 982 2750 in
1002 2693 1081 2768 prio·

98 2789 158 2830 rem
178 2780 305 2849 partem,
326 2775 464 2831 summum
485 2772 599 2851 quidem
619 2772 766 2833 brachium
787 2774 964 2849 extenditur,
993 2774 1084 2831 minus

62 2863 193 2916 notamen
210 2871 294 2933 qnam
319 2854 501 2920 naturaliter;
532 2853 734 2933 difficiliusque
755 2857 783 2913 in
813 2857 939 2933 priorem
961 2864 1082 2933 partem,

97 2953 180 3017 qnam
197 2937 225 2994 in
240 2937 433 3014 posteriorem
450 2936 561 2996 cubitus
583 2938 749 3014 porrigitur.
779 2938 885 3014 Igitur,
912 2941 936 2998 si
958 2939 986 2996 in
1010 2937 1082 2997 alam

96 3021 230 3080 humerus
247 3020 368 3094 excidit,
385 3027 414 3078 et
433 3020 479 3079 vel
496 3018 607 3098 puerile
623 3019 715 3079 adhuc
731 3028 776 3078 est
791 3037 915 3098 corpus,
930 3021 979 3080 vel
994 3020 1082 3080 molle

96 3112 194 3179 certe,
217 3110 246 3161 et
267 3102 419 3162 imbecillis
435 3104 532 3162 nervis
549 3103 686 3161 intentum
701 3111 762 3175 est,
785 3104 854 3162 satis
871 3112 915 3163 est
933 3103 1081 3164 collocare

96 3186 123 3247 id
141 3187 168 3245 in
186 3185 288 3254 sedili;
306 3194 336 3245 ει
358 3204 395 3244 ex
407 3186 519 3246 dnobus
534 3185 669 3245 ministris
684 3185 767 3245 alteri
778 3187 933 3264 imperare,
949 3197 978 3248 nt
996 3195 1083 3266 caput

61 3284 86 3324 as
97 3269 147 3329 lati
165 3269 347 3352 scapularum
364 3270 439 3330 ossis
455 3269 559 3329 leniter
571 3268 692 3328 reducat
707 3267 746 3348 ¹);
768 3269 867 3346 alteri,
890 3280 921 3331 ut
935 3269 1081 3332 brachium

164 3397 193 3460 1)
210 3401 309 3465 Hippi.
322 3405 338 3453 t.
349 3404 404 3465 §22
421 3392 563 3470 ἐμβάλλων
578 3393 630 3466 τὴν
644 3391 748 3454 ἑωυτοῦ
764 3396 891 3470 κεφαλὴν
909 3396 1016 3464 terim

94 3479 160 3528 prov
174 3459 346 3532 ἅντερείσιος
362 3463 452 3520 ἕνεκα.
490 3470 562 3530 Quod
580 3469 741 3523 verisimilius
753 3473 859 3522 videtur.

811 3540 873 3600 23*
