2414 3924
527 185 770 250 -206-

157 317 283 373 ustiones
301 335 371 387 quas
394 318 511 375 efelidas
531 321 622 391 (affili-

156 389 208 443 das
226 405 248 455 c,
267 389 396 445 efellidas
410 393 443 460 p)
463 391 561 447 dieunt
579 399 622 448 ⁵13.

138 468 292 545 ἡλίωσιςτ
308 477 446 534 solatione
457 496 525 535 vero
534 482 622 537 utens

155 563 240 672 guam
266 548 367 603 eliosin
390 550 489 606 dicunt
511 557 554 606 54.
584 555 620 622 cf.

178 621 228 672 ael.
248 620 303 674 cbr.
322 626 348 687 4,
370 626 402 675 18
421 626 468 676 ete.

136 697 351 778 ἡμικράνιοςτ
371 709 408 763 ad
428 709 487 764 eins
508 711 553 780 (sc.
574 728 618 767 ca-

153 778 231 848 pitis)
270 778 430 834 medietatis
471 781 618 852 (dolorem)

152 865 236 917 quem
282 850 378 919 (quam
418 852 507 921 codd.)
549 854 617 908 emi·

152 920 308 1002 g(e)ranion
347 924 451 977 vocant
492 929 515 979 1.
567 928 619 980 aut

151 990 239 1061 ipsms
293 993 473 1048 membranae
529 997 617 1064 partis

153 1063 266 1132 (passio)
291 1079 375 1130 qaam
394 1067 526 1120 consuete
549 1067 617 1120 emi-

152 1133 309 1203 g(e)ranion
323 1133 420 1189 dicunt
437 1135 473 1190 ab.
493 1136 530 1190 ad
549 1138 617 1192 emi·

150 1204 307 1273 g(c)ranion
333 1221 400 1261 vero
428 1211 475 1261 etc.
502 1206 540 1261 ib.
583 1224 616 1262 ex

152 1275 330 1330 antecedenti
347 1276 445 1330 dolore
464 1276 553 1332 totius
571 1295 615 1333 ca

150 1345 218 1414 pitis
246 1348 295 1400 aut
323 1347 476 1416 emigranei
509 1350 560 1418 (eie
589 1366 616 1419 9,

150 1415 225 1470 —nii
250 1418 294 1488 cp)
317 1423 360 1472 29.
398 1418 432 1484 cf.
461 1418 506 1473 Pe.
535 1420 614 1475 Pan.

148 1489 215 1542 med.
232 1494 282 1556 1,1
299 1487 614 1560 emigraniaunguntur.

149 1559 185 1612 ad
218 1559 403 1628 emigranium
437 1562 493 1615 cod.
521 1562 614 1617 Bran.

150 1629 200 1684 Tb.
226 1631 313 1685 Prisc.
338 1647 361 1700 p
385 1629 435 1685 93¹)
457 1637 483 1686 et
502 1649 532 1701 p.
556 1639 614 1689 102

147 1701 198 1754 abi
223 1717 288 1755 moe
315 1702 485 1771 emigranius
512 1707 615 1773 pausat

148 1771 238 1828 si...
268 1772 340 1828 Cael.
364 1773 419 1827 etr.
440 1780 469 1842 1,
492 1780 510 1828 4
534 1776 614 1829 dolor

147 1843 299 1897 vehemens
324 1844 426 1913 capitis
447 1846 536 1900 totins
564 1849 614 1901 aut

148 1913 257 1970 dimidii
285 1931 368 1985 quem
397 1919 531 1971 consueto
564 1933 611 1972 no-

145 1986 221 2040 mine
252 1987 453 2041 hemicranium
482 1989 533 2056 (sic
559 1990 611 2058 ed.)

145 2059 256 2111 vocant.
277 2058 369 2112 Marc.
373 2073 404 2127 p.
413 2062 458 2113 38.
467 2061 504 2113 39
513 2059 573 2128 (abi
579 2060 612 2114 cle

146 2129 247 2181 codicis
282 2128 395 2182 lectione
430 2144 488 2183 non
522 2131 612 2200 mays's

146 2199 269 2263 cascar).
315 2200 395 2254 Azeae.
430 2205 458 2268 1,
494 2206 610 2255 45-51

146 2268 332 2338 (emigranens
348 2268 436 2335 dolor,
450 2270 611 2340 emigranea

144 2339 245 2407 passio,
256 2339 465 2409 emigraneam).
479 2341 609 2412 Eacclop.

144 2410 200 2462 chr.
228 2425 250 2463 e.
281 2414 308 2462 1:
336 2409 437 2478 quodsi
461 2411 610 2467 dimidium

144 2480 230 2549 caput
257 2479 393 2546 doluerit,
419 2481 609 2552 emigraneam

143 2550 306 2620 appellatur
328 2553 396 2620 (cod.
420 2552 513 2624 Aug.)
551 2556 608 2610 tro·

144 2621 262 2676 ciscaria
281 2622 451 2693 emigranica
469 2626 505 2679 a.

126 2708 377 2781 θεραπευτικὴε
419 2713 541 2769 Galenus
577 2715 607 2768 in

143 2797 193 2835 aua
206 2781 397 2852 therapeutica
407 2784 460 2840 hoc
475 2786 518 2840 est
526 2785 606 2840 libris

144 2852 318 2907 curationum
338 2861 381 2910 30.

125 2938 294 3011 θρόμβοςε
318 2943 447 3013 glebulas
467 2945 606 3015 (globulos

141 3011 208 3066 Sim.
241 3029 263 3067 s.
294 3018 331 3083 v.)
360 3015 504 3083 sanguinis
536 3033 605 3085 quas

141 3082 242 3138 Graeci
254 3085 379 3139 trombos
394 3086 529 3155 (trumbos
545 3104 604 3142 e=

140 3153 220 3224 Sim.)
245 3156 391 3225 appellant
413 3162 455 3212 30.
489 3158 604 3226 gleboso

140 3227 188 3291 (ul.
213 3226 343 3295 globoso)
363 3227 498 3296 sanguine
521 3246 604 3297 quem

141 3295 241 3349 Graeci
264 3297 394 3352 trombon
420 3300 561 3366 (trumbon
579 3302 603 3369 c)

81 3405 84 3409 ,
140 3367 286 3432 appellant
304 3374 346 3422 46,
384 3370 419 3437 ef.
440 3369 511 3424 Cael.
531 3373 603 3426 Aser.

139 3435 194 3489 chr.
215 3441 239 3503 2,
260 3442 302 3490 12.
335 3444 360 3505 4,
380 3445 414 3494 84
433 3439 522 3508 gelati
540 3458 602 3497 san-

690 324 782 394 guinis
792 328 963 396 corpusculis
977 347 1050 399 quae
1063 329 1153 404 θρόμ-

690 397 758 468 βους
775 397 929 484 appellant.

671 467 949 538 θρομβουμενοςε
973 470 997 524 si
1021 488 1087 527 vero
1110 475 1153 528 ni-

687 537 779 607 gellus
797 537 884 595 fuerit
902 540 1039 611 (sanguis)
1058 545 1087 598 et
1105 562 1152 599 ve-

688 608 742 662 luti
769 608 913 679 glcbcsus,
941 628 1024 680 quem
1052 613 1152 669 Graeci

687 679 762 747 tro(u
771 682 976 749 p)mbnmsnon
989 686 1092 738 vocant
1107 692 1151 739 39.

686 750 722 816 of.
747 748 819 806 Cael.
843 753 913 805 Aur.
937 753 993 807 chr.
1016 759 1047 821 4,
1066 759 1101 809 40
1127 757 1151 810 si

685 819 798 890 gelatus
843 822 985 877 obstiterit
1027 827 1150 895 sanguis,

686 890 762 959 quod
786 891 886 948 Graeci
911 889 1077 965 θρόμβωσιν
1101 914 1150 951 vo-

685 978 737 1016 can

667 1033 778 1100 θυμοί
801 1034 848 1103 (al.
871 1030 965 1106 θῦμια
991 1034 1056 1092 Cels.
1078 1042 1150 1108 etc.):

685 1106 839 1174 (verrucae)
871 1105 899 1160 in
937 1106 1149 1164 similitudinem

684 1175 856 1231 summitatis
893 1177 979 1246 tymi,
1021 1179 1096 1235 unde
1133 1198 1150 1235 a

684 1243 798 1301 Graecis
816 1249 912 1316 tymoe
931 1250 1034 1318 (tymos
1047 1267 1074 1319 9,
1093 1251 1149 1305 thi-

683 1332 745 1370 mos
774 1318 798 1387 c)
830 1318 1009 1388 appellantur
1042 1327 1074 1373 12
1106 1324 1150 1390 (de

682 1388 789 1514 Zigira?
805 1391 926 1528 gregans&
942 1391 998 1456 fere
1016 1395 1150 1447 consentit

706 1475 719 1512 e
744 1501 749 1512 .
926 1504 932 1516 .

664 1501 859 1653 ἱκτεῖιεῖὀςε,
877 1530 986 1584 icterici
1016 1530 1148 1587 dicuntur

681 1616 780 1654 moro
807 1601 885 1670 regio
918 1601 1146 1659 laborantes...

681 1670 807 1738 sequitur
826 1713 832 1727 .
848 1711 854 1725 .
870 1712 877 1725 .
896 1671 989 1740 pallor
1021 1675 1146 1743 corporis

680 1757 744 1794 cum
764 1782 770 1796 .
790 1782 797 1796 .
818 1782 824 1796 .
843 1743 937 1796 crocei
978 1743 1023 1798 vel
1068 1748 1146 1799 aurei

681 1811 782 1866 eoloris
797 1811 933 1881 fantasia,
951 1814 1026 1869 unde
1039 1815 1075 1869 ab
1095 1816 1145 1869 ali-

681 1881 793 1951 quantis
806 1883 895 1938 latine
909 1901 1016 1954 aurugo
1036 1887 1145 1957 (arrrigo

660 1953 1068 2097 defittttptllftgffa
1084 2029 1132 2098 pu

679 2095 738 2150 lore
756 2097 900 2151 icterioum
914 2099 1044 2152 morbum
1058 2099 1144 2153 simu-

678 2166 768 2234 lante,
794 2184 859 2223 nam
878 2166 978 2223 Graeci
1001 2169 1144 2225 icteroden

678 2241 782 2293 vocant
799 2244 842 2292 32.

660 2305 890 2378 ἱλιγγιῶντεςτ
956 2310 1143 2381 vertiginosos

678 2395 749 2446 quos
767 2379 930 2449 ilingiontas
951 2382 1098 2451 appellant
1118 2390 1142 2451 1,

677 2451 727 2504 uon
749 2449 900 2507 ilicnuntas
922 2468 953 2521 q,
976 2451 1020 2506 illi
1040 2456 1143 2522 gantas

666 2517 699 2586 ¹c,
718 2520 831 2590 giuntas
845 2522 903 2591 (sic,
921 2524 953 2575 ia
967 2524 1032 2577 acci
1049 2540 1142 2578 versas

675 2593 759 2646 initio
791 2593 878 2647 altera
905 2594 1032 2647 vocabuli
1058 2601 1142 2663 purte

671 2678 724 2730 per
751 2678 867 2717 errorem
896 2664 1005 2733 ambae)
1027 2682 1062 2734 p,
1088 2683 1141 2735 qao

675 2735 735 2803 spec
748 2735 851 2789 seilicet
864 2735 955 2789 codice
967 2751 1035 2790 usas
1052 2737 1142 2791 videri

669 2810 760 2872 potest
773 2805 869 2860 Simon
886 2805 1040 2862 Jaaaeusia
1059 2811 1139 2875 (saec.

675 2875 759 2929 XIV
778 2878 829 2944 ia.)
848 2878 897 2946 qui
919 2880 969 2933 aab
994 2880 1045 2933 litt.
1066 2878 1091 2933 G
1111 2881 1139 2946 (l)

673 2947 753 3001 habet
771 2946 909 3017 „Giuntas
928 2966 1011 3018 grece
1030 2949 1139 3017 vertigo

674 3016 749 3073 Cass.
783 3019 829 3073 Fe.
863 3019 935 3074 etc.“
981 3025 1061 3088 atque
1089 3020 1139 3073 boc

673 3088 784 3144 Simone
810 3091 944 3144 recentior
967 3090 1053 3157 faisse
1079 3105 1138 3143 cor-

672 3161 784 3215 rectoris
795 3175 894 3215 manae
903 3176 972 3228 qaae
981 3176 1048 3215 saec.
1057 3159 1110 3213 XI
1115 3160 1141 3213 V

671 3231 740 3299 lap
759 3231 937 3299 adsmipserit
954 3229 995 3284 ili.
1025 3230 1138 3286 Cassius

672 3303 744 3356 enim
763 3301 829 3371 „qui
854 3300 980 3355 continet
997 3303 1136 3357 tractatus

672 3372 741 3425 duos
752 3371 786 3425 de
795 3371 922 3440 pratiea“
938 3374 979 3441 (at
989 3374 1030 3427 ait
1040 3373 1137 3429 Simon

670 3443 703 3496 ia
711 3442 814 3512 praefi)
829 3443 970 3513 aipaifieat
989 3449 1038 3501 cat
1052 3462 1135 3502 exerra-
