2414 3924
480 240 685 292 PRAEFATIO.
1057 244 1107 292 vll

76 395 236 456 tenendum
260 413 325 455 esse
344 396 459 464 censui,
487 402 677 472 praeceptum
704 397 770 457 dico
797 397 874 476 qued
896 399 1012 459 codices
1036 415 1105 459 mss.

74 492 178 556 premo
203 478 279 554 pede
302 478 384 557 sequi
414 477 511 556 jubet;
550 495 710 557 numquam
733 497 750 539 a
772 479 921 542 codicibus
947 481 1022 543 bled.
1044 481 1058 542 1
1078 487 1107 543 et

74 562 137 621 Vat.
149 560 213 622 vui
233 561 353 622 discessi
373 562 428 622 nisi
450 562 501 622 ubi
518 561 670 622 insanabili
688 561 862 623 laborabant
877 562 991 632 ulcere:
1015 581 1106 642 quan

74 651 137 705 tum
162 646 258 722 potui,
286 642 387 705 sedulo
413 643 537 705 abstinui
565 662 581 704 a
614 645 803 724 conjecturis:
841 645 936 706 ubivis
957 654 1107 724 suspectas

73 726 165 788 habui
195 728 413 788 emendationes
439 728 585 796 Lindenii,
616 730 858 807 quotiescumque
879 729 982 790 saltem
1004 746 1106 790 earum

73 811 276 872 necessitatem
296 828 355 871 non
373 811 517 887 probabat
531 810 575 871 vel
589 828 706 880 rerum,
726 811 771 872 vel
784 812 959 883 verborum,
979 813 1023 873 vel
1039 831 1105 892 syn·

73 901 175 954 taneos
194 895 277 954 ratio.
321 893 457 954 Ceterum
478 895 553 954 inira
576 895 615 973 (in
635 897 741 956 Adnot
763 895 880 976 critico)
903 895 1041 975 subjunxi
1062 897 1104 955 in·

73 977 169 1037 dicem
196 977 327 1038 omnium
354 976 501 1047 locorum,
536 977 642 1054 quibus
669 979 776 1056 aliquid
807 981 836 1039 in
865 985 1002 1040 contextu
1028 996 1104 1039 anno

78 1061 156 1120 1810
183 1078 200 1119 a
228 1060 323 1138 'larga
356 1061 432 1121 edito
461 1062 623 1129 immutavi,
657 1061 760 1121 additis
788 1064 968 1138 argumentis
999 1060 1104 1140 quibus

73 1149 226 1220 permotus
251 1145 290 1204 ita
317 1156 405 1221 agere
428 1145 618 1205 decreverim.
663 1144 819 1206 Praeterea
839 1144 952 1206 duabus
973 1146 1105 1222 inprimis

73 1227 110 1286 de
135 1226 226 1286 rebus
250 1226 375 1289 lectores
397 1228 522 1287 monitos
544 1245 608 1287 esse
629 1227 710 1287 volo:
741 1229 837 1305 primo
860 1227 1017 1306 praecipue
1039 1227 1104 1287 loco

72 1327 194 1386 operam
215 1309 283 1370 dedi
304 1317 337 1371 ut
360 1310 542 1389 aliquatenus
560 1308 662 1372 saltem
681 1328 798 1389 semper
818 1313 921 1372 iisdem
941 1310 1033 1373 literis
1055 1328 1104 1371 er·

72 1399 228 1453 ararentur
245 1395 346 1454 eadem
362 1394 517 1462 vocabula,
541 1411 600 1453 non
621 1393 715 1454 solum
736 1395 815 1472 quod
837 1395 873 1454 ad
894 1413 981 1455 voces
1003 1397 1105 1455 attinet

73 1492 198 1555 quarum
214 1482 293 1537 recta
308 1480 451 1554 scriptura
467 1496 483 1538 e
496 1477 644 1538 codicibus
659 1479 783 1554 petenda
798 1485 860 1538 erat
875 1478 1034 1556 (ciAdnot.
1043 1481 1104 1538 cri-

73 1561 187 1638 ticam),
206 1561 258 1620 sed
275 1562 361 1621 etiam
375 1560 427 1620 ubi
444 1561 537 1640 major
558 1561 629 1621 fides
644 1561 777 1621 habenda
793 1568 836 1621 est
849 1563 1014 1638 praeceptis
1029 1577 1103 1640 quae

72 1641 222 1703 observari
233 1642 337 1722 jubent
351 1644 404 1704 riri
423 1643 539 1721 linguae
553 1643 658 1704 latinae
671 1645 851 1720 peritissimi,
868 1645 904 1703 de
919 1662 975 1721 qua
989 1662 1023 1704 re
1038 1643 1102 1703 nul-

72 1724 131 1785 lam
144 1728 320 1788 mentionem
331 1745 395 1788 esse
414 1727 575 1788 faciendam
592 1729 621 1785 in
640 1729 745 1786 Adnot.
758 1731 825 1786 crit.
844 1729 952 1787 censui.
980 1727 1101 1786 Verum-

72 1815 185 1877 tamen,
203 1811 313 1870 etiamsi
328 1811 429 1871 sedulo
446 1812 481 1871 ad
497 1811 572 1870 hano
586 1828 649 1870 rem
665 1812 792 1870 animum
808 1809 989 1876 attenderim,
1006 1825 1102 1884 neque

72 1891 229 1952 admodum
246 1893 392 1970 prolixum
406 1895 443 1954 sit
457 1894 531 1955 Celsi
547 1893 697 1961 volumen,
713 1893 809 1952 denuo
824 1890 978 1951 schedulas
991 1909 1007 1950 a
1019 1890 1101 1967 prelo

72 1974 202 2034 madidas
218 1976 352 2055 relegens
367 1978 454 2037 incidi
473 1978 502 2037 in
520 1976 675 2036 anomalias
690 1974 844 2034 nonnullas
863 1973 917 2051 (ex.
930 1990 974 2049 gr.
992 1971 1101 2050 ubique

71 2056 151 2134 legas
165 2064 268 2137 ceteri,
286 2078 345 2120 non
358 2066 485 2129 caeteri·
506 2064 659 2133 circuitus,
676 2075 734 2117 non
748 2061 933 2126 circumitus·
959 2059 1100 2131 demptus,

72 2159 130 2201 non
142 2144 272 2212 demtus*
290 2152 452 2220 promptus,
470 2162 529 2204 non
542 2153 690 2218 promtus·
712 2139 872 2219 coemptus,
888 2159 946 2199 non
961 2150 1100 2211 exantlata,

72 2231 144 2292 cet:
163 2229 332 2305 ceteroquin
343 2229 379 2288 de
388 2228 538 2288 anomaliis
550 2225 729 2305 gravioribus
738 2225 841 2285 videsis
848 2224 952 2284 Adnot.
959 2224 1035 2303 erit.)
1043 2224 1101 2284 huc

71 2311 264 2384 pertinentes,
282 2329 368 2389 quas,
382 2311 442 2372 Deo
458 2311 616 2378 adnuente,
631 2311 777 2386 posterius
791 2307 894 2368 tollere
908 2308 979 2367 mihi
992 2306 1098 2367 licebit.

155 2393 243 2452 Arcto
266 2394 380 2455 vinculo
404 2412 470 2455 oum
499 2401 578 2454 recta
604 2391 811 2452 vocabulorum
840 2390 996 2451 latinorum
1028 2391 1100 2450 scri-

71 2481 157 2550 ptura
180 2476 316 2536 cohaeret
330 2479 460 2555 quaestio
476 2496 549 2555 quae
569 2482 679 2553 spectat
701 2477 843 2534 rationem
863 2472 1100 2554 repraesentandi

73 2575 186 2633 graeca.
227 2559 289 2628 Qua
305 2561 334 2620 in
351 2554 384 2621 re
403 2562 563 2621 notandum
582 2566 625 2619 est
640 2567 797 2636 utrumque
817 2557 947 2618 codicem
961 2557 1099 2633 antiquis-

72 2642 178 2700 simum
203 2642 342 2703 exhibere
363 2662 448 2704 voces
473 2661 593 2721 graecas
620 2642 736 2702 easdem
758 2641 845 2700 modo
871 2642 983 2718 graecis
1009 2639 1100 2699 literis

72 2731 218 2793 exaratas,
238 2725 326 2786 modo
341 2726 450 2796 latinis,
474 2728 498 2785 si
517 2727 629 2804 Targae
643 2725 714 2785 fides
730 2724 864 2785 habenda
879 2730 936 2784 est:
962 2723 1040 2784 unde
1054 2722 1099 2781 vix

71 2806 134 2865 fieri
161 2814 257 2883 potest
282 2816 314 2868 ut
339 2810 469 2886 regulam
495 2816 604 2870 statuas
627 2808 662 2868 ad
685 2826 772 2886 quam
800 2825 901 2867 omnes
927 2808 1098 2884 dirigantur.

71 2889 164 2950 Voces
185 2906 306 2967 graecas
327 2893 390 2953 iere
412 2911 528 2970 semper
550 2893 599 2952 ubi
623 2893 734 2969 graecis
753 2889 844 2950 literis
867 2890 943 2967 apud
964 2889 1098 2965 Tangam,

72 2975 121 3049 qui
138 2975 201 3051 ipse
217 2974 390 3036 Lindenium
407 2982 524 3037 secutus
543 2984 599 3045 est,
622 2980 754 3035 exaratae
771 2980 869 3041 erant,
889 2972 992 3032 eodem
1012 2969 1099 3030 modo

71 3057 100 3114 in
123 3064 290 3118 contextum
311 3077 409 3119 meum
430 3061 614 3138 transcripsi,
643 3056 686 3116 vel
705 3056 798 3132 Targa
824 3055 898 3115 duce
924 3053 1098 3118 emendatas,

71 3139 115 3198 rel
137 3158 153 3198 a
175 3159 222 3201 me
250 3143 313 3218 ipso
339 3143 375 3202 ad
402 3143 517 3219 linguae
541 3159 663 3219 graecae
690 3139 770 3216 leges
799 3144 921 3198 exactas.
966 3136 1100 3194 Attamen

71 3231 139 3281 sunt
158 3224 302 3301 quaedam
323 3226 462 3286 vocabula
484 3243 589 3303 graeca
610 3223 682 3282 adeo
700 3221 867 3299 frequenter
888 3221 918 3278 in
939 3218 1021 3277 libris
1036 3212 1099 3274 Cel·

73 3305 158 3365 sianis
179 3307 277 3376 obvia,
308 3327 399 3387 eaque
418 3310 535 3369 latinam
557 3305 702 3367 scribendi
726 3305 869 3363 rationem
890 3300 1028 3384 imitantia
1050 3297 1097 3376 (ci.

74 3404 119 3446 er.
139 3407 183 3466 gr.
204 3407 255 3470 pp.
280 3393 348 3459 171,
370 3391 425 3462 27;
457 3392 525 3460 192,
548 3390 602 3459 21;
628 3388 696 3458 191,
713 3387 762 3455 28,
780 3386 835 3454 29;
859 3385 928 3453 195,
951 3384 1005 3451 26;
1030 3381 1099 3446 199.

77 3472 129 3540 15;
156 3473 228 3544 209,
251 3470 308 3544 25;
337 3475 409 3546 211,
436 3474 483 3545 12,
509 3472 561 3542 18;
589 3472 660 3542 217,
687 3473 731 3540 14,
756 3469 805 3540 22,
829 3469 879 3541 23,
902 3469 952 3538 24,
976 3466 1026 3536 25,
