2414 3924
128 218 192 282 2⁰8
399 228 802 278 necsosrrnnnrcmnrr

128 405 203 449 nom
219 404 237 446 a
250 388 344 445 victus
364 387 476 444 ratione
492 384 659 443 ordiendum
674 392 734 443 est:
758 394 788 443 nt
801 385 934 463 quiescat
948 387 977 443 in
995 384 1127 447 lectulo:

128 481 159 533 ut
173 471 273 551 primis
294 466 396 528 diebns
417 487 434 527 a
450 467 516 527 cibo
531 467 685 545 abstineat,
696 486 799 549 aquam
815 468 1061 550 quamplurimam
1076 489 1126 530 as·

128 563 235 616 sumat:
258 553 341 611 alrns
362 569 478 629 qnoque
500 553 528 608 ei
543 551 677 610 ducatur:
700 550 767 610 dein
789 561 857 629 post
871 552 1126 614 inflammationem

130 639 223 699 cibum
246 636 315 696 boni
335 637 415 696 succi
436 636 548 714 capiat,
569 637 665 692 vitatis
687 634 818 693 omnibus
838 635 970 703 acribus;
995 638 1124 713 potionis

129 731 263 802 wantum
279 719 361 778 volet
375 720 434 794 sic,
450 727 480 776 nt
497 717 618 776 interdiu
636 717 749 795 quidem
765 736 840 795 aqua
856 727 1010 778 contentus
1026 723 1079 790 sit;
1094 722 1148 782 ins

130 823 222 866 coena
242 821 313 863 voro
334 805 418 862 etiam
440 803 497 859 vini
518 805 624 860 austeri
640 800 747 878 aliquid
768 801 856 861 bibat.
886 801 954 861 Non
968 820 1064 881 aeqne
1079 814 1125 864 ta-

128 908 194 949 men
209 889 284 948 tame
299 889 328 945 in
344 888 395 961 iis,
411 902 486 963 quos
507 881 693 963 φαγέδαινα
708 885 840 962 urgebit,
858 895 945 964 atque
959 886 988 944 in
1005 889 1057 963 iis,
1074 890 1124 967 qui

127 971 285 1052 bqplmpu
307 970 400 1029 adlrnc
420 968 581 1043 habebunt,
602 967 736 1027 utendum
752 970 816 1027 erit.
843 968 881 1028 Et
899 979 993 1029 vnctus
1008 972 1125 1049 quidem

128 1055 195 1117 talis
219 1055 404 1114 necessarius
427 1062 482 1112 est.
511 1054 605 1130 Super
625 1052 709 1110 ulcus
728 1071 801 1112 vero
823 1052 1022 1131 inspergenda
1043 1054 1125 1115 arida

129 1138 274 1200 oenanthe
291 1147 353 1212 est,
374 1146 420 1213 et,
442 1137 467 1194 si
489 1154 586 1214 parum
603 1137 752 1214 proliciet,
770 1135 912 1196 chalcitis.
949 1137 995 1196 Ac
1016 1140 1040 1196 si
1057 1140 1161 1218 qnissu

129 1240 236 1282 nervus
257 1238 347 1280 exesa
369 1238 456 1280 carne
477 1218 598 1278 nudatus
621 1228 681 1295 est,
700 1219 898 1295 contegendus
920 1229 986 1280 ante
1001 1221 1124 1282 linteolo

129 1314 192 1380 est,
207 1322 244 1363 ne
261 1304 362 1363 subeo
376 1303 584 1362 medicamento
600 1303 744 1363 aduratur.
775 1305 805 1362 Si
819 1303 1009 1364 validioribus
1024 1307 1124 1365 etiarn·

128 1406 195 1447 num
210 1387 345 1446 remediis
362 1404 436 1464 opus
453 1395 513 1461 est,
530 1386 565 1445 ad
579 1405 630 1447 eas
641 1389 869 1465 compositiones
879 1387 1053 1448 veniendum
1069 1398 1124 1466 est,

129 1488 205 1550 qnae
230 1471 428 1529 vehementius
458 1470 586 1529 adurunt.
632 1470 774 1547 Quidquid
805 1481 901 1530 autem
927 1473 1123 1550 inspergitur,

128 1572 234 1616 auerso
257 1554 380 1632 specillo
401 1553 508 1612 infundi
529 1552 624 1612 debet.
656 1554 845 1634 Superdanda
867 1573 930 1615 cnm
951 1556 1041 1615 melle
1056 1565 1159 1619 suntne

128 1639 177 1699 vel
199 1637 366 1713 linamenta,
387 1636 436 1695 vel
458 1637 543 1696 oleae
568 1637 638 1697 lolia
657 1656 695 1697 ex
710 1640 775 1698 vino
793 1637 934 1714 decocta,
950 1639 998 1699 vel
1013 1658 1123 1699 marru-

128 1722 220 1783 bium:
237 1741 328 1801 eaque
343 1720 464 1780 linteolo
480 1721 660 1797 contegenda
678 1725 707 1780 in
724 1740 798 1802 aqna
817 1721 922 1798 frigida
944 1723 1123 1800 madefacto,

129 1807 195 1867 dein
214 1806 286 1865 bene
307 1823 468 1882 expresso:
490 1806 642 1884 circaque,
661 1824 717 1885 qna
732 1815 825 1866 tumor
840 1825 877 1865 ex
898 1806 1122 1867 inflammatione

129 1901 191 1965 est,
214 1889 403 1968 imponenda,
425 1907 500 1968 quae
515 1891 690 1967 reprimant,
705 1891 921 1968 cataplasmata.
958 1892 989 1950 Si
1007 1890 1123 1952 sabbis

129 1974 198 2034 nihil
211 1975 376 2053 proficitur,
391 1974 472 2033 ierro
486 1974 569 2033 locos
583 1974 663 2033 aduri
677 1973 777 2042 debet;
794 1973 950 2050 diligenter
965 1977 1081 2050 nervis,
1097 1978 1121 2034 si
1132 1992 1159 2032 ao

128 2061 176 2137 qui
200 2067 356 2136 apparent,
379 2067 445 2117 ante
467 2059 619 2117 contectis.
655 2055 792 2115 Adustum
817 2057 865 2115 vel
884 2057 1122 2134 medicamentis,

128 2143 177 2202 vel
198 2143 277 2201 lerro
300 2158 421 2218 corpus,
448 2143 567 2216 primum
591 2140 785 2218 purgandum,
814 2140 918 2199 deinde
944 2142 1121 2219 implendum

129 2244 211 2301 esse,
226 2243 368 2302 apparere
387 2223 506 2283 cuilibet
522 2242 559 2282 ex
578 2225 722 2301 prioribus
737 2233 843 2302 potest.

189 2309 218 2367 4.
253 2309 343 2366 Sacer
368 2325 484 2385 quoque
506 2309 581 2383 ignis
608 2308 712 2386 (nona;
740 2305 910 2386 prortncir,
937 2327 989 2367 seu
1008 2309 1122 2386 berpes

128 2391 309 2464 circinatae)
357 2390 438 2449 malis
458 2389 606 2449 ulceribus
621 2392 799 2450 annumerari
816 2391 913 2450 debet.
956 2390 1030 2467 Ejus
1047 2394 1156 2454 duaess

128 2474 244 2552 species
272 2483 345 2532 sunt.
392 2472 522 2532 Alterum
552 2483 597 2533 est
627 2474 888 2551 subrubicundum,
927 2483 975 2534 ant
1002 2478 1121 2536 mixtum

126 2556 233 2615 rubore
256 2567 343 2634 atque
370 2556 498 2634 pallore,
534 2568 794 2638 exasperatumque
822 2577 876 2637 per
905 2559 1023 2637 pusulas
1052 2577 1121 2620 con·

126 2639 236 2714 tinuas,
264 2658 380 2719 quarum
403 2639 480 2698 nulla
503 2640 595 2701 altera
616 2644 708 2717 major
731 2652 793 2718 est,
821 2642 873 2701 sed
892 2643 1031 2720 plurimae
1052 2661 1121 2721 per·

127 2724 261 2799 exiguae.
289 2721 321 2782 ln
335 2723 380 2782 bis
394 2742 509 2803 semper
524 2725 586 2784 iere
603 2744 673 2803 pus,
690 2736 721 2785 et
736 2745 825 2804 saepe
837 2726 928 2786 rubor
941 2745 1003 2785 cum
1020 2728 1121 2786 calore

126 2816 189 2866 est:
205 2810 354 2887 serpitque
370 2809 398 2867 id
413 2826 621 2887 nonnumquam
640 2820 812 2869 sanescente
828 2828 884 2885 eo,
900 2810 977 2887 quod
997 2813 1119 2888 primum
1130 2830 1156 2871 ao

127 2892 253 2951 vitiatum
270 2901 329 2952 est:
353 2910 562 2971 nonnumquam
582 2895 667 2952 etiam
689 2894 876 2969 exulcerato,
892 2893 941 2952 ubi
961 2896 1053 2973 ruptis
1070 2913 1120 2973 pu-

127 2975 196 3035 sulis
222 2977 302 3036 ulcus
326 2978 522 3052 continuatur,
544 2977 704 3056 humorque
728 2980 802 3054 exit,
820 2980 868 3056 qui
890 2996 957 3038 esse
979 2980 1055 3038 inter
1076 2997 1120 3038 sa·

125 3060 200 3118 niem
225 3071 253 3119 et
270 3080 323 3139 pos
339 3061 430 3119 videri
443 3070 550 3138 potest.
577 3061 623 3119 Fit
640 3063 761 3120 maxime
777 3064 804 3120 in
822 3071 960 3140 pectore,
984 3071 1031 3121 aut
1049 3062 1120 3121 late-

126 3142 215 3218 ribus,
230 3143 473 3203 auteminentibus
483 3144 622 3222 partibus,
637 3147 887 3224 praecipuequein
897 3147 1012 3223 plantis.
1037 3145 1119 3205 Alte-

124 3244 185 3285 rnm
200 3237 294 3286 autem
310 3236 355 3286 est
369 3230 396 3285 in
412 3246 537 3286 summae
554 3231 626 3287 cutis
643 3229 876 3306 exulceratione,
896 3231 948 3289 sed
970 3231 1032 3288 sine
1056 3229 1155 3289 alti-at

123 3311 239 3387 tudine,
257 3312 359 3385 latum,
382 3311 570 3387 sublividum,
589 3312 779 3390 inaequaliter
799 3322 906 3382 tamen;
937 3315 1120 3391 mediumque

125 3396 266 3470 sanescit,
284 3397 421 3453 extremis
438 3394 680 3472 procedentibus:
698 3413 733 3454 ac
744 3413 834 3472 saepe
846 3396 891 3471 id,
907 3398 984 3475 quod
996 3399 1057 3475 jam
1073 3413 1118 3458 sa-

124 3493 189 3535 num
206 3477 372 3552 videbatur,
400 3478 501 3536 iterum
517 3478 717 3537 exulceratur:
743 3487 771 3537 at
787 3480 865 3538 circa
881 3483 1011 3559 proxima
1027 3481 1118 3555 cutis,
