2414 3924
108 257 111 262 ·
153 225 212 288 118
422 194 425 199 ἕ
448 231 851 284 s.c.onns1mnnrcnrsn

150 394 235 454 alium
261 399 429 465 moveatur,
462 397 491 447 et
516 388 543 446 ri
569 385 692 464 quadam
715 384 751 445 ad
773 384 1010 444 consuetudinem
1035 384 1148 446 redeat.

149 475 272 536 Prodest
288 475 372 533 etiam
388 474 531 549 torpentis
546 470 666 529 membri
682 487 817 528 summam
834 477 928 527 cutem
941 485 1148 545 exasperasse,

128 560 198 620 .vel
215 559 314 617 urticis
337 573 469 630 caesam,
492 553 542 613 vel
557 555 694 630 imposito
711 553 821 631 sinapi,
846 553 889 611 sic
905 561 952 627 ut,
975 551 1022 611 ubi
1041 554 1149 612 rubere

150 643 282 720 coeperit
297 657 422 717 corpus,
443 638 516 698 baec
531 645 743 697 removeantur.
779 636 869 695 Scilla
885 653 1001 714 quoque
1017 639 1149 713 contrita,

149 725 289 804 bulbique
308 723 423 782 contriti
441 740 505 781 cum
522 730 585 779 ture
601 729 682 780 recte
698 722 889 798 imponuntur.
911 718 1012 796 Neque
1025 720 1173 792 alienum,

150 818 211 884 est,
230 808 326 866 resina
343 815 437 865 cutem
453 807 538 864 tertio
555 822 672 883 quoque
687 804 734 863 dia
750 804 854 863 diutius
869 803 1000 879 vellere,
1018 803 1150 881 pluribus

150 895 235 952 etiam
263 891 351 958 locis;
381 888 535 966 aliquando
563 890 625 948 sine
651 888 731 947 ferro
761 887 954 947 cucurbitulas
980 889 1149 948 admovere.

149 975 285 1037 Unctioni
300 990 373 1032 vero
390 974 567 1050 aptissimum
584 981 628 1033 est
642 981 727 1031 vetus
747 971 859 1045 oleum,
881 971 929 1030 vel
946 974 1048 1030 nitrum
1064 981 1150 1032 aceto

150 1069 180 1120 et
194 1059 262 1117 oleo
281 1058 407 1117 mixtum.
437 1055 511 1128 Quin
528 1057 613 1116 etiam
627 1056 731 1115 lovere
747 1073 820 1133 aqua
836 1054 930 1115 calida
948 1056 1073 1131 marina,
1089 1056 1149 1131 vel,

150 1145 174 1204 si
190 1162 224 1201 ea
240 1150 372 1216 nonest,
389 1151 484 1199 tamen
500 1140 594 1216 salsa,
610 1155 789 1217 magnopere
803 1140 1001 1198 necessarium
1020 1147 1074 1197 est.
1104 1139 1150 1198 Ao
1163 1169 1185 1208 ιο

148 1228 175 1286 si
196 1242 253 1304 quo
275 1225 343 1283 loco
366 1224 415 1283 vel
432 1223 594 1299 naturales,
613 1226 663 1288 vel
678 1226 763 1284 etiam
775 1222 963 1285 manufactae
978 1222 1053 1281 tales
1070 1232 1149 1282 nata·

149 1312 243 1368 tiones
266 1315 349 1383 sunt,
376 1308 411 1366 iis
434 1308 613 1384 potissimum
633 1307 768 1365 utendum
791 1315 854 1374 est;
882 1307 1107 1385 praecipueque,
1122 1308 1150 1365 in

149 1393 194 1452 his
211 1390 344 1467 agitanda
362 1390 507 1465 membra,
527 1408 601 1468 quae
617 1390 739 1449 maxime
755 1390 906 1449 deliciunt:
935 1391 958 1448 si
974 1390 1002 1449 id
1018 1407 1075 1449 non
1091 1400 1148 1466 est,

150 1475 282 1535 balneum
297 1483 391 1534 tamen
407 1474 536 1551 prodest.
569 1472 657 1534 (libus
673 1491 740 1532 esse
756 1473 845 1534 debet
861 1492 898 1531 ex
910 1473 1003 1533 media
1018 1476 1148 1550 materia,

149 1559 332 1636 maximeque
351 1577 389 1618 ex
403 1558 573 1625 venatione;
597 1559 676 1635 potio
690 1558 752 1616 sine
769 1560 835 1616 vino
855 1576 947 1635 aquae
967 1558 1095 1617 calidae:
1124 1561 1148 1617 si
1159 1583 1182 1621 rs

115 1657 122 1672 ·
150 1652 244 1719 tamen
265 1651 348 1700 vetus
369 1641 487 1701 morbus
508 1650 569 1718 est,
599 1642 743 1719 interponi
769 1650 871 1719 quarto
901 1641 949 1700 vel
975 1643 1073 1720 quinto
1101 1642 1148 1701 die

151 1727 331 1804 purgationis
346 1743 433 1784 causa
450 1726 544 1783 vinum
557 1742 695 1802 graecum
716 1724 821 1784 salsum
843 1734 949 1802 potest.
987 1725 1056 1784 Post
1079 1744 1148 1785 coe·

150 1827 214 1870 nam
230 1809 308 1869 utilis
323 1810 446 1868 vomitus
463 1817 517 1869 est.

118 1887 124 1898 '
213 1892 242 1951 2.
267 1892 412 1952 Interdum
433 1909 506 1952 vero
529 1893 613 1951 etiam
633 1909 786 1950 nervorum
803 1891 861 1967 (sc.
878 1892 1045 1972 teudinum)
1062 1892 1148 1953 dolor

150 1979 220 2036 oriri
236 1977 322 2036 solet.
351 1976 383 2036 ln
397 1976 454 2036 hoc
471 1994 539 2035 casu
557 1995 614 2036 uon
631 1976 766 2051 vomere,
784 1992 840 2033 non
857 1976 1072 2036 medicamentis
1090 1980 1146 2037 uri·
1157 2001 1182 2040 ao

149 2079 213 2120 nam
236 2079 372 2135 movere,
396 2078 451 2119 non
476 2061 684 2119 exercitatione
706 2059 858 2136 sudorem,
883 2069 913 2118 ut
931 2060 1044 2139 quidam
1062 2079 1147 2138 prae·

151 2145 276 2222 cipiunt,
294 2144 423 2221 expedit.
446 2143 574 2202 Bibenda
590 2162 664 2221 aqua
684 2152 744 2203 est:
763 2143 808 2201 bis
824 2144 870 2202 die
882 2145 910 2202 in
922 2144 1031 2203 lectulo
1043 2145 1148 2204 leniter

150 2229 220 2286 satis
244 2227 290 2286 diu
315 2244 421 2304 corpus
445 2226 659 2304 perfricandum
680 2236 742 2302 est,
766 2227 871 2287 deinde
893 2236 1006 2287 retento
1028 2230 1146 2306 spiritu:

149 2309 185 2370 ab
210 2312 272 2388 ipsa
296 2311 505 2370 exercitatione
530 2312 625 2387 potius
647 2314 815 2389 superiores
842 2321 939 2389 partes
967 2313 1146 2372 movendae:

148 2392 255 2453 balneo
276 2411 341 2452 raro
363 2393 510 2452 utendum:
541 2394 702 2453 mutandum
721 2394 842 2454 subinde
864 2396 1182 2473 peregrinationibusss

149 2476 273 2535 coelum.
307 2477 336 2537 Si
353 2476 438 2535 dolor
453 2487 513 2552 est,
534 2496 568 2537 ea
584 2479 647 2556 ipsa
663 2497 731 2557 pars
747 2483 809 2538 sine
823 2481 907 2556 oleo,
930 2481 1004 2538 nitro
1019 2498 1056 2538 ex
1073 2499 1148 2558 aqua

149 2560 337 2636 perungenda
361 2569 419 2627 est;
453 2561 557 2622 deiude
578 2563 768 2639 involvenda,
799 2574 828 2623 et
851 2563 1028 2639 subjicienda
1056 2583 1148 2641 pruna

148 2642 240 2717 leuis,
268 2652 297 2701 et
318 2643 454 2721 sulphur,
482 2656 568 2725 atque
592 2647 630 2706 ita
654 2647 682 2706 id
703 2649 956 2726 suffumigandum
988 2647 1075 2725 idque
1095 2649 1147 2708 ali·

149 2726 281 2802 quamdiu
301 2726 479 2806 iaciendum,
503 2731 555 2790 sed
571 2732 689 2807 Jejuno,
703 2749 789 2809 quum
801 2732 875 2792 bene
886 2735 946 2808 jam
964 2735 1145 2791 concoxerit.

149 2806 355 2870 Cucurbitulae
376 2830 494 2893 quoque
516 2833 608 2893 saepe
631 2816 741 2876 dolenti
765 2818 839 2894 parti
858 2816 1056 2876 admovendae
1071 2825 1182 2893 sunt,³0

148 2892 363 2972 pulsandusque
390 2898 496 2958 leniter
523 2899 627 2959 indatis
655 2902 763 2960 vesicis
779 2900 902 2959 'bubulis
930 2901 954 2960 is
982 2901 1065 2959 locus
1092 2910 1145 2959 est.

146 2975 225 3036 Utile
248 2988 300 3050 est
317 2982 402 3040 etiam
421 3001 522 3041 sevum
545 2984 669 3043 miscere
697 3003 760 3043 cum
785 2985 953 3059 hyoscyami
981 2994 1011 3044 et
1036 2986 1147 3044 urticae

119 3101 124 3110 ⁴
148 3062 279 3120 contritis
295 3065 470 3143 seminibus,
487 3068 530 3125 sic
546 3077 576 3126 ut
593 3069 715 3127 omnium
730 3087 783 3146 par
798 3069 900 3127 modus
915 3070 968 3143 sit,
990 3069 1078 3146 idque
1093 3070 1146 3127 im-

147 3161 258 3221 ponere
281 3145 335 3224 (ci.
356 3148 456 3214 Diosc,
480 3149 536 3227 lV,
560 3152 633 3229 69):
663 3152 766 3211 lovere
786 3171 874 3229 aqua,
895 3154 922 3210 in
947 3171 1002 3230 qua
1027 3152 1148 3231 sulphur

147 3227 299 3288 decoctum
317 3232 362 3289 sit.
394 3232 514 3293 Utriculi
531 3252 648 3313 quoque
663 3245 746 3295 recte
761 3238 943 3313 imponuntur
960 3255 1033 3315 aqua
1051 3236 1181 3302 calidam

145 3312 269 3389 repleti,
294 3322 340 3374 aut
362 3315 489 3375 bitumen
507 3337 569 3377 oum
592 3318 758 3379 hordeacea
779 3319 869 3380 farina
885 3322 1010 3380 mixtum.
1048 3320 1146 3399 Atque

144 3393 253 3471 inipso
270 3400 448 3474 potissimum
465 3401 567 3460 dolore
585 3401 717 3461 utendum
728 3405 893 3479 gestatione
905 3405 1069 3465 vehementi
1085 3415 1146 3465 est:

146 3477 224 3551 qnod
240 3479 268 3536 in
281 3480 345 3539 aliis
361 3482 511 3542 doloribus
526 3485 681 3562 pessimum
697 3496 751 3544 est.
