<?xml version="1.0" encoding="UTF-8"?>
<!DOCTYPE html PUBLIC "-//W3C//DTD XHTML 1.0 Transitional//EN"
    "http://www.w3.org/TR/xhtml1/DTD/xhtml1-transitional.dtd">
<html xmlns="http://www.w3.org/1999/xhtml" xml:lang="en" lang="en">
 <head>
  <title>
</title>
<meta http-equiv="Content-Type" content="text/html;charset=utf-8" />
  <meta name='ocr-system' content='tesseract 3.04.00' />
  <meta name='ocr-capabilities' content='ocr_page ocr_carea ocr_par ocr_line ocrx_word'/>
</head>
<body>
  <div class='ocr_page' id='page_1' title='image "./cassiifelicisde00rosegoog_0619.png"; bbox 0 0 2414 3924; ppageno 0'>
   <div class='ocr_carea' id='block_1_1' title="bbox 130 177 823 240">
    <p class='ocr_par' dir='ltr' id='par_1_1' title="bbox 130 177 823 240">
     <span class='ocr_line' id='line_1_1' title="bbox 130 177 823 240; baseline -0.012 0"><span class='ocrx_word' id='word_1_1' title='bbox 130 177 194 240; x_wconf 77' lang='lat'><strong>296</strong></span> <span class='ocrx_word' id='word_1_2' title='bbox 255 232 258 239; x_wconf 87' lang='lat'>.</span> <span class='ocrx_word' id='word_1_3' title='bbox 419 184 823 235; x_wconf 61' lang='lat' dir='ltr'><strong>communiscomnunis.</strong></span> 
     </span>
    </p>
   </div>
   <div class='ocr_carea' id='block_1_2' title="bbox 116 339 1164 3532">
    <p class='ocr_par' dir='ltr' id='par_1_2' title="bbox 116 339 1164 3532">
     <span class='ocr_line' id='line_1_2' title="bbox 131 339 1127 424; baseline -0.007 -18"><span class='ocrx_word' id='word_1_4' title='bbox 131 353 213 406; x_wconf 86' lang='lat' dir='ltr'><strong>cant:</strong></span> <span class='ocrx_word' id='word_1_5' title='bbox 243 345 386 424; x_wconf 84' lang='lat' dir='ltr'><strong>apndnos</strong></span> <span class='ocrx_word' id='word_1_6' title='bbox 401 342 583 420; x_wconf 87' lang='lat' dir='ltr'><strong>indecorum,</strong></span> <span class='ocrx_word' id='word_1_7' title='bbox 602 339 655 401; x_wconf 90' lang='lat' dir='ltr'><strong>sed</strong></span> <span class='ocrx_word' id='word_1_8' title='bbox 671 357 820 400; x_wconf 89' lang='lat' dir='ltr'><strong>commune</strong></span> <span class='ocrx_word' id='word_1_9' title='bbox 841 339 907 417; x_wconf 88' lang='lat' dir='ltr'><strong>bis,</strong></span> <span class='ocrx_word' id='word_1_10' title='bbox 929 340 1048 400; x_wconf 84' lang='lat' dir='ltr'><strong>herniae</strong></span> <span class='ocrx_word' id='word_1_11' title='bbox 1073 357 1127 400; x_wconf 79' lang='lat' dir='ltr'><strong>no</strong></span> 
     </span>
     <span class='ocr_line' id='line_1_3' title="bbox 129 424 1127 504; baseline -0.005 -15"><span class='ocrx_word' id='word_1_12' title='bbox 129 447 196 489; x_wconf 87' lang='lat' dir='ltr'><strong>mon</strong></span> <span class='ocrx_word' id='word_1_13' title='bbox 218 437 273 489; x_wconf 87' lang='grc' dir='ltr'><strong>εει.</strong></span> <span class='ocrx_word' id='word_1_14' title='bbox 303 428 415 488; x_wconf 84' lang='lat' dir='ltr'>Deinde</span> <span class='ocrx_word' id='word_1_15' title='bbox 430 428 455 487; x_wconf 92' lang='lat' dir='ltr'><strong>si</strong></span> <span class='ocrx_word' id='word_1_16' title='bbox 465 424 617 486; x_wconf 88' lang='lat' dir='ltr'><strong>descendit</strong></span> <span class='ocrx_word' id='word_1_17' title='bbox 632 433 794 502; x_wconf 88' lang='lat' dir='ltr'><strong>omentum,</strong></span> <span class='ocrx_word' id='word_1_18' title='bbox 815 441 966 504; x_wconf 86' lang='lat' dir='ltr'><strong>numquam</strong></span> <span class='ocrx_word' id='word_1_19' title='bbox 980 425 1009 483; x_wconf 93' lang='lat' dir='ltr'><strong>in</strong></span> <span class='ocrx_word' id='word_1_20' title='bbox 1023 433 1127 484; x_wconf 87' lang='lat' dir='ltr'><strong>scroto</strong></span> 
     </span>
     <span class='ocr_line' id='line_1_4' title="bbox 128 508 1128 589; baseline -0.008 -15"><span class='ocrx_word' id='word_1_21' title='bbox 128 523 223 574; x_wconf 79' lang='lat' dir='ltr'><strong>tamor</strong></span> <span class='ocrx_word' id='word_1_22' title='bbox 244 513 370 589; x_wconf 84' lang='lat' dir='ltr'><strong>tollitur,</strong></span> <span class='ocrx_word' id='word_1_23' title='bbox 384 514 447 572; x_wconf 86' lang='lat' dir='ltr'><strong>sine</strong></span> <span class='ocrx_word' id='word_1_24' title='bbox 464 511 559 571; x_wconf 88' lang='lat' dir='ltr'><strong>inedia</strong></span> <span class='ocrx_word' id='word_1_25' title='bbox 575 510 637 585; x_wconf 88' lang='lat' dir='ltr'><strong>init,</strong></span> <span class='ocrx_word' id='word_1_26' title='bbox 653 510 715 568; x_wconf 89' lang='lat' dir='ltr'><strong>sive</strong></span> <span class='ocrx_word' id='word_1_27' title='bbox 732 525 840 587; x_wconf 87' lang='lat' dir='ltr'><strong>corpus</strong></span> <span class='ocrx_word' id='word_1_28' title='bbox 859 509 917 569; x_wconf 89' lang='lat' dir='ltr'><strong>buc</strong></span> <span class='ocrx_word' id='word_1_29' title='bbox 932 508 1040 568; x_wconf 83' lang='lat' dir='ltr'><strong>illucve</strong></span> <span class='ocrx_word' id='word_1_30' title='bbox 1056 525 1128 568; x_wconf 87' lang='lat' dir='ltr'><strong>con·</strong></span> 
     </span>
     <span class='ocr_line' id='line_1_5' title="bbox 128 593 1127 674; baseline -0.004 -17"><span class='ocrx_word' id='word_1_31' title='bbox 128 615 256 673; x_wconf 81' lang='lat' dir='ltr'><strong>versum,</strong></span> <span class='ocrx_word' id='word_1_32' title='bbox 273 606 320 657; x_wconf 86' lang='lat' dir='ltr'><strong>aut</strong></span> <span class='ocrx_word' id='word_1_33' title='bbox 335 596 393 656; x_wconf 91' lang='lat' dir='ltr'><strong>aiio</strong></span> <span class='ocrx_word' id='word_1_34' title='bbox 408 612 466 674; x_wconf 91' lang='lat' dir='ltr'><strong>quo</strong></span> <span class='ocrx_word' id='word_1_35' title='bbox 481 594 567 654; x_wconf 89' lang='lat' dir='ltr'><strong>modo</strong></span> <span class='ocrx_word' id='word_1_36' title='bbox 585 593 759 673; x_wconf 89' lang='lat' dir='ltr'><strong>collocatum</strong></span> <span class='ocrx_word' id='word_1_37' title='bbox 781 602 842 652; x_wconf 88' lang='lat' dir='ltr'><strong>est:</strong></span> <span class='ocrx_word' id='word_1_38' title='bbox 865 594 1008 671; x_wconf 80' lang='lat' dir='ltr'><strong>itemque,</strong></span> <span class='ocrx_word' id='word_1_39' title='bbox 1032 594 1058 653; x_wconf 92' lang='lat' dir='ltr'><strong>si</strong></span> <span class='ocrx_word' id='word_1_40' title='bbox 1080 611 1127 653; x_wconf 88' lang='lat' dir='ltr'><strong>re·</strong></span> 
     </span>
     <span class='ocr_line' id='line_1_6' title="bbox 128 678 1150 758; baseline -0.006 -16"><span class='ocrx_word' id='word_1_41' title='bbox 128 690 225 743; x_wconf 89' lang='lat' dir='ltr'><strong>tentus</strong></span> <span class='ocrx_word' id='word_1_42' title='bbox 240 689 286 741; x_wconf 90' lang='lat' dir='ltr'><strong>est</strong></span> <span class='ocrx_word' id='word_1_43' title='bbox 301 681 434 758; x_wconf 82' lang='lat' dir='ltr'><strong>spiritus,</strong></span> <span class='ocrx_word' id='word_1_44' title='bbox 451 697 509 738; x_wconf 92' lang='lat' dir='ltr'><strong>non</strong></span> <span class='ocrx_word' id='word_1_45' title='bbox 522 695 701 754; x_wconf 84' lang='lat' dir='ltr'><strong>magnopere</strong></span> <span class='ocrx_word' id='word_1_46' title='bbox 721 680 874 753; x_wconf 91' lang='lat' dir='ltr'><strong>increscit,</strong></span> <span class='ocrx_word' id='word_1_47' title='bbox 897 686 974 739; x_wconf 86' lang='lat' dir='ltr'><strong>tactu</strong></span> <span class='ocrx_word' id='word_1_48' title='bbox 990 693 1062 737; x_wconf 83' lang='lat' dir='ltr'><strong>nero</strong></span> <span class='ocrx_word' id='word_1_49' title='bbox 1085 678 1150 744; x_wconf 70' lang='lat' dir='ltr'><strong>ins</strong></span> 
     </span>
     <span class='ocr_line' id='line_1_7' title="bbox 129 761 1128 844; baseline -0.004 -18"><span class='ocrx_word' id='word_1_50' title='bbox 129 765 261 844; x_wconf 86' lang='lat' dir='ltr'><strong>aeqnaiis</strong></span> <span class='ocrx_word' id='word_1_51' title='bbox 288 774 334 824; x_wconf 90' lang='lat' dir='ltr'><strong>est</strong></span> <span class='ocrx_word' id='word_1_52' title='bbox 355 772 384 822; x_wconf 94' lang='lat' dir='ltr'><strong>et</strong></span> <span class='ocrx_word' id='word_1_53' title='bbox 407 763 503 822; x_wconf 91' lang='lat' dir='ltr'><strong>mollis</strong></span> <span class='ocrx_word' id='word_1_54' title='bbox 524 771 552 821; x_wconf 89' lang='lat' dir='ltr'><strong>et</strong></span> <span class='ocrx_word' id='word_1_55' title='bbox 563 761 701 821; x_wconf 91' lang='lat' dir='ltr'><strong>lubricus.</strong></span> <span class='ocrx_word' id='word_1_56' title='bbox 733 762 772 822; x_wconf 75' lang='lat' dir='ltr'><strong>At</strong></span> <span class='ocrx_word' id='word_1_57' title='bbox 789 762 813 821; x_wconf 90' lang='lat' dir='ltr'><strong>si</strong></span> <span class='ocrx_word' id='word_1_58' title='bbox 828 762 992 822; x_wconf 90' lang='lat' dir='ltr'><strong>intestinum</strong></span> <span class='ocrx_word' id='word_1_59' title='bbox 1007 779 1128 841; x_wconf 87' lang='lat' dir='ltr'><strong>quoque</strong></span> 
     </span>
     <span class='ocr_line' id='line_1_8' title="bbox 128 845 1128 924; baseline -0.005 -14"><span class='ocrx_word' id='word_1_60' title='bbox 128 848 296 924; x_wconf 87' lang='lat' dir='ltr'><strong>descendit,</strong></span> <span class='ocrx_word' id='word_1_61' title='bbox 311 849 443 907; x_wconf 87' lang='lat' dir='ltr'><strong>tumoris</strong></span> <span class='ocrx_word' id='word_1_62' title='bbox 459 847 521 906; x_wconf 92' lang='lat' dir='ltr'><strong>sine</strong></span> <span class='ocrx_word' id='word_1_63' title='bbox 537 845 758 906; x_wconf 84' lang='lat' dir='ltr'><strong>inflammatione</strong></span> <span class='ocrx_word' id='word_1_64' title='bbox 772 845 858 906; x_wconf 91' lang='lat' dir='ltr'><strong>modo</strong></span> <span class='ocrx_word' id='word_1_65' title='bbox 874 848 1022 922; x_wconf 90' lang='lat' dir='ltr'><strong>minuitur,</strong></span> <span class='ocrx_word' id='word_1_66' title='bbox 1038 845 1128 906; x_wconf 90' lang='lat' dir='ltr'><strong>modo</strong></span> 
     </span>
     <span class='ocr_line' id='line_1_9' title="bbox 127 929 1127 1011; baseline -0.004 -18"><span class='ocrx_word' id='word_1_67' title='bbox 127 933 280 1000; x_wconf 87' lang='lat' dir='ltr'><strong>increscit;</strong></span> <span class='ocrx_word' id='word_1_68' title='bbox 300 941 403 1011; x_wconf 89' lang='lat' dir='ltr'><strong>estque</strong></span> <span class='ocrx_word' id='word_1_69' title='bbox 420 931 483 990; x_wconf 87' lang='lat' dir='ltr'><strong>iere</strong></span> <span class='ocrx_word' id='word_1_70' title='bbox 499 931 562 989; x_wconf 90' lang='lat' dir='ltr'><strong>sinc</strong></span> <span class='ocrx_word' id='word_1_71' title='bbox 576 929 696 1006; x_wconf 88' lang='lat' dir='ltr'><strong>dolore,</strong></span> <span class='ocrx_word' id='word_1_72' title='bbox 718 939 748 989; x_wconf 90' lang='lat' dir='ltr'><strong>et</strong></span> <span class='ocrx_word' id='word_1_73' title='bbox 762 949 848 1009; x_wconf 89' lang='lat' dir='ltr'><strong>quum</strong></span> <span class='ocrx_word' id='word_1_74' title='bbox 870 931 1053 1009; x_wconf 78' lang='lat' dir='ltr'><strong>conquiescit</strong></span> <span class='ocrx_word' id='word_1_75' title='bbox 1074 930 1127 990; x_wconf 87' lang='lat' dir='ltr'><strong>ali·</strong></span> 
     </span>
     <span class='ocr_line' id='line_1_10' title="bbox 128 1014 1127 1097; baseline -0.004 -21"><span class='ocrx_word' id='word_1_76' title='bbox 128 1018 193 1097; x_wconf 88' lang='lat' dir='ltr'><strong>quis</strong></span> <span class='ocrx_word' id='word_1_77' title='bbox 210 1024 258 1075; x_wconf 89' lang='lat' dir='ltr'><strong>ant</strong></span> <span class='ocrx_word' id='word_1_78' title='bbox 273 1017 369 1091; x_wconf 87' lang='lat' dir='ltr'><strong>jacet,</strong></span> <span class='ocrx_word' id='word_1_79' title='bbox 392 1014 534 1074; x_wconf 90' lang='lat' dir='ltr'><strong>interdum</strong></span> <span class='ocrx_word' id='word_1_80' title='bbox 551 1033 589 1072; x_wconf 85' lang='lat' dir='ltr'><strong>ex</strong></span> <span class='ocrx_word' id='word_1_81' title='bbox 605 1023 668 1074; x_wconf 88' lang='lat' dir='ltr'><strong>toto</strong></span> <span class='ocrx_word' id='word_1_82' title='bbox 686 1015 807 1092; x_wconf 80' lang='lat' dir='ltr'><strong>desidit,</strong></span> <span class='ocrx_word' id='word_1_83' title='bbox 829 1014 969 1074; x_wconf 89' lang='lat' dir='ltr'><strong>interdum</strong></span> <span class='ocrx_word' id='word_1_84' title='bbox 990 1016 1033 1075; x_wconf 90' lang='lat' dir='ltr'><strong>sic</strong></span> <span class='ocrx_word' id='word_1_85' title='bbox 1055 1014 1127 1074; x_wconf 81' lang='lat' dir='ltr'><strong>divi·</strong></span> 
     </span>
     <span class='ocr_line' id='line_1_11' title="bbox 128 1098 1164 1178; baseline -0.01 -16"><span class='ocrx_word' id='word_1_86' title='bbox 128 1100 218 1178; x_wconf 79' lang='lat' dir='ltr'><strong>dimr,</strong></span> <span class='ocrx_word' id='word_1_87' title='bbox 238 1108 268 1159; x_wconf 92' lang='lat' dir='ltr'><strong>nt</strong></span> <span class='ocrx_word' id='word_1_88' title='bbox 292 1102 321 1159; x_wconf 93' lang='lat' dir='ltr'><strong>in</strong></span> <span class='ocrx_word' id='word_1_89' title='bbox 342 1107 441 1159; x_wconf 92' lang='lat' dir='ltr'><strong>scroto</strong></span> <span class='ocrx_word' id='word_1_90' title='bbox 461 1099 585 1175; x_wconf 81' lang='lat' dir='ltr'><strong>exiguae</strong></span> <span class='ocrx_word' id='word_1_91' title='bbox 600 1098 742 1177; x_wconf 83' lang='lat' dir='ltr'><strong>reliquiae</strong></span> <span class='ocrx_word' id='word_1_92' title='bbox 763 1107 910 1158; x_wconf 87' lang='lat' dir='ltr'><strong>maneant:</strong></span> <span class='ocrx_word' id='word_1_93' title='bbox 937 1107 966 1159; x_wconf 88' lang='lat' dir='ltr'><strong>at</strong></span> <span class='ocrx_word' id='word_1_94' title='bbox 984 1099 1126 1173; x_wconf 87' lang='lat' dir='ltr'><strong>clamore,</strong></span> <span class='ocrx_word' id='word_1_95' title='bbox 1138 1111 1164 1152; x_wconf 85' lang='lat' dir='ltr'><strong>m</strong></span> 
     </span>
     <span class='ocr_line' id='line_1_12' title="bbox 130 1182 1155 1262; baseline -0.004 -17"><span class='ocrx_word' id='word_1_96' title='bbox 130 1194 159 1246; x_wconf 90' lang='lat' dir='ltr'><strong>et</strong></span> <span class='ocrx_word' id='word_1_97' title='bbox 173 1186 321 1260; x_wconf 86' lang='lat' dir='ltr'><strong>satietate,</strong></span> <span class='ocrx_word' id='word_1_98' title='bbox 344 1191 373 1243; x_wconf 89' lang='lat' dir='ltr'><strong>et</strong></span> <span class='ocrx_word' id='word_1_99' title='bbox 391 1184 415 1243; x_wconf 90' lang='lat' dir='ltr'><strong>si</strong></span> <span class='ocrx_word' id='word_1_100' title='bbox 430 1183 483 1243; x_wconf 89' lang='lat' dir='ltr'><strong>sub</strong></span> <span class='ocrx_word' id='word_1_101' title='bbox 499 1183 596 1260; x_wconf 84' lang='lat' dir='ltr'><strong>aliquo</strong></span> <span class='ocrx_word' id='word_1_102' title='bbox 609 1183 740 1262; x_wconf 84' lang='lat' dir='ltr'><strong>pondere</strong></span> <span class='ocrx_word' id='word_1_103' title='bbox 757 1184 782 1242; x_wconf 90' lang='lat' dir='ltr'><strong>is</strong></span> <span class='ocrx_word' id='word_1_104' title='bbox 798 1182 884 1242; x_wconf 92' lang='lat' dir='ltr'><strong>bomo</strong></span> <span class='ocrx_word' id='word_1_105' title='bbox 900 1184 978 1242; x_wconf 83' lang='lat' dir='ltr'><strong>nisus</strong></span> <span class='ocrx_word' id='word_1_106' title='bbox 990 1191 1045 1259; x_wconf 97' lang='grc' dir='ltr'><strong>εει,</strong></span> <span class='ocrx_word' id='word_1_107' title='bbox 1061 1199 1126 1242; x_wconf 89' lang='lat' dir='ltr'><strong>cre·</strong></span> <span class='ocrx_word' id='word_1_108' title='bbox 1151 1230 1155 1254; x_wconf 46' lang='lat'><em>2</em></span> 
     </span>
     <span class='ocr_line' id='line_1_13' title="bbox 127 1265 1126 1344; baseline -0.004 -15"><span class='ocrx_word' id='word_1_109' title='bbox 127 1269 198 1329; x_wconf 85' lang='lat' dir='ltr'><strong>scit:</strong></span> <span class='ocrx_word' id='word_1_110' title='bbox 214 1267 327 1343; x_wconf 84' lang='lat' dir='ltr'><strong>frigore</strong></span> <span class='ocrx_word' id='word_1_111' title='bbox 343 1268 419 1328; x_wconf 90' lang='lat' dir='ltr'><strong>omni</strong></span> <span class='ocrx_word' id='word_1_112' title='bbox 435 1266 626 1343; x_wconf 79' lang='lat' dir='ltr'><strong>contrahitur,</strong></span> <span class='ocrx_word' id='word_1_113' title='bbox 644 1267 744 1327; x_wconf 86' lang='lat' dir='ltr'><strong>calore</strong></span> <span class='ocrx_word' id='word_1_114' title='bbox 758 1265 935 1333; x_wconf 76' lang='lat' dir='ltr'><strong>diffunditur:</strong></span> <span class='ocrx_word' id='word_1_115' title='bbox 953 1276 1055 1344; x_wconf 90' lang='lat' dir='ltr'><strong>estque</strong></span> <span class='ocrx_word' id='word_1_116' title='bbox 1066 1275 1126 1326; x_wconf 87' lang='lat' dir='ltr'><strong>turn</strong></span> 
     </span>
     <span class='ocr_line' id='line_1_14' title="bbox 127 1350 1125 1428; baseline -0.002 -16"><span class='ocrx_word' id='word_1_117' title='bbox 127 1360 255 1412; x_wconf 90' lang='lat' dir='ltr'><strong>scrotum</strong></span> <span class='ocrx_word' id='word_1_118' title='bbox 270 1360 299 1410; x_wconf 89' lang='lat' dir='ltr'><strong>et</strong></span> <span class='ocrx_word' id='word_1_119' title='bbox 313 1352 476 1426; x_wconf 89' lang='lat' dir='ltr'><strong>rotundum,</strong></span> <span class='ocrx_word' id='word_1_120' title='bbox 491 1360 520 1410; x_wconf 93' lang='lat' dir='ltr'><strong>et</strong></span> <span class='ocrx_word' id='word_1_121' title='bbox 535 1359 613 1411; x_wconf 90' lang='lat' dir='ltr'><strong>tactu</strong></span> <span class='ocrx_word' id='word_1_122' title='bbox 629 1350 729 1411; x_wconf 87' lang='lat' dir='ltr'><strong>laeve:</strong></span> <span class='ocrx_word' id='word_1_123' title='bbox 745 1350 846 1428; x_wconf 92' lang='lat' dir='ltr'><strong>idque,</strong></span> <span class='ocrx_word' id='word_1_124' title='bbox 862 1350 939 1428; x_wconf 93' lang='lat' dir='ltr'><strong>quod</strong></span> <span class='ocrx_word' id='word_1_125' title='bbox 954 1350 1066 1425; x_wconf 89' lang='lat' dir='ltr'><strong>subest,</strong></span> <span class='ocrx_word' id='word_1_126' title='bbox 1083 1351 1125 1410; x_wconf 93' lang='lat' dir='ltr'><strong>lu-</strong></span> 
     </span>
     <span class='ocr_line' id='line_1_15' title="bbox 127 1435 1125 1514; baseline 0 -20"><span class='ocrx_word' id='word_1_127' title='bbox 127 1435 237 1496; x_wconf 89' lang='lat' dir='ltr'><strong>bricum</strong></span> <span class='ocrx_word' id='word_1_128' title='bbox 253 1444 312 1504; x_wconf 91' lang='lat' dir='ltr'><strong>est;</strong></span> <span class='ocrx_word' id='word_1_129' title='bbox 330 1436 354 1495; x_wconf 83' lang='lat' dir='ltr'><strong>si</strong></span> <span class='ocrx_word' id='word_1_130' title='bbox 372 1452 505 1514; x_wconf 89' lang='lat' dir='ltr'><strong>pressum</strong></span> <span class='ocrx_word' id='word_1_131' title='bbox 522 1445 582 1511; x_wconf 87' lang='lat' dir='ltr'><strong>est,</strong></span> <span class='ocrx_word' id='word_1_132' title='bbox 600 1435 635 1494; x_wconf 86' lang='lat' dir='ltr'><strong>ad</strong></span> <span class='ocrx_word' id='word_1_133' title='bbox 652 1437 760 1512; x_wconf 81' lang='lat' dir='ltr'><strong>inguen</strong></span> <span class='ocrx_word' id='word_1_134' title='bbox 773 1436 942 1503; x_wconf 77' lang='lat' dir='ltr'><strong>revertitur3</strong></span> <span class='ocrx_word' id='word_1_135' title='bbox 966 1435 1125 1494; x_wconf 91' lang='lat' dir='ltr'><strong>dimissum-</strong></span> 
     </span>
     <span class='ocr_line' id='line_1_16' title="bbox 128 1517 1161 1598; baseline -0.006 -20"><span class='ocrx_word' id='word_1_136' title='bbox 128 1523 201 1598; x_wconf 84' lang='lat' dir='ltr'><strong>que,</strong></span> <span class='ocrx_word' id='word_1_137' title='bbox 217 1521 319 1578; x_wconf 80' lang='lat' dir='ltr'><strong>iteruin</strong></span> <span class='ocrx_word' id='word_1_138' title='bbox 339 1538 403 1579; x_wconf 91' lang='lat' dir='ltr'><strong>curn</strong></span> <span class='ocrx_word' id='word_1_139' title='bbox 419 1519 542 1598; x_wconf 91' lang='lat' dir='ltr'><strong>quodam</strong></span> <span class='ocrx_word' id='word_1_140' title='bbox 558 1520 640 1597; x_wconf 89' lang='lat' dir='ltr'><strong>quasi</strong></span> <span class='ocrx_word' id='word_1_141' title='bbox 664 1537 806 1578; x_wconf 88' lang='lat' dir='ltr'><strong>murmure</strong></span> <span class='ocrx_word' id='word_1_142' title='bbox 829 1518 1002 1579; x_wconf 69' lang='lat' dir='ltr'><strong>devolvitur·</strong></span> <span class='ocrx_word' id='word_1_143' title='bbox 1036 1517 1076 1578; x_wconf 76' lang='lat' dir='ltr'><strong>bit</strong></span> <span class='ocrx_word' id='word_1_144' title='bbox 1096 1518 1126 1579; x_wconf 95' lang='lat' dir='ltr'><strong>id</strong></span> <span class='ocrx_word' id='word_1_145' title='bbox 1136 1533 1161 1573; x_wconf 82' lang='grc' dir='ltr'><strong>ιε</strong></span> 
     </span>
     <span class='ocr_line' id='line_1_17' title="bbox 126 1601 1155 1682; baseline -0.001 -18"><span class='ocrx_word' id='word_1_146' title='bbox 126 1601 240 1682; x_wconf 86' lang='lat' dir='ltr'><strong>quidem</strong></span> <span class='ocrx_word' id='word_1_147' title='bbox 252 1606 282 1663; x_wconf 95' lang='lat' dir='ltr'><strong>in</strong></span> <span class='ocrx_word' id='word_1_148' title='bbox 298 1603 457 1664; x_wconf 88' lang='lat' dir='ltr'><strong>levioribus</strong></span> <span class='ocrx_word' id='word_1_149' title='bbox 473 1603 555 1664; x_wconf 89' lang='lat' dir='ltr'><strong>maiis</strong></span> <span class='ocrx_word' id='word_1_150' title='bbox 571 1604 676 1662; x_wconf 84' lang='lat' dir='ltr'><strong>evenit.</strong></span> <span class='ocrx_word' id='word_1_151' title='bbox 709 1602 927 1681; x_wconf 86' lang='lat' dir='ltr'><strong>Nonnumquam</strong></span> <span class='ocrx_word' id='word_1_152' title='bbox 941 1612 1035 1663; x_wconf 88' lang='lat' dir='ltr'><strong>autem</strong></span> <span class='ocrx_word' id='word_1_153' title='bbox 1051 1612 1124 1663; x_wconf 90' lang='lat' dir='ltr'><strong>ster·</strong></span> <span class='ocrx_word' id='word_1_154' title='bbox 1152 1644 1155 1648; x_wconf 92' lang='lat'><em>-</em></span> 
     </span>
     <span class='ocr_line' id='line_1_18' title="bbox 126 1687 1124 1766; baseline -0.001 -18"><span class='ocrx_word' id='word_1_155' title='bbox 126 1704 197 1748; x_wconf 90' lang='lat' dir='ltr'><strong>core</strong></span> <span class='ocrx_word' id='word_1_156' title='bbox 220 1697 344 1766; x_wconf 89' lang='lat' dir='ltr'><strong>accepto</strong></span> <span class='ocrx_word' id='word_1_157' title='bbox 366 1689 475 1750; x_wconf 84' lang='lat' dir='ltr'><strong>vastius</strong></span> <span class='ocrx_word' id='word_1_158' title='bbox 496 1695 600 1762; x_wconf 90' lang='lat' dir='ltr'><strong>tumet,</strong></span> <span class='ocrx_word' id='word_1_159' title='bbox 625 1696 763 1765; x_wconf 92' lang='lat' dir='ltr'><strong>retroque</strong></span> <span class='ocrx_word' id='word_1_160' title='bbox 779 1687 916 1765; x_wconf 84' lang='lat' dir='ltr'><strong>compelli</strong></span> <span class='ocrx_word' id='word_1_161' title='bbox 931 1704 989 1746; x_wconf 89' lang='lat' dir='ltr'><strong>non</strong></span> <span class='ocrx_word' id='word_1_162' title='bbox 1009 1695 1124 1765; x_wconf 83' lang='lat' dir='ltr'><strong>potest:</strong></span> 
     </span>
     <span class='ocr_line' id='line_1_19' title="bbox 125 1770 1124 1851; baseline 0.001 -19"><span class='ocrx_word' id='word_1_163' title='bbox 125 1771 277 1851; x_wconf 86' lang='lat' dir='ltr'><strong>adfertque</strong></span> <span class='ocrx_word' id='word_1_164' title='bbox 294 1781 353 1833; x_wconf 89' lang='lat' dir='ltr'><strong>tum</strong></span> <span class='ocrx_word' id='word_1_165' title='bbox 376 1771 508 1832; x_wconf 86' lang='lat' dir='ltr'><strong>dolorem</strong></span> <span class='ocrx_word' id='word_1_166' title='bbox 524 1780 553 1831; x_wconf 91' lang='lat' dir='ltr'><strong>et</strong></span> <span class='ocrx_word' id='word_1_167' title='bbox 567 1781 666 1831; x_wconf 89' lang='lat' dir='ltr'><strong>scroto</strong></span> <span class='ocrx_word' id='word_1_168' title='bbox 684 1780 713 1830; x_wconf 89' lang='lat' dir='ltr'><strong>et</strong></span> <span class='ocrx_word' id='word_1_169' title='bbox 735 1770 900 1848; x_wconf 79' lang='lat' dir='ltr'><strong>inguinibus</strong></span> <span class='ocrx_word' id='word_1_170' title='bbox 916 1780 946 1830; x_wconf 92' lang='lat' dir='ltr'><strong>et</strong></span> <span class='ocrx_word' id='word_1_171' title='bbox 958 1771 1124 1843; x_wconf 88' lang='lat' dir='ltr'><strong>abdomini:</strong></span> 
     </span>
     <span class='ocr_line' id='line_1_20' title="bbox 125 1854 1125 1934; baseline -0.002 -19"><span class='ocrx_word' id='word_1_172' title='bbox 125 1873 335 1934; x_wconf 87' lang='lat' dir='ltr'><strong>nonnumquam</strong></span> <span class='ocrx_word' id='word_1_173' title='bbox 347 1856 514 1917; x_wconf 88' lang='lat' dir='ltr'><strong>stomachus</strong></span> <span class='ocrx_word' id='word_1_174' title='bbox 526 1871 641 1934; x_wconf 91' lang='lat' dir='ltr'><strong>quoque</strong></span> <span class='ocrx_word' id='word_1_175' title='bbox 658 1855 778 1915; x_wconf 75' lang='lat' dir='ltr'><strong>affectus</strong></span> <span class='ocrx_word' id='word_1_176' title='bbox 793 1857 912 1933; x_wconf 86' lang='lat' dir='ltr'><strong>primum</strong></span> <span class='ocrx_word' id='word_1_177' title='bbox 928 1855 1020 1914; x_wconf 83' lang='lat' dir='ltr'><strong>rufum</strong></span> <span class='ocrx_word' id='word_1_178' title='bbox 1034 1854 1125 1915; x_wconf 92' lang='lat' dir='ltr'><strong>bilem</strong></span> 
     </span>
     <span class='ocr_line' id='line_1_21' title="bbox 125 1937 1160 2018; baseline 0 -20"><span class='ocrx_word' id='word_1_179' title='bbox 125 1957 179 2017; x_wconf 89' lang='lat' dir='ltr'><strong>per</strong></span> <span class='ocrx_word' id='word_1_180' title='bbox 193 1957 227 1999; x_wconf 91' lang='lat' dir='ltr'><strong>os</strong></span> <span class='ocrx_word' id='word_1_181' title='bbox 248 1940 358 2018; x_wconf 88' lang='lat' dir='ltr'><strong>reddit,</strong></span> <span class='ocrx_word' id='word_1_182' title='bbox 380 1940 485 2001; x_wconf 89' lang='lat' dir='ltr'><strong>deindo</strong></span> <span class='ocrx_word' id='word_1_183' title='bbox 500 1940 635 2015; x_wconf 88' lang='lat' dir='ltr'><strong>viridem,</strong></span> <span class='ocrx_word' id='word_1_184' title='bbox 652 1937 820 2016; x_wconf 90' lang='lat' dir='ltr'><strong>quibusdam</strong></span> <span class='ocrx_word' id='word_1_185' title='bbox 838 1941 924 2000; x_wconf 91' lang='lat' dir='ltr'><strong>etiam</strong></span> <span class='ocrx_word' id='word_1_186' title='bbox 940 1941 1061 2015; x_wconf 89' lang='lat' dir='ltr'><strong>nigram.</strong></span> <span class='ocrx_word' id='word_1_187' title='bbox 1076 1938 1160 1998; x_wconf 80' lang='lat' dir='ltr'><strong>ln-2o</strong></span> 
     </span>
     <span class='ocr_line' id='line_1_22' title="bbox 123 2022 1123 2101; baseline -0.001 -18"><span class='ocrx_word' id='word_1_188' title='bbox 123 2026 215 2101; x_wconf 85' lang='lat' dir='ltr'><strong>tegris</strong></span> <span class='ocrx_word' id='word_1_189' title='bbox 230 2041 301 2085; x_wconf 91' lang='lat' dir='ltr'><strong>vero</strong></span> <span class='ocrx_word' id='word_1_190' title='bbox 317 2025 488 2085; x_wconf 89' lang='lat' dir='ltr'><strong>membranis</strong></span> <span class='ocrx_word' id='word_1_191' title='bbox 503 2024 643 2084; x_wconf 90' lang='lat' dir='ltr'><strong>interdum</strong></span> <span class='ocrx_word' id='word_1_192' title='bbox 668 2041 731 2082; x_wconf 92' lang='lat' dir='ltr'><strong>earn</strong></span> <span class='ocrx_word' id='word_1_193' title='bbox 753 2032 864 2101; x_wconf 88' lang='lat' dir='ltr'><strong>partem</strong></span> <span class='ocrx_word' id='word_1_194' title='bbox 886 2023 989 2082; x_wconf 87' lang='lat' dir='ltr'><strong>humor</strong></span> <span class='ocrx_word' id='word_1_195' title='bbox 1009 2022 1123 2082; x_wconf 89' lang='lat' dir='ltr'><strong>distrin-</strong></span> 
     </span>
     <span class='ocr_line' id='line_1_23' title="bbox 123 2105 1124 2188; baseline 0 -21"><span class='ocrx_word' id='word_1_196' title='bbox 123 2111 176 2185; x_wconf 90' lang='lat' dir='ltr'><strong>git.</strong></span> <span class='ocrx_word' id='word_1_197' title='bbox 204 2108 301 2185; x_wconf 76' lang='lat' dir='ltr'><strong>Atque</strong></span> <span class='ocrx_word' id='word_1_198' title='bbox 327 2112 390 2185; x_wconf 73' lang='lat' dir='ltr'><strong>eins</strong></span> <span class='ocrx_word' id='word_1_199' title='bbox 413 2126 528 2188; x_wconf 92' lang='lat' dir='ltr'><strong>quoque</strong></span> <span class='ocrx_word' id='word_1_200' title='bbox 550 2110 667 2188; x_wconf 87' lang='lat' dir='ltr'><strong>species</strong></span> <span class='ocrx_word' id='word_1_201' title='bbox 684 2107 758 2167; x_wconf 89' lang='lat' dir='ltr'><strong>duae</strong></span> <span class='ocrx_word' id='word_1_202' title='bbox 774 2116 848 2166; x_wconf 92' lang='lat' dir='ltr'><strong>sunt.</strong></span> <span class='ocrx_word' id='word_1_203' title='bbox 881 2105 954 2166; x_wconf 89' lang='lat' dir='ltr'><strong>Nam</strong></span> <span class='ocrx_word' id='word_1_204' title='bbox 979 2107 1026 2166; x_wconf 86' lang='lat' dir='ltr'><strong>vel</strong></span> <span class='ocrx_word' id='word_1_205' title='bbox 1048 2108 1124 2167; x_wconf 92' lang='lat' dir='ltr'><strong>inter</strong></span> 
     </span>
     <span class='ocr_line' id='line_1_24' title="bbox 124 2190 1123 2269; baseline 0 -19"><span class='ocrx_word' id='word_1_206' title='bbox 124 2194 235 2252; x_wconf 88' lang='lat' dir='ltr'><strong>tunicas</strong></span> <span class='ocrx_word' id='word_1_207' title='bbox 256 2195 281 2251; x_wconf 90' lang='lat' dir='ltr'><strong>is</strong></span> <span class='ocrx_word' id='word_1_208' title='bbox 300 2195 457 2269; x_wconf 90' lang='lat' dir='ltr'><strong>increscit,</strong></span> <span class='ocrx_word' id='word_1_209' title='bbox 478 2193 526 2251; x_wconf 85' lang='lat' dir='ltr'><strong>vel</strong></span> <span class='ocrx_word' id='word_1_210' title='bbox 548 2195 576 2250; x_wconf 93' lang='lat' dir='ltr'><strong>in</strong></span> <span class='ocrx_word' id='word_1_211' title='bbox 597 2190 769 2251; x_wconf 89' lang='lat' dir='ltr'><strong>membranis</strong></span> <span class='ocrx_word' id='word_1_212' title='bbox 787 2210 860 2269; x_wconf 92' lang='lat' dir='ltr'><strong>quae</strong></span> <span class='ocrx_word' id='word_1_213' title='bbox 882 2191 921 2250; x_wconf 94' lang='lat' dir='ltr'><strong>ibi</strong></span> <span class='ocrx_word' id='word_1_214' title='bbox 937 2193 1015 2251; x_wconf 90' lang='lat' dir='ltr'><strong>circa</strong></span> <span class='ocrx_word' id='word_1_215' title='bbox 1031 2208 1123 2250; x_wconf 90' lang='lat' dir='ltr'><strong>venas</strong></span> 
     </span>
     <span class='ocr_line' id='line_1_25' title="bbox 123 2275 1123 2352; baseline -0.002 -17"><span class='ocrx_word' id='word_1_216' title='bbox 123 2284 153 2335; x_wconf 97' lang='lat' dir='ltr'><strong>et</strong></span> <span class='ocrx_word' id='word_1_217' title='bbox 173 2278 295 2336; x_wconf 89' lang='lat' dir='ltr'><strong>arterias</strong></span> <span class='ocrx_word' id='word_1_218' title='bbox 314 2287 395 2352; x_wconf 88' lang='lat' dir='ltr'><strong>sunt,</strong></span> <span class='ocrx_word' id='word_1_219' title='bbox 421 2276 469 2334; x_wconf 93' lang='lat' dir='ltr'><strong>ubi</strong></span> <span class='ocrx_word' id='word_1_220' title='bbox 490 2293 543 2334; x_wconf 89' lang='lat' dir='ltr'><strong>eae</strong></span> <span class='ocrx_word' id='word_1_221' title='bbox 564 2285 703 2352; x_wconf 87' lang='lat' dir='ltr'><strong>gravatae</strong></span> <span class='ocrx_word' id='word_1_222' title='bbox 725 2275 936 2335; x_wconf 83' lang='lat' dir='ltr'><strong>occalluerunt.</strong></span> <span class='ocrx_word' id='word_1_223' title='bbox 974 2275 1019 2334; x_wconf 83' lang='lat' dir='ltr'><strong>Ac</strong></span> <span class='ocrx_word' id='word_1_224' title='bbox 1039 2293 1078 2335; x_wconf 87' lang='lat' dir='ltr'><strong>ne</strong></span> <span class='ocrx_word' id='word_1_225' title='bbox 1094 2277 1123 2334; x_wconf 91' lang='lat' dir='ltr'><strong>ei</strong></span> 
     </span>
     <span class='ocr_line' id='line_1_26' title="bbox 123 2357 1159 2438; baseline 0.003 -21"><span class='ocrx_word' id='word_1_226' title='bbox 123 2359 238 2436; x_wconf 90' lang='lat' dir='ltr'><strong>quidem</strong></span> <span class='ocrx_word' id='word_1_227' title='bbox 256 2358 384 2434; x_wconf 91' lang='lat' dir='ltr'><strong>humori,</strong></span> <span class='ocrx_word' id='word_1_228' title='bbox 405 2360 453 2438; x_wconf 91' lang='lat' dir='ltr'><strong>qui</strong></span> <span class='ocrx_word' id='word_1_229' title='bbox 474 2361 548 2418; x_wconf 88' lang='lat' dir='ltr'><strong>inter</strong></span> <span class='ocrx_word' id='word_1_230' title='bbox 566 2360 676 2419; x_wconf 90' lang='lat' dir='ltr'><strong>tunicas</strong></span> <span class='ocrx_word' id='word_1_231' title='bbox 699 2368 759 2435; x_wconf 90' lang='grc' dir='ltr'><strong>εει,</strong></span> <span class='ocrx_word' id='word_1_232' title='bbox 783 2378 838 2419; x_wconf 92' lang='lat' dir='ltr'><strong>una</strong></span> <span class='ocrx_word' id='word_1_233' title='bbox 854 2359 942 2418; x_wconf 89' lang='lat' dir='ltr'><strong>sedes</strong></span> <span class='ocrx_word' id='word_1_234' title='bbox 964 2368 1018 2419; x_wconf 88' lang='lat' dir='ltr'><strong>est.</strong></span> <span class='ocrx_word' id='word_1_235' title='bbox 1047 2357 1159 2420; x_wconf 70' lang='lat' dir='ltr'><strong>Names</strong></span> 
     </span>
     <span class='ocr_line' id='line_1_27' title="bbox 121 2440 1123 2517; baseline 0.004 -17"><span class='ocrx_word' id='word_1_236' title='bbox 121 2440 208 2500; x_wconf 91' lang='lat' dir='ltr'><strong>modo</strong></span> <span class='ocrx_word' id='word_1_237' title='bbox 224 2443 299 2501; x_wconf 91' lang='lat' dir='ltr'><strong>inter</strong></span> <span class='ocrx_word' id='word_1_238' title='bbox 314 2459 450 2502; x_wconf 89' lang='lat' dir='ltr'><strong>summam</strong></span> <span class='ocrx_word' id='word_1_239' title='bbox 463 2451 492 2501; x_wconf 88' lang='lat' dir='ltr'><strong>et</strong></span> <span class='ocrx_word' id='word_1_240' title='bbox 506 2444 644 2517; x_wconf 91' lang='lat' dir='ltr'><strong>mediam,</strong></span> <span class='ocrx_word' id='word_1_241' title='bbox 665 2443 751 2503; x_wconf 92' lang='lat' dir='ltr'><strong>modo</strong></span> <span class='ocrx_word' id='word_1_242' title='bbox 765 2445 840 2502; x_wconf 89' lang='lat' dir='ltr'><strong>inter</strong></span> <span class='ocrx_word' id='word_1_243' title='bbox 855 2442 977 2503; x_wconf 90' lang='lat' dir='ltr'><strong>mediam</strong></span> <span class='ocrx_word' id='word_1_244' title='bbox 992 2454 1021 2503; x_wconf 94' lang='lat' dir='ltr'><strong>et</strong></span> <span class='ocrx_word' id='word_1_245' title='bbox 1036 2444 1123 2504; x_wconf 88' lang='lat' dir='ltr'><strong>imam</strong></span> 
     </span>
     <span class='ocr_line' id='line_1_28' title="bbox 122 2514 1121 2607; baseline 0.007 -25"><span class='ocrx_word' id='word_1_246' title='bbox 122 2525 263 2583; x_wconf 85' lang='lat' dir='ltr'><strong>consistit.</strong></span> <span class='ocrx_word' id='word_1_247' title='bbox 300 2525 402 2585; x_wconf 87' lang='lat' dir='ltr'><strong>Graeci</strong></span> <span class='ocrx_word' id='word_1_248' title='bbox 419 2529 560 2586; x_wconf 90' lang='lat' dir='ltr'><strong>communi</strong></span> <span class='ocrx_word' id='word_1_249' title='bbox 580 2528 712 2603; x_wconf 83' lang='lat' dir='ltr'><strong>nornine,</strong></span> <span class='ocrx_word' id='word_1_250' title='bbox 735 2527 872 2606; x_wconf 91' lang='lat' dir='ltr'><strong>quidquid</strong></span> <span class='ocrx_word' id='word_1_251' title='bbox 895 2536 955 2604; x_wconf 88' lang='lat' dir='ltr'><strong>est,</strong></span> <span class='ocrx_word' id='word_1_252' title='bbox 978 2514 1121 2607; x_wconf 74' lang='grc' dir='ltr'><em>ὑδροκή-</em></span> 
     </span>
     <span class='ocr_line' id='line_1_29' title="bbox 120 2607 1120 2687; baseline 0.005 -21"><span class='ocrx_word' id='word_1_253' title='bbox 120 2607 184 2686; x_wconf 80' lang='grc' dir='ltr'><strong>λην</strong></span> <span class='ocrx_word' id='word_1_254' title='bbox 207 2607 373 2686; x_wconf 89' lang='lat' dir='ltr'><strong>appeliant:</strong></span> <span class='ocrx_word' id='word_1_255' title='bbox 397 2611 505 2687; x_wconf 90' lang='lat' dir='ltr'><strong>nostri,</strong></span> <span class='ocrx_word' id='word_1_256' title='bbox 528 2623 558 2672; x_wconf 94' lang='lat' dir='ltr'><strong>ut</strong></span> <span class='ocrx_word' id='word_1_257' title='bbox 578 2612 691 2671; x_wconf 86' lang='lat' dir='ltr'><strong>scilicet</strong></span> <span class='ocrx_word' id='word_1_258' title='bbox 711 2610 797 2672; x_wconf 88' lang='lat' dir='ltr'><strong>nullis</strong></span> <span class='ocrx_word' id='word_1_259' title='bbox 813 2611 1025 2672; x_wconf 86' lang='lat' dir='ltr'><strong>discriminibus</strong></span> <span class='ocrx_word' id='word_1_260' title='bbox 1049 2614 1120 2671; x_wconf 88' lang='lat' dir='ltr'><strong>satis</strong></span> 
     </span>
     <span class='ocr_line' id='line_1_30' title="bbox 121 2691 1119 2774; baseline 0.003 -23"><span class='ocrx_word' id='word_1_261' title='bbox 121 2693 264 2768; x_wconf 88' lang='lat' dir='ltr'><strong>cognitis,</strong></span> <span class='ocrx_word' id='word_1_262' title='bbox 286 2691 359 2751; x_wconf 88' lang='lat' dir='ltr'><strong>baec</strong></span> <span class='ocrx_word' id='word_1_263' title='bbox 380 2711 496 2773; x_wconf 91' lang='lat' dir='ltr'><strong>quoque</strong></span> <span class='ocrx_word' id='word_1_264' title='bbox 516 2696 569 2755; x_wconf 89' lang='lat' dir='ltr'><strong>sub</strong></span> <span class='ocrx_word' id='word_1_265' title='bbox 588 2695 690 2755; x_wconf 90' lang='lat' dir='ltr'><strong>eodem</strong></span> <span class='ocrx_word' id='word_1_266' title='bbox 706 2697 837 2774; x_wconf 89' lang='lat' dir='ltr'><strong>nomine,</strong></span> <span class='ocrx_word' id='word_1_267' title='bbox 865 2714 923 2774; x_wconf 96' lang='lat' dir='ltr'><strong>quo</strong></span> <span class='ocrx_word' id='word_1_268' title='bbox 939 2697 1053 2774; x_wconf 88' lang='lat' dir='ltr'><strong>priora,</strong></span> <span class='ocrx_word' id='word_1_269' title='bbox 1069 2694 1119 2755; x_wconf 88' lang='lat' dir='ltr'><strong>ba-</strong></span> 
     </span>
     <span class='ocr_line' id='line_1_31' title="bbox 119 2775 1156 2859; baseline 0.007 -25"><span class='ocrx_word' id='word_1_270' title='bbox 119 2775 198 2835; x_wconf 85' lang='lat' dir='ltr'><strong>bent.</strong></span> <span class='ocrx_word' id='word_1_271' title='bbox 227 2776 315 2852; x_wconf 87' lang='lat' dir='ltr'><strong>Signa</strong></span> <span class='ocrx_word' id='word_1_272' title='bbox 333 2786 427 2838; x_wconf 88' lang='lat' dir='ltr'><strong>autern</strong></span> <span class='ocrx_word' id='word_1_273' title='bbox 449 2779 589 2857; x_wconf 86' lang='lat' dir='ltr'><strong>quaedam</strong></span> <span class='ocrx_word' id='word_1_274' title='bbox 611 2782 870 2857; x_wconf 74' lang='lat' dir='ltr'><strong>communierunt,</strong></span> <span class='ocrx_word' id='word_1_275' title='bbox 897 2780 1037 2859; x_wconf 90' lang='lat' dir='ltr'><strong>quaedam</strong></span> <span class='ocrx_word' id='word_1_276' title='bbox 1050 2796 1156 2857; x_wconf 83' lang='lat' dir='ltr'><strong>pro-ao</strong></span> 
     </span>
     <span class='ocr_line' id='line_1_32' title="bbox 120 2860 1117 2942; baseline 0.004 -23"><span class='ocrx_word' id='word_1_277' title='bbox 120 2860 198 2940; x_wconf 85' lang='lat' dir='ltr'><strong>pria;</strong></span> <span class='ocrx_word' id='word_1_278' title='bbox 218 2863 394 2937; x_wconf 88' lang='lat' dir='ltr'><strong>communia,</strong></span> <span class='ocrx_word' id='word_1_279' title='bbox 410 2863 513 2942; x_wconf 91' lang='lat' dir='ltr'><strong>quibus</strong></span> <span class='ocrx_word' id='word_1_280' title='bbox 528 2864 628 2924; x_wconf 88' lang='lat' dir='ltr'><strong>humor</strong></span> <span class='ocrx_word' id='word_1_281' title='bbox 643 2862 883 2941; x_wconf 86' lang='lat' dir='ltr'><strong>deprehenditur;</strong></span> <span class='ocrx_word' id='word_1_282' title='bbox 907 2865 1041 2942; x_wconf 82' lang='lat' dir='ltr'><strong>propria,</strong></span> <span class='ocrx_word' id='word_1_283' title='bbox 1057 2863 1117 2942; x_wconf 92' lang='lat' dir='ltr'><strong>qui·</strong></span> 
     </span>
     <span class='ocr_line' id='line_1_33' title="bbox 119 2944 1117 3023; baseline 0.001 -19"><span class='ocrx_word' id='word_1_284' title='bbox 119 2945 173 3004; x_wconf 87' lang='lat' dir='ltr'><strong>bns</strong></span> <span class='ocrx_word' id='word_1_285' title='bbox 192 2944 285 3006; x_wconf 87' lang='lat' dir='ltr'><strong>iocus.</strong></span> <span class='ocrx_word' id='word_1_286' title='bbox 320 2945 476 3008; x_wconf 89' lang='lat' dir='ltr'><strong>Humorem</strong></span> <span class='ocrx_word' id='word_1_287' title='bbox 493 2947 616 3007; x_wconf 89' lang='lat' dir='ltr'><strong>subesse</strong></span> <span class='ocrx_word' id='word_1_288' title='bbox 632 2947 786 3023; x_wconf 86' lang='lat' dir='ltr'><strong>discimus,</strong></span> <span class='ocrx_word' id='word_1_289' title='bbox 807 2948 832 3007; x_wconf 91' lang='lat' dir='ltr'><strong>si</strong></span> <span class='ocrx_word' id='word_1_290' title='bbox 852 2956 946 3007; x_wconf 91' lang='lat' dir='ltr'><strong>tumor</strong></span> <span class='ocrx_word' id='word_1_291' title='bbox 962 2957 1021 3022; x_wconf 91' lang='lat' dir='ltr'><strong>est,</strong></span> <span class='ocrx_word' id='word_1_292' title='bbox 1039 2965 1117 3006; x_wconf 91' lang='lat' dir='ltr'><strong>num·</strong></span> 
     </span>
     <span class='ocr_line' id='line_1_34' title="bbox 119 3031 1118 3109; baseline 0.001 -21"><span class='ocrx_word' id='word_1_293' title='bbox 119 3046 202 3106; x_wconf 91' lang='lat' dir='ltr'><strong>qnam</strong></span> <span class='ocrx_word' id='word_1_294' title='bbox 220 3049 258 3090; x_wconf 83' lang='lat' dir='ltr'><strong>ex</strong></span> <span class='ocrx_word' id='word_1_295' title='bbox 275 3039 337 3091; x_wconf 92' lang='lat' dir='ltr'><strong>toto</strong></span> <span class='ocrx_word' id='word_1_296' title='bbox 356 3052 388 3092; x_wconf 92' lang='lat' dir='ltr'><strong>se</strong></span> <span class='ocrx_word' id='word_1_297' title='bbox 407 3033 572 3108; x_wconf 89' lang='lat' dir='ltr'><strong>remittens,</strong></span> <span class='ocrx_word' id='word_1_298' title='bbox 588 3032 640 3092; x_wconf 91' lang='lat' dir='ltr'><strong>sed</strong></span> <span class='ocrx_word' id='word_1_299' title='bbox 662 3032 802 3091; x_wconf 92' lang='lat' dir='ltr'><strong>interdurn</strong></span> <span class='ocrx_word' id='word_1_300' title='bbox 818 3031 913 3091; x_wconf 89' lang='lat' dir='ltr'><strong>levior</strong></span> <span class='ocrx_word' id='word_1_301' title='bbox 928 3041 975 3091; x_wconf 89' lang='lat' dir='ltr'><strong>aut</strong></span> <span class='ocrx_word' id='word_1_302' title='bbox 996 3040 1118 3109; x_wconf 79' lang='lat' dir='ltr'><strong>propter</strong></span> 
     </span>
     <span class='ocr_line' id='line_1_35' title="bbox 118 3112 1118 3195; baseline 0.001 -24"><span class='ocrx_word' id='word_1_303' title='bbox 118 3112 239 3188; x_wconf 81' lang='lat' dir='ltr'><strong>famem,</strong></span> <span class='ocrx_word' id='word_1_304' title='bbox 257 3123 305 3174; x_wconf 91' lang='lat' dir='ltr'><strong>ant</strong></span> <span class='ocrx_word' id='word_1_305' title='bbox 320 3125 441 3195; x_wconf 83' lang='lat' dir='ltr'><strong>propter</strong></span> <span class='ocrx_word' id='word_1_306' title='bbox 457 3116 647 3191; x_wconf 82' lang='lat' dir='ltr'><strong>febriculam,</strong></span> <span class='ocrx_word' id='word_1_307' title='bbox 664 3117 844 3194; x_wconf 83' lang='lat' dir='ltr'><strong>maximeque</strong></span> <span class='ocrx_word' id='word_1_308' title='bbox 858 3118 887 3176; x_wconf 93' lang='lat' dir='ltr'><strong>in</strong></span> <span class='ocrx_word' id='word_1_309' title='bbox 903 3117 1017 3195; x_wconf 87' lang='lat' dir='ltr'><strong>pueris:</strong></span> <span class='ocrx_word' id='word_1_310' title='bbox 1034 3116 1118 3193; x_wconf 91' lang='lat' dir='ltr'><strong>isque</strong></span> 
     </span>
     <span class='ocr_line' id='line_1_36' title="bbox 117 3195 1154 3274; baseline 0.004 -21"><span class='ocrx_word' id='word_1_311' title='bbox 117 3195 214 3255; x_wconf 89' lang='lat' dir='ltr'><strong>rnoilis</strong></span> <span class='ocrx_word' id='word_1_312' title='bbox 229 3207 289 3274; x_wconf 86' lang='lat' dir='ltr'><strong>est,</strong></span> <span class='ocrx_word' id='word_1_313' title='bbox 307 3200 331 3257; x_wconf 91' lang='lat' dir='ltr'><strong>si</strong></span> <span class='ocrx_word' id='word_1_314' title='bbox 346 3216 403 3258; x_wconf 91' lang='lat' dir='ltr'><strong>non</strong></span> <span class='ocrx_word' id='word_1_315' title='bbox 418 3201 521 3259; x_wconf 89' lang='lat' dir='ltr'><strong>nimius</strong></span> <span class='ocrx_word' id='word_1_316' title='bbox 538 3200 639 3260; x_wconf 88' lang='lat' dir='ltr'><strong>humor</strong></span> <span class='ocrx_word' id='word_1_317' title='bbox 655 3199 769 3271; x_wconf 83' lang='lat' dir='ltr'><strong>subest3</strong></span> <span class='ocrx_word' id='word_1_318' title='bbox 791 3209 820 3260; x_wconf 87' lang='lat' dir='ltr'><strong>at</strong></span> <span class='ocrx_word' id='word_1_319' title='bbox 844 3202 869 3259; x_wconf 95' lang='lat' dir='ltr'><strong>si</strong></span> <span class='ocrx_word' id='word_1_320' title='bbox 886 3202 911 3259; x_wconf 90' lang='lat' dir='ltr'><strong>is</strong></span> <span class='ocrx_word' id='word_1_321' title='bbox 926 3199 1154 3258; x_wconf 78' lang='lat' dir='ltr'><strong>vehementeros</strong></span> 
     </span>
     <span class='ocr_line' id='line_1_37' title="bbox 116 3279 1116 3362; baseline 0.008 -28"><span class='ocrx_word' id='word_1_322' title='bbox 116 3279 253 3357; x_wconf 84' lang='lat' dir='ltr'><strong>increvit,</strong></span> <span class='ocrx_word' id='word_1_323' title='bbox 271 3284 401 3343; x_wconf 90' lang='lat' dir='ltr'><strong>renititur</strong></span> <span class='ocrx_word' id='word_1_324' title='bbox 419 3287 495 3343; x_wconf 89' lang='lat' dir='ltr'><strong>sicut</strong></span> <span class='ocrx_word' id='word_1_325' title='bbox 511 3293 574 3342; x_wconf 92' lang='lat' dir='ltr'><strong>uter</strong></span> <span class='ocrx_word' id='word_1_326' title='bbox 588 3284 719 3362; x_wconf 88' lang='lat' dir='ltr'><strong>repletus</strong></span> <span class='ocrx_word' id='word_1_327' title='bbox 735 3293 763 3344; x_wconf 91' lang='lat' dir='ltr'><strong>et</strong></span> <span class='ocrx_word' id='word_1_328' title='bbox 778 3293 857 3344; x_wconf 88' lang='lat' dir='ltr'><strong>arcte</strong></span> <span class='ocrx_word' id='word_1_329' title='bbox 879 3284 1049 3344; x_wconf 85' lang='lat' dir='ltr'><strong>adstrictus:</strong></span> <span class='ocrx_word' id='word_1_330' title='bbox 1065 3302 1116 3342; x_wconf 86' lang='lat' dir='ltr'><strong>ue-</strong></span> 
     </span>
     <span class='ocr_line' id='line_1_38' title="bbox 117 3367 1117 3447; baseline 0.008 -28"><span class='ocrx_word' id='word_1_331' title='bbox 117 3377 171 3421; x_wconf 90' lang='lat' dir='ltr'><strong>nae</strong></span> <span class='ocrx_word' id='word_1_332' title='bbox 189 3382 305 3444; x_wconf 94' lang='lat' dir='ltr'><strong>quoque</strong></span> <span class='ocrx_word' id='word_1_333' title='bbox 319 3367 347 3425; x_wconf 95' lang='lat' dir='ltr'><strong>in</strong></span> <span class='ocrx_word' id='word_1_334' title='bbox 363 3377 462 3427; x_wconf 91' lang='lat' dir='ltr'><strong>scroto</strong></span> <span class='ocrx_word' id='word_1_335' title='bbox 479 3369 626 3438; x_wconf 83' lang='lat' dir='ltr'><strong>indantnr;</strong></span> <span class='ocrx_word' id='word_1_336' title='bbox 644 3377 684 3443; x_wconf 89' lang='lat' dir='ltr'><strong>et,</strong></span> <span class='ocrx_word' id='word_1_337' title='bbox 701 3370 726 3428; x_wconf 90' lang='lat' dir='ltr'><strong>si</strong></span> <span class='ocrx_word' id='word_1_338' title='bbox 742 3368 834 3445; x_wconf 82' lang='lat' dir='ltr'><strong>digito</strong></span> <span class='ocrx_word' id='word_1_339' title='bbox 850 3369 1023 3447; x_wconf 84' lang='lat' dir='ltr'><strong>pressimus,</strong></span> <span class='ocrx_word' id='word_1_340' title='bbox 1040 3367 1117 3427; x_wconf 91' lang='lat' dir='ltr'><strong>cedit</strong></span> 
     </span>
     <span class='ocr_line' id='line_1_39' title="bbox 119 3439 1117 3532; baseline 0.005 -27"><span class='ocrx_word' id='word_1_341' title='bbox 119 3439 228 3526; x_wconf 84' lang='lat' dir='ltr'><strong>humor,</strong></span> <span class='ocrx_word' id='word_1_342' title='bbox 251 3450 511 3532; x_wconf 82' lang='lat' dir='ltr'><strong>circumfluensque</strong></span> <span class='ocrx_word' id='word_1_343' title='bbox 540 3452 584 3527; x_wconf 93' lang='lat' dir='ltr'><strong>id,</strong></span> <span class='ocrx_word' id='word_1_344' title='bbox 608 3452 684 3531; x_wconf 95' lang='lat' dir='ltr'><strong>quod</strong></span> <span class='ocrx_word' id='word_1_345' title='bbox 704 3469 762 3512; x_wconf 93' lang='lat' dir='ltr'><strong>non</strong></span> <span class='ocrx_word' id='word_1_346' title='bbox 776 3453 930 3530; x_wconf 85' lang='lat' dir='ltr'><strong>premitur,</strong></span> <span class='ocrx_word' id='word_1_347' title='bbox 954 3450 1069 3529; x_wconf 88' lang='lat' dir='ltr'><strong>attollit,</strong></span> <span class='ocrx_word' id='word_1_348' title='bbox 1088 3459 1117 3510; x_wconf 86' lang='lat' dir='ltr'><strong>et</strong></span> 
     </span>
    </p>
   </div>
   <div class='ocr_carea' id='block_1_3' title="bbox 0 0 1212 3924">
    <p class='ocr_par' dir='ltr' id='par_1_3' title="bbox 0 0 1212 3924">
     <span class='ocr_line' id='line_1_40' title="bbox 0 0 1212 3924; baseline 0 3"><span class='ocrx_word' id='word_1_349' title='bbox 0 0 1212 3924; x_wconf 95' lang='lat' dir='ltr'><strong> </strong></span> 
     </span>
    </p>
   </div>
  </div>
 </body>
</html>
