<?xml version="1.0" encoding="UTF-8"?>
<!DOCTYPE html PUBLIC "-//W3C//DTD XHTML 1.0 Transitional//EN"
    "http://www.w3.org/TR/xhtml1/DTD/xhtml1-transitional.dtd">
<html xmlns="http://www.w3.org/1999/xhtml" xml:lang="en" lang="en">
 <head>
  <title>
</title>
<meta http-equiv="Content-Type" content="text/html;charset=utf-8" />
  <meta name='ocr-system' content='tesseract 3.04.00' />
  <meta name='ocr-capabilities' content='ocr_page ocr_carea ocr_par ocr_line ocrx_word'/>
</head>
<body>
  <div class='ocr_page' id='page_1' title='image "./cassiifelicisde00rosegoog_0291.png"; bbox 0 0 2414 3924; ppageno 0'>
   <div class='ocr_carea' id='block_1_1' title="bbox 147 216 850 269">
    <p class='ocr_par' dir='ltr' id='par_1_1' title="bbox 147 216 850 269">
     <span class='ocr_line' id='line_1_1' title="bbox 147 216 850 269; baseline -0.006 0"><span class='ocrx_word' id='word_1_1' title='bbox 147 221 210 269; x_wconf 82' lang='lat' dir='ltr'><strong><em>xvt</em></strong></span> <span class='ocrx_word' id='word_1_2' title='bbox 477 216 680 266; x_wconf 74' lang='lat' dir='ltr'><strong><em>Annosnsto</em></strong></span> <span class='ocrx_word' id='word_1_3' title='bbox 703 217 850 266; x_wconf 76' lang='lat' dir='ltr'><strong><em>cumch.</em></strong></span> 
     </span>
    </p>
   </div>
   <div class='ocr_carea' id='block_1_2' title="bbox 69 374 1179 3189">
    <p class='ocr_par' dir='ltr' id='par_1_2' title="bbox 69 374 1179 3189">
     <span class='ocr_line' id='line_1_2' title="bbox 148 374 1179 449; baseline 0.002 -17"><span class='ocrx_word' id='word_1_4' title='bbox 148 383 276 432; x_wconf 82' lang='lat' dir='ltr'><strong><em>aestatem</em></strong></span> <span class='ocrx_word' id='word_1_5' title='bbox 292 382 383 443; x_wconf 89' lang='lat' dir='ltr'><strong><em>terro,</em></strong></span> <span class='ocrx_word' id='word_1_6' title='bbox 403 375 489 430; x_wconf 77' lang='lat' dir='ltr'><strong><em>hieme</em></strong></span> <span class='ocrx_word' id='word_1_7' title='bbox 502 374 600 430; x_wconf 78' lang='lat' dir='ltr'><strong><em>durum</em></strong></span> <span class='ocrx_word' id='word_1_8' title='bbox 615 376 708 433; x_wconf 79' lang='lat' dir='ltr'><strong><em>cubile.</em></strong></span> <span class='ocrx_word' id='word_1_9' title='bbox 726 406 767 417; x_wconf 93' lang='lat'><em>-</em></span> <span class='ocrx_word' id='word_1_10' title='bbox 786 379 879 433; x_wconf 83' lang='lat' dir='ltr'><strong><em>Verhn</em></strong></span> <span class='ocrx_word' id='word_1_11' title='bbox 897 378 944 434; x_wconf 89' lang='lat' dir='ltr'><strong><em>illa</em></strong></span> <span class='ocrx_word' id='word_1_12' title='bbox 962 377 1070 449; x_wconf 89' lang='lat' dir='ltr'><strong><em>inepta:</em></strong></span> <span class='ocrx_word' id='word_1_13' title='bbox 1091 379 1179 434; x_wconf 80' lang='lat' dir='ltr'><strong><em>tectus</em></strong></span> 
     </span>
     <span class='ocr_line' id='line_1_3' title="bbox 149 458 1177 529; baseline 0 -11"><span class='ocrx_word' id='word_1_14' title='bbox 149 498 221 519; x_wconf 89' lang='grc'><strong>.....</strong></span> <span class='ocrx_word' id='word_1_15' title='bbox 239 460 325 514; x_wconf 81' lang='lat' dir='ltr'><strong><em>hieme</em></strong></span> <span class='ocrx_word' id='word_1_16' title='bbox 346 458 413 514; x_wconf 90' lang='lat' dir='ltr'><strong><em>licet</em></strong></span> <span class='ocrx_word' id='word_1_17' title='bbox 434 464 563 529; x_wconf 80' lang='lat' dir='ltr'><strong><em>suspectu</em></strong></span> <span class='ocrx_word' id='word_1_18' title='bbox 584 459 712 514; x_wconf 87' lang='lat' dir='ltr'><strong><em>hahuerit</em></strong></span> <span class='ocrx_word' id='word_1_19' title='bbox 729 461 835 529; x_wconf 75' lang='lat' dir='ltr'><strong><em>larga,</em></strong></span> <span class='ocrx_word' id='word_1_20' title='bbox 856 461 883 515; x_wconf 92' lang='lat' dir='ltr'><strong><em>in</em></strong></span> <span class='ocrx_word' id='word_1_21' title='bbox 898 467 1001 516; x_wconf 84' lang='lat' dir='ltr'><strong><em>textum</em></strong></span> <span class='ocrx_word' id='word_1_22' title='bbox 1023 468 1112 516; x_wconf 87' lang='lat' dir='ltr'><strong><em>tamen</em></strong></span> <span class='ocrx_word' id='word_1_23' title='bbox 1131 479 1177 518; x_wconf 84' lang='lat' dir='ltr'><strong><em>re-</em></strong></span> 
     </span>
     <span class='ocr_line' id='line_1_4' title="bbox 148 540 1177 614; baseline 0.002 -16"><span class='ocrx_word' id='word_1_24' title='bbox 148 542 237 614; x_wconf 80' lang='lat' dir='ltr'><strong><em>cepit;</em></strong></span> <span class='ocrx_word' id='word_1_25' title='bbox 261 544 357 608; x_wconf 83' lang='lat' dir='ltr'><strong><em>lectos,</em></strong></span> <span class='ocrx_word' id='word_1_26' title='bbox 373 547 449 595; x_wconf 89' lang='lat' dir='ltr'><strong><em>terro</em></strong></span> <span class='ocrx_word' id='word_1_27' title='bbox 464 546 493 595; x_wconf 90' lang='lat' dir='ltr'><strong><em>et</em></strong></span> <span class='ocrx_word' id='word_1_28' title='bbox 508 540 594 594; x_wconf 79' lang='lat' dir='ltr'><strong><em>hieme</em></strong></span> <span class='ocrx_word' id='word_1_29' title='bbox 613 542 641 596; x_wconf 92' lang='lat' dir='ltr'><strong><em>in</em></strong></span> <span class='ocrx_word' id='word_1_30' title='bbox 655 542 736 597; x_wconf 88' lang='lat' dir='ltr'><strong><em>codd.</em></strong></span> <span class='ocrx_word' id='word_1_31' title='bbox 751 544 813 598; x_wconf 85' lang='lat' dir='ltr'><strong><em>Vat.</em></strong></span> <span class='ocrx_word' id='word_1_32' title='bbox 825 543 889 598; x_wconf 87' lang='lat' dir='ltr'><strong><em>vlll</em></strong></span> <span class='ocrx_word' id='word_1_33' title='bbox 905 549 933 598; x_wconf 88' lang='lat' dir='ltr'><strong><em>et</em></strong></span> <span class='ocrx_word' id='word_1_34' title='bbox 949 544 1020 600; x_wconf 87' lang='lat' dir='ltr'><strong><em>hled.</em></strong></span> <span class='ocrx_word' id='word_1_35' title='bbox 1036 544 1048 598; x_wconf 92' lang='lat'>1</span> <span class='ocrx_word' id='word_1_36' title='bbox 1069 546 1177 601; x_wconf 75' lang='lat' dir='ltr'><strong>recenti</strong></span> 
     </span>
     <span class='ocr_line' id='line_1_5' title="bbox 148 620 1177 699; baseline 0.001 -18"><span class='ocrx_word' id='word_1_37' title='bbox 148 642 227 681; x_wconf 90' lang='lat' dir='ltr'><strong><em>manu</em></strong></span> <span class='ocrx_word' id='word_1_38' title='bbox 243 625 336 681; x_wconf 89' lang='lat' dir='ltr'><strong><em>addita</em></strong></span> <span class='ocrx_word' id='word_1_39' title='bbox 351 630 422 680; x_wconf 89' lang='lat' dir='ltr'><strong><em>sunt.</em></strong></span> <span class='ocrx_word' id='word_1_40' title='bbox 451 624 481 678; x_wconf 91' lang='lat' dir='ltr'><strong><em>ln</em></strong></span> <span class='ocrx_word' id='word_1_41' title='bbox 499 625 561 680; x_wconf 91' lang='lat' dir='ltr'><strong><em>cod.</em></strong></span> <span class='ocrx_word' id='word_1_42' title='bbox 573 629 642 683; x_wconf 83' lang='grc'>7028</span> <span class='ocrx_word' id='word_1_43' title='bbox 658 620 720 696; x_wconf 89' lang='lat' dir='ltr'><strong><em>(uhi</em></strong></span> <span class='ocrx_word' id='word_1_44' title='bbox 738 627 792 681; x_wconf 93' lang='lat' dir='ltr'><strong><em>hoc</em></strong></span> <span class='ocrx_word' id='word_1_45' title='bbox 805 627 953 681; x_wconf 83' lang='lat' dir='ltr'>membrum</span> <span class='ocrx_word' id='word_1_46' title='bbox 968 626 1012 681; x_wconf 89' lang='lat' dir='ltr'><strong><em>his</em></strong></span> <span class='ocrx_word' id='word_1_47' title='bbox 1027 628 1177 699; x_wconf 86' lang='lat' dir='ltr'><strong><em>reperitur,</em></strong></span> 
     </span>
     <span class='ocr_line' id='line_1_6' title="bbox 148 705 1176 780; baseline 0.004 -17"><span class='ocrx_word' id='word_1_48' title='bbox 148 710 186 765; x_wconf 83' lang='lat' dir='ltr'><strong><em>io.</em></strong></span> <span class='ocrx_word' id='word_1_49' title='bbox 203 713 236 767; x_wconf 77' lang='lat' dir='ltr'><strong><em>lt</em></strong></span> <span class='ocrx_word' id='word_1_50' title='bbox 254 714 283 763; x_wconf 87' lang='lat' dir='ltr'><strong><em>et</em></strong></span> <span class='ocrx_word' id='word_1_51' title='bbox 297 707 362 780; x_wconf 83' lang='lat'>146)</span> <span class='ocrx_word' id='word_1_52' title='bbox 380 705 483 777; x_wconf 82' lang='lat' dir='ltr'><strong><em>legitur</em></strong></span> <span class='ocrx_word' id='word_1_53' title='bbox 557 708 600 762; x_wconf 89' lang='lat' dir='ltr'><strong><em>oet</em></strong></span> <span class='ocrx_word' id='word_1_54' title='bbox 611 708 706 778; x_wconf 75' lang='lat' dir='ltr'><strong><em>tompus</em></strong></span> <span class='ocrx_word' id='word_1_55' title='bbox 716 722 771 778; x_wconf 84' lang='lat' dir='ltr'><strong><em>per</em></strong></span> <span class='ocrx_word' id='word_1_56' title='bbox 787 714 923 764; x_wconf 79' lang='lat' dir='ltr'><em>aestatem.</em></span> <span class='ocrx_word' id='word_1_57' title='bbox 953 709 1062 765; x_wconf 86' lang='lat' dir='ltr'><strong><em>Durum</em></strong></span> <span class='ocrx_word' id='word_1_58' title='bbox 1078 710 1176 768; x_wconf 80' lang='lat' dir='ltr'><em>cubile.</em></span> 
     </span>
     <span class='ocr_line' id='line_1_7' title="bbox 147 790 1176 864; baseline 0.003 -18"><span class='ocrx_word' id='word_1_59' title='bbox 147 791 225 846; x_wconf 89' lang='lat' dir='ltr'><strong><em>Unde</em></strong></span> <span class='ocrx_word' id='word_1_60' title='bbox 243 797 359 862; x_wconf 87' lang='lat' dir='ltr'><strong><em>apparet</em></strong></span> <span class='ocrx_word' id='word_1_61' title='bbox 374 790 513 858; x_wconf 77' lang='lat' dir='ltr'><strong><em>glossema</em></strong></span> <span class='ocrx_word' id='word_1_62' title='bbox 524 805 578 859; x_wconf 84' lang='lat' dir='ltr'><strong><em>per</em></strong></span> <span class='ocrx_word' id='word_1_63' title='bbox 593 796 721 844; x_wconf 79' lang='lat' dir='ltr'><strong><em>aestatem</em></strong></span> <span class='ocrx_word' id='word_1_64' title='bbox 738 792 773 846; x_wconf 96' lang='lat' dir='ltr'><strong><em>ad</em></strong></span> <span class='ocrx_word' id='word_1_65' title='bbox 788 808 884 848; x_wconf 87' lang='lat' dir='ltr'><strong><em>vocem</em></strong></span> <span class='ocrx_word' id='word_1_66' title='bbox 898 807 1009 848; x_wconf 80' lang='lat' dir='ltr'><strong><em>somnus</em></strong></span> <span class='ocrx_word' id='word_1_67' title='bbox 1023 793 1176 864; x_wconf 85' lang='lat' dir='ltr'><strong><em>pertinere,</em></strong></span> 
     </span>
     <span class='ocr_line' id='line_1_8' title="bbox 146 872 1176 948; baseline 0.003 -19"><span class='ocrx_word' id='word_1_68' title='bbox 146 875 232 945; x_wconf 88' lang='lat' dir='ltr'><strong><em>idque</em></strong></span> <span class='ocrx_word' id='word_1_69' title='bbox 253 873 449 944; x_wconf 88' lang='lat' dir='ltr'><strong><em>comprobatur</em></strong></span> <span class='ocrx_word' id='word_1_70' title='bbox 471 872 552 927; x_wconf 92' lang='lat' dir='ltr'><strong><em>codd.</em></strong></span> <span class='ocrx_word' id='word_1_71' title='bbox 569 873 629 928; x_wconf 85' lang='lat' dir='ltr'><strong><em>Vnt.</em></strong></span> <span class='ocrx_word' id='word_1_72' title='bbox 646 873 708 928; x_wconf 89' lang='lat' dir='ltr'><strong><em>Vlll</em></strong></span> <span class='ocrx_word' id='word_1_73' title='bbox 728 880 757 928; x_wconf 89' lang='lat' dir='ltr'><strong><em>et</em></strong></span> <span class='ocrx_word' id='word_1_74' title='bbox 776 874 847 931; x_wconf 84' lang='lat' dir='ltr'><strong><em>Med.</em></strong></span> <span class='ocrx_word' id='word_1_75' title='bbox 866 876 887 931; x_wconf 91' lang='lat' dir='ltr'><strong><em>l.</em></strong></span> <span class='ocrx_word' id='word_1_76' title='bbox 905 905 946 914; x_wconf 90' lang='lat'>—</span> <span class='ocrx_word' id='word_1_77' title='bbox 973 875 1053 947; x_wconf 81' lang='lat' dir='ltr'><strong><em>Apud</em></strong></span> <span class='ocrx_word' id='word_1_78' title='bbox 1070 875 1176 948; x_wconf 83' lang='lat' dir='ltr'><strong><em>hippo-</em></strong></span> 
     </span>
     <span class='ocr_line' id='line_1_9' title="bbox 146 955 1176 1029; baseline 0.003 -18"><span class='ocrx_word' id='word_1_79' title='bbox 146 961 261 1026; x_wconf 87' lang='lat' dir='ltr'><strong><em>cratem,</em></strong></span> <span class='ocrx_word' id='word_1_80' title='bbox 277 956 349 1011; x_wconf 91' lang='lat' dir='ltr'><strong><em>unde</em></strong></span> <span class='ocrx_word' id='word_1_81' title='bbox 364 955 409 1009; x_wconf 91' lang='lat' dir='ltr'><strong><em>hio</em></strong></span> <span class='ocrx_word' id='word_1_82' title='bbox 421 955 499 1010; x_wconf 90' lang='lat' dir='ltr'><strong><em>locus</em></strong></span> <span class='ocrx_word' id='word_1_83' title='bbox 515 955 661 1011; x_wconf 85' lang='lat' dir='ltr'><strong><em>rnnnileste</em></strong></span> <span class='ocrx_word' id='word_1_84' title='bbox 674 957 833 1028; x_wconf 87' lang='lat' dir='ltr'><strong><em>desumptus</em></strong></span> <span class='ocrx_word' id='word_1_85' title='bbox 850 964 904 1028; x_wconf 86' lang='lat' dir='ltr'><strong><em>est,</em></strong></span> <span class='ocrx_word' id='word_1_86' title='bbox 920 958 1091 1014; x_wconf 86' lang='lat' dir='ltr'><strong>solummodo</strong></span> <span class='ocrx_word' id='word_1_87' title='bbox 1102 960 1176 1029; x_wconf 79' lang='lat' dir='ltr'><strong><em>legi-</em></strong></span> 
     </span>
     <span class='ocr_line' id='line_1_10' title="bbox 146 1031 1176 1112; baseline 0.003 -18"><span class='ocrx_word' id='word_1_88' title='bbox 146 1047 206 1094; x_wconf 90' lang='lat' dir='ltr'><strong><em>tur:</em></strong></span> <span class='ocrx_word' id='word_1_89' title='bbox 230 1031 473 1112; x_wconf 77' lang='grc' dir='ltr'><strong><em>σκληροκοιτὲειν.</em></strong></span> <span class='ocrx_word' id='word_1_90' title='bbox 510 1037 660 1093; x_wconf 81' lang='lat' dir='ltr'><strong><em>contextus</em></strong></span> <span class='ocrx_word' id='word_1_91' title='bbox 683 1039 803 1110; x_wconf 87' lang='lat' dir='ltr'><strong><em>deniqne</em></strong></span> <span class='ocrx_word' id='word_1_92' title='bbox 818 1040 988 1096; x_wconf 87' lang='lat' dir='ltr'><strong><em>demonstrat</em></strong></span> <span class='ocrx_word' id='word_1_93' title='bbox 1002 1042 1048 1097; x_wconf 90' lang='lat' dir='ltr'><strong><em>hic</em></strong></span> <span class='ocrx_word' id='word_1_94' title='bbox 1066 1042 1176 1097; x_wconf 82' lang='lat' dir='ltr'><strong><em>Celsum</em></strong></span> 
     </span>
     <span class='ocr_line' id='line_1_11' title="bbox 147 1120 1175 1180; baseline 0.004 -4"><span class='ocrx_word' id='word_1_95' title='bbox 147 1122 248 1177; x_wconf 82' lang='lat' dir='ltr'><strong><em>nullum</em></strong></span> <span class='ocrx_word' id='word_1_96' title='bbox 274 1121 479 1177; x_wconf 74' lang='lat' dir='ltr'><strong><em>distinctionem</em></strong></span> <span class='ocrx_word' id='word_1_97' title='bbox 507 1120 580 1175; x_wconf 92' lang='lat' dir='ltr'><strong><em>inter</em></strong></span> <span class='ocrx_word' id='word_1_98' title='bbox 606 1128 739 1177; x_wconf 78' lang='lat' dir='ltr'><strong><em>aestatem</em></strong></span> <span class='ocrx_word' id='word_1_99' title='bbox 766 1129 794 1177; x_wconf 92' lang='lat' dir='ltr'><strong><em>et</em></strong></span> <span class='ocrx_word' id='word_1_100' title='bbox 816 1124 932 1180; x_wconf 84' lang='lat' dir='ltr'><strong><em>hiemem</em></strong></span> <span class='ocrx_word' id='word_1_101' title='bbox 959 1125 986 1178; x_wconf 91' lang='lat' dir='ltr'><strong><em>in</em></strong></span> <span class='ocrx_word' id='word_1_102' title='bbox 1013 1125 1104 1180; x_wconf 90' lang='lat' dir='ltr'><strong><em>animo</em></strong></span> <span class='ocrx_word' id='word_1_103' title='bbox 1126 1126 1175 1180; x_wconf 86' lang='lat' dir='ltr'><strong><em>ha-</em></strong></span> 
     </span>
     <span class='ocr_line' id='line_1_12' title="bbox 146 1202 1173 1279; baseline 0.003 -19"><span class='ocrx_word' id='word_1_104' title='bbox 146 1205 252 1264; x_wconf 88' lang='lat' dir='ltr'><strong><em>huisse.</em></strong></span> <span class='ocrx_word' id='word_1_105' title='bbox 339 1210 382 1272; x_wconf 82' lang='lat'><strong><em>18,</em></strong></span> <span class='ocrx_word' id='word_1_106' title='bbox 397 1208 428 1260; x_wconf 85' lang='lat' dir='ltr'><strong><em>m</em></strong></span> <span class='ocrx_word' id='word_1_107' title='bbox 451 1202 600 1275; x_wconf 75' lang='lat' dir='ltr'><strong><em>perfripidi</em></strong></span> <span class='ocrx_word' id='word_1_108' title='bbox 619 1206 700 1260; x_wconf 84' lang='lat' dir='ltr'><strong><em>codd.</em></strong></span> <span class='ocrx_word' id='word_1_109' title='bbox 719 1221 813 1262; x_wconf 89' lang='lat' dir='ltr'><strong><em>ornnes</em></strong></span> <span class='ocrx_word' id='word_1_110' title='bbox 837 1223 907 1278; x_wconf 89' lang='lat' dir='ltr'><strong><em>qnos</em></strong></span> <span class='ocrx_word' id='word_1_111' title='bbox 928 1207 1017 1278; x_wconf 79' lang='lat' dir='ltr'><strong><em>&#39;larga</em></strong></span> <span class='ocrx_word' id='word_1_112' title='bbox 1041 1208 1173 1279; x_wconf 82' lang='lat' dir='ltr'><strong><em>inspexit.</em></strong></span> 
     </span>
     <span class='ocr_line' id='line_1_13' title="bbox 147 1285 1173 1362; baseline 0.005 -21"><span class='ocrx_word' id='word_1_113' title='bbox 147 1287 206 1356; x_wconf 79' lang='lat' dir='ltr'><strong><em>Ego</em></strong></span> <span class='ocrx_word' id='word_1_114' title='bbox 232 1303 300 1342; x_wconf 86' lang='lat' dir='ltr'><strong><em>vero</em></strong></span> <span class='ocrx_word' id='word_1_115' title='bbox 328 1285 492 1341; x_wconf 83' lang='lat' dir='ltr'><strong><em>auctoritate</em></strong></span> <span class='ocrx_word' id='word_1_116' title='bbox 520 1293 661 1357; x_wconf 87' lang='lat' dir='ltr'><strong><em>permotus</em></strong></span> <span class='ocrx_word' id='word_1_117' title='bbox 686 1288 748 1344; x_wconf 92' lang='lat' dir='ltr'><strong><em>cod.</em></strong></span> <span class='ocrx_word' id='word_1_118' title='bbox 772 1288 857 1345; x_wconf 86' lang='lat' dir='ltr'><strong><em>Paris.</em></strong></span> <span class='ocrx_word' id='word_1_119' title='bbox 879 1295 948 1349; x_wconf 87' lang='grc'>7028</span> <span class='ocrx_word' id='word_1_120' title='bbox 976 1290 1023 1345; x_wconf 92' lang='lat' dir='ltr'><strong><em>ubi</em></strong></span> <span class='ocrx_word' id='word_1_121' title='bbox 1044 1289 1173 1362; x_wconf 73' lang='lat' dir='ltr'><strong><em>praefri-</em></strong></span> 
     </span>
     <span class='ocr_line' id='line_1_14' title="bbox 91 1368 1175 1443; baseline 0.005 -20"><span class='ocrx_word' id='word_1_122' title='bbox 91 1407 92 1411; x_wconf 65' lang='lat'>,</span> <span class='ocrx_word' id='word_1_123' title='bbox 145 1370 203 1441; x_wconf 73' lang='lat' dir='ltr'><strong><em>picti</em></strong></span> <span class='ocrx_word' id='word_1_124' title='bbox 222 1369 377 1440; x_wconf 88' lang='lat' dir='ltr'><strong><em>reperitur,</em></strong></span> <span class='ocrx_word' id='word_1_125' title='bbox 399 1375 428 1424; x_wconf 92' lang='lat' dir='ltr'><strong><em>et</em></strong></span> <span class='ocrx_word' id='word_1_126' title='bbox 449 1368 523 1424; x_wconf 79' lang='lat' dir='ltr'><strong><em>Celsi</em></strong></span> <span class='ocrx_word' id='word_1_127' title='bbox 547 1369 636 1440; x_wconf 90' lang='lat' dir='ltr'><strong><em>ipsius</em></strong></span> <span class='ocrx_word' id='word_1_128' title='bbox 659 1371 705 1440; x_wconf 88' lang='lat' dir='ltr'><strong><em>qui</em></strong></span> <span class='ocrx_word' id='word_1_129' title='bbox 727 1371 771 1426; x_wconf 90' lang='lat' dir='ltr'><strong><em>his</em></strong></span> <span class='ocrx_word' id='word_1_130' title='bbox 792 1387 862 1428; x_wconf 86' lang='lat' dir='ltr'><strong><em>voce</em></strong></span> <span class='ocrx_word' id='word_1_131' title='bbox 883 1373 1074 1443; x_wconf 77' lang='lat' dir='ltr'><strong><em>praefripr&#39;dcs</em></strong></span> <span class='ocrx_word' id='word_1_132' title='bbox 1089 1376 1175 1428; x_wconf 89' lang='lat' dir='ltr'><strong><em>utitur</em></strong></span> 
     </span>
     <span class='ocr_line' id='line_1_15' title="bbox 146 1446 1174 1527; baseline -0.001 -15"><span class='ocrx_word' id='word_1_133' title='bbox 146 1451 189 1526; x_wconf 76' lang='lat' dir='ltr'><strong><em>(p</em></strong></span> <span class='ocrx_word' id='word_1_134' title='bbox 198 1457 281 1522; x_wconf 79' lang='grc'>72,4;</span> <span class='ocrx_word' id='word_1_135' title='bbox 293 1457 353 1521; x_wconf 85' lang='grc'>186,</span> <span class='ocrx_word' id='word_1_136' title='bbox 361 1446 420 1523; x_wconf 86' lang='grc'>26),</span> <span class='ocrx_word' id='word_1_137' title='bbox 432 1453 603 1524; x_wconf 78' lang='lat' dir='ltr'><strong><em>proefm&#39;pr&#39;di</em></strong></span> <span class='ocrx_word' id='word_1_138' title='bbox 614 1453 677 1509; x_wconf 93' lang='lat' dir='ltr'><strong><em>loco</em></strong></span> <span class='ocrx_word' id='word_1_139' title='bbox 692 1454 842 1524; x_wconf 75' lang='lat' dir='ltr'><strong><em>perfripidi</em></strong></span> <span class='ocrx_word' id='word_1_140' title='bbox 856 1456 961 1527; x_wconf 81' lang='lat' dir='ltr'><strong><em>recepi.</em></strong></span> <span class='ocrx_word' id='word_1_141' title='bbox 986 1456 1174 1527; x_wconf 70' lang='lat' dir='ltr'><strong><em>Hippocrates</em></strong></span> 
     </span>
     <span class='ocr_line' id='line_1_16' title="bbox 146 1521 1176 1610; baseline 0.001 -19"><span class='ocrx_word' id='word_1_142' title='bbox 146 1533 220 1609; x_wconf 77' lang='lat' dir='ltr'><strong><em>(hoco</em></strong></span> <span class='ocrx_word' id='word_1_143' title='bbox 242 1537 271 1590; x_wconf 86' lang='lat' dir='ltr'><strong><em>in</em></strong></span> <span class='ocrx_word' id='word_1_144' title='bbox 291 1542 366 1590; x_wconf 79' lang='lat' dir='ltr'><strong><em>teuto</em></strong></span> <span class='ocrx_word' id='word_1_145' title='bbox 386 1532 474 1609; x_wconf 81' lang='lat' dir='ltr'><strong><em>louet.)</em></strong></span> <span class='ocrx_word' id='word_1_146' title='bbox 494 1521 533 1608; x_wconf 74' lang='grc' dir='ltr'><strong><em>μή</em></strong></span> <span class='ocrx_word' id='word_1_147' title='bbox 554 1523 668 1606; x_wconf 80' lang='grc' dir='ltr'><strong><em>σφόδρα</em></strong></span> <span class='ocrx_word' id='word_1_148' title='bbox 690 1527 807 1610; x_wconf 82' lang='grc' dir='ltr'><strong><em>ψυχρόν</em></strong></span> <span class='ocrx_word' id='word_1_149' title='bbox 828 1538 950 1594; x_wconf 85' lang='lat' dir='ltr'><strong><em>exhibet.</em></strong></span> <span class='ocrx_word' id='word_1_150' title='bbox 1041 1544 1117 1608; x_wconf 85' lang='grc'>22,6</span> <span class='ocrx_word' id='word_1_151' title='bbox 1137 1540 1176 1593; x_wconf 87' lang='lat' dir='ltr'><strong><em>od</em></strong></span> 
     </span>
     <span class='ocr_line' id='line_1_17' title="bbox 146 1616 1175 1692; baseline 0.003 -18"><span class='ocrx_word' id='word_1_152' title='bbox 146 1627 232 1674; x_wconf 82' lang='lat' dir='ltr'><strong><em>entem</em></strong></span> <span class='ocrx_word' id='word_1_153' title='bbox 244 1619 350 1674; x_wconf 78' lang='lat' dir='ltr'><strong><em>tonderi</em></strong></span> <span class='ocrx_word' id='word_1_154' title='bbox 358 1616 486 1691; x_wconf 81' lang='lat' dir='ltr'><strong><em>[utileque</em></strong></span> <span class='ocrx_word' id='word_1_155' title='bbox 497 1620 590 1674; x_wconf 85' lang='lat' dir='ltr'><strong><em>lunam</em></strong></span> <span class='ocrx_word' id='word_1_156' title='bbox 604 1621 703 1686; x_wconf 84' lang='lat' dir='ltr'><strong><em>citare,</em></strong></span> <span class='ocrx_word' id='word_1_157' title='bbox 719 1623 893 1692; x_wconf 78' lang='lat' dir='ltr'><strong><em>meximeque</em></strong></span> <span class='ocrx_word' id='word_1_158' title='bbox 908 1628 971 1676; x_wconf 87' lang='lat' dir='ltr'><strong><em>onte</em></strong></span> <span class='ocrx_word' id='word_1_159' title='bbox 986 1625 1076 1692; x_wconf 83' lang='lat' dir='ltr'><strong><em>ipsum</em></strong></span> <span class='ocrx_word' id='word_1_160' title='bbox 1091 1623 1175 1676; x_wconf 83' lang='lat' dir='ltr'><strong><em>lunae</em></strong></span> 
     </span>
     <span class='ocr_line' id='line_1_18' title="bbox 146 1696 1173 1774; baseline 0.001 -15"><span class='ocrx_word' id='word_1_161' title='bbox 146 1705 264 1774; x_wconf 84' lang='lat' dir='ltr'><strong><em>solisque</em></strong></span> <span class='ocrx_word' id='word_1_162' title='bbox 274 1703 415 1773; x_wconf 82' lang='lat' dir='ltr'><strong><em>occasum]</em></strong></span> <span class='ocrx_word' id='word_1_163' title='bbox 426 1703 477 1757; x_wconf 85' lang='lat' dir='ltr'><strong><em>sed</em></strong></span> <span class='ocrx_word' id='word_1_164' title='bbox 485 1719 632 1774; x_wconf 80' lang='lat' dir='ltr'><strong><em>numquam</em></strong></span> <span class='ocrx_word' id='word_1_165' title='bbox 644 1710 710 1773; x_wconf 80' lang='lat' dir='ltr'><strong><em>post</em></strong></span> <span class='ocrx_word' id='word_1_166' title='bbox 720 1696 815 1771; x_wconf 81' lang='lat' dir='ltr'><strong><em>cibum,</em></strong></span> <span class='ocrx_word' id='word_1_167' title='bbox 829 1704 928 1774; x_wconf 78' lang='lat' dir='ltr'><strong><em>Terga.</em></strong></span> <span class='ocrx_word' id='word_1_168' title='bbox 938 1733 978 1743; x_wconf 85' lang='lat'>—</span> <span class='ocrx_word' id='word_1_169' title='bbox 988 1705 1081 1760; x_wconf 81' lang='lat' dir='ltr'><strong><em>Verba</em></strong></span> <span class='ocrx_word' id='word_1_170' title='bbox 1094 1706 1173 1760; x_wconf 88' lang='lat' dir='ltr'><strong><em>uncis</em></strong></span> 
     </span>
     <span class='ocr_line' id='line_1_19' title="bbox 145 1785 1173 1857; baseline -0.001 -15"><span class='ocrx_word' id='word_1_171' title='bbox 145 1787 255 1842; x_wconf 89' lang='lat' dir='ltr'><strong><em>seclusa</em></strong></span> <span class='ocrx_word' id='word_1_172' title='bbox 267 1785 455 1841; x_wconf 83' lang='lat' dir='ltr'><strong><em>deliramentis</em></strong></span> <span class='ocrx_word' id='word_1_173' title='bbox 468 1785 638 1855; x_wconf 75' lang='lat' dir='ltr'><strong><em>astrologiae</em></strong></span> <span class='ocrx_word' id='word_1_174' title='bbox 649 1786 769 1856; x_wconf 77' lang='lat' dir='ltr'><strong><em>referta,</em></strong></span> <span class='ocrx_word' id='word_1_175' title='bbox 787 1788 821 1842; x_wconf 85' lang='lat' dir='ltr'><strong><em>ah</em></strong></span> <span class='ocrx_word' id='word_1_176' title='bbox 836 1787 930 1857; x_wconf 88' lang='lat' dir='ltr'><strong><em>aliquo</em></strong></span> <span class='ocrx_word' id='word_1_177' title='bbox 944 1788 1035 1844; x_wconf 90' lang='lat' dir='ltr'><strong><em>sciolo</em></strong></span> <span class='ocrx_word' id='word_1_178' title='bbox 1053 1788 1086 1842; x_wconf 86' lang='lat' dir='ltr'><strong><em>nd</em></strong></span> <span class='ocrx_word' id='word_1_179' title='bbox 1101 1804 1173 1843; x_wconf 83' lang='lat' dir='ltr'><strong><em>mnr-</em></strong></span> 
     </span>
     <span class='ocr_line' id='line_1_20' title="bbox 146 1868 1172 1942; baseline 0 -18"><span class='ocrx_word' id='word_1_180' title='bbox 146 1871 238 1940; x_wconf 79' lang='lat' dir='ltr'><strong><em>ginem</em></strong></span> <span class='ocrx_word' id='word_1_181' title='bbox 254 1868 348 1941; x_wconf 89' lang='lat' dir='ltr'><strong><em>inepte</em></strong></span> <span class='ocrx_word' id='word_1_182' title='bbox 365 1868 483 1939; x_wconf 90' lang='lat' dir='ltr'><strong><em>scripta,</em></strong></span> <span class='ocrx_word' id='word_1_183' title='bbox 499 1868 620 1940; x_wconf 85' lang='lat' dir='ltr'><strong><em>ineptius</em></strong></span> <span class='ocrx_word' id='word_1_184' title='bbox 635 1869 662 1922; x_wconf 93' lang='lat' dir='ltr'><strong><em>in</em></strong></span> <span class='ocrx_word' id='word_1_185' title='bbox 677 1875 779 1925; x_wconf 82' lang='lat' dir='ltr'><strong><em>textum</em></strong></span> <span class='ocrx_word' id='word_1_186' title='bbox 795 1887 811 1925; x_wconf 85' lang='lat' dir='ltr'><strong><em>n</em></strong></span> <span class='ocrx_word' id='word_1_187' title='bbox 826 1869 951 1925; x_wconf 83' lang='lat' dir='ltr'><strong><em>librariis</em></strong></span> <span class='ocrx_word' id='word_1_188' title='bbox 966 1877 1078 1942; x_wconf 85' lang='lat' dir='ltr'><strong><em>recepta</em></strong></span> <span class='ocrx_word' id='word_1_189' title='bbox 1096 1877 1172 1933; x_wconf 89' lang='lat' dir='ltr'><strong><em>sunt;</em></strong></span> 
     </span>
     <span class='ocr_line' id='line_1_21' title="bbox 146 1951 1172 2023; baseline -0.001 -15"><span class='ocrx_word' id='word_1_190' title='bbox 146 1958 174 2009; x_wconf 87' lang='lat' dir='ltr'><strong><em>et</em></strong></span> <span class='ocrx_word' id='word_1_191' title='bbox 194 1969 274 2023; x_wconf 90' lang='lat' dir='ltr'><strong><em>quum</em></strong></span> <span class='ocrx_word' id='word_1_192' title='bbox 289 1952 436 2007; x_wconf 85' lang='lat' dir='ltr'><strong><em>membrum</em></strong></span> <span class='ocrx_word' id='word_1_193' title='bbox 453 1953 506 2006; x_wconf 89' lang='lat' dir='ltr'><strong><em>hoo</em></strong></span> <span class='ocrx_word' id='word_1_194' title='bbox 521 1951 665 2006; x_wconf 85' lang='lat' dir='ltr'><strong><em>insititiam</em></strong></span> <span class='ocrx_word' id='word_1_195' title='bbox 681 1952 751 2008; x_wconf 92' lang='lat' dir='ltr'><strong><em>miro</em></strong></span> <span class='ocrx_word' id='word_1_196' title='bbox 769 1954 850 2009; x_wconf 91' lang='lat' dir='ltr'><strong><em>modo</em></strong></span> <span class='ocrx_word' id='word_1_197' title='bbox 866 1953 1089 2009; x_wconf 88' lang='lat' dir='ltr'><strong><em>consecutionem</em></strong></span> <span class='ocrx_word' id='word_1_198' title='bbox 1108 1969 1172 2009; x_wconf 81' lang='lat' dir='ltr'><strong><em>ver-</em></strong></span> 
     </span>
     <span class='ocr_line' id='line_1_22' title="bbox 145 2034 1172 2106; baseline -0.002 -14"><span class='ocrx_word' id='word_1_199' title='bbox 145 2037 241 2092; x_wconf 88' lang='lat' dir='ltr'><strong><em>borum</em></strong></span> <span class='ocrx_word' id='word_1_200' title='bbox 272 2037 383 2091; x_wconf 87' lang='lat' dir='ltr'><strong><em>turbare</em></strong></span> <span class='ocrx_word' id='word_1_201' title='bbox 409 2034 569 2104; x_wconf 84' lang='lat' dir='ltr'><strong><em>videretur,</em></strong></span> <span class='ocrx_word' id='word_1_202' title='bbox 598 2051 692 2090; x_wconf 88' lang='lat' dir='ltr'><strong><em>manus</em></strong></span> <span class='ocrx_word' id='word_1_203' title='bbox 720 2041 762 2090; x_wconf 86' lang='lat' dir='ltr'><strong><em>sat</em></strong></span> <span class='ocrx_word' id='word_1_204' title='bbox 792 2036 902 2106; x_wconf 78' lang='lat' dir='ltr'><strong><em>antique</em></strong></span> <span class='ocrx_word' id='word_1_205' title='bbox 931 2036 959 2090; x_wconf 92' lang='lat' dir='ltr'><strong><em>in</em></strong></span> <span class='ocrx_word' id='word_1_206' title='bbox 987 2036 1047 2091; x_wconf 88' lang='lat' dir='ltr'><strong><em>ond.</em></strong></span> <span class='ocrx_word' id='word_1_207' title='bbox 1070 2037 1172 2092; x_wconf 84' lang='lat' dir='ltr'><strong><em>hlodl</em></strong></span> 
     </span>
     <span class='ocr_line' id='line_1_23' title="bbox 145 2118 1173 2190; baseline -0.001 -16"><span class='ocrx_word' id='word_1_208' title='bbox 145 2120 259 2174; x_wconf 84' lang='lat' dir='ltr'><strong><em>verbum</em></strong></span> <span class='ocrx_word' id='word_1_209' title='bbox 276 2119 411 2190; x_wconf 64' lang='lat' dir='ltr'><strong><em>procreati</em></strong></span> <span class='ocrx_word' id='word_1_210' title='bbox 431 2118 538 2172; x_wconf 91' lang='lat' dir='ltr'><strong><em>addidit</em></strong></span> <span class='ocrx_word' id='word_1_211' title='bbox 559 2124 623 2189; x_wconf 89' lang='lat' dir='ltr'><strong><em>post</em></strong></span> <span class='ocrx_word' id='word_1_212' title='bbox 644 2118 746 2173; x_wconf 79' lang='lat' dir='ltr'><strong><em>cibum!</em></strong></span> <span class='ocrx_word' id='word_1_213' title='bbox 830 2125 874 2188; x_wconf 86' lang='grc'><strong><em>23,</em></strong></span> <span class='ocrx_word' id='word_1_214' title='bbox 890 2124 924 2178; x_wconf 88' lang='grc'><strong><em>26</em></strong></span> <span class='ocrx_word' id='word_1_215' title='bbox 945 2121 1034 2173; x_wconf 84' lang='lat' dir='ltr'><strong><em>omnio</em></strong></span> <span class='ocrx_word' id='word_1_216' title='bbox 1058 2121 1173 2190; x_wconf 76' lang='lat' dir='ltr'><strong><em>stentque</em></strong></span> 
     </span>
     <span class='ocr_line' id='line_1_24' title="bbox 146 2201 1172 2272; baseline 0.004 -18"><span class='ocrx_word' id='word_1_217' title='bbox 146 2202 241 2256; x_wconf 68' lang='lat' dir='ltr'><strong><em>ulmodo</em></strong></span> <span class='ocrx_word' id='word_1_218' title='bbox 258 2201 357 2272; x_wconf 71' lang='lat' dir='ltr'><strong><em>strpere</em></strong></span> <span class='ocrx_word' id='word_1_219' title='bbox 374 2216 444 2271; x_wconf 83' lang='lat' dir='ltr'><strong><em>pone</em></strong></span> <span class='ocrx_word' id='word_1_220' title='bbox 460 2201 539 2254; x_wconf 85' lang='lat' dir='ltr'><strong><em>tarde</em></strong></span> <span class='ocrx_word' id='word_1_221' title='bbox 558 2208 771 2272; x_wconf 83' lang='lat' dir='ltr'><strong><em>concoquuntur.</em></strong></span> <span class='ocrx_word' id='word_1_222' title='bbox 807 2201 847 2256; x_wconf 81' lang='lat' dir='ltr'><strong><em>ltu</em></strong></span> <span class='ocrx_word' id='word_1_223' title='bbox 871 2202 974 2271; x_wconf 80' lang='lat' dir='ltr'><strong><em>legitur</em></strong></span> <span class='ocrx_word' id='word_1_224' title='bbox 996 2203 1023 2256; x_wconf 90' lang='lat' dir='ltr'><strong><em>in</em></strong></span> <span class='ocrx_word' id='word_1_225' title='bbox 1046 2202 1172 2258; x_wconf 88' lang='lat' dir='ltr'><strong><em>omnihus</em></strong></span> 
     </span>
     <span class='ocr_line' id='line_1_25' title="bbox 146 2283 1173 2356; baseline 0.001 -18"><span class='ocrx_word' id='word_1_226' title='bbox 146 2284 226 2338; x_wconf 88' lang='lat' dir='ltr'><strong><em>libris</em></strong></span> <span class='ocrx_word' id='word_1_227' title='bbox 251 2290 279 2337; x_wconf 90' lang='lat' dir='ltr'><strong><em>et</em></strong></span> <span class='ocrx_word' id='word_1_228' title='bbox 298 2300 376 2338; x_wconf 89' lang='lat' dir='ltr'><strong><em>mnnn</em></strong></span> <span class='ocrx_word' id='word_1_229' title='bbox 398 2284 525 2355; x_wconf 90' lang='lat' dir='ltr'><strong><em>scriptis,</em></strong></span> <span class='ocrx_word' id='word_1_230' title='bbox 551 2289 579 2337; x_wconf 92' lang='lat' dir='ltr'><strong><em>et</em></strong></span> <span class='ocrx_word' id='word_1_231' title='bbox 600 2283 673 2354; x_wconf 82' lang='lat' dir='ltr'><strong><em>typis</em></strong></span> <span class='ocrx_word' id='word_1_232' title='bbox 698 2284 848 2348; x_wconf 86' lang='lat' dir='ltr'><strong><em>mnndntis;</em></strong></span> <span class='ocrx_word' id='word_1_233' title='bbox 879 2285 993 2355; x_wconf 73' lang='lat' dir='ltr'><strong><em>deniqne</em></strong></span> <span class='ocrx_word' id='word_1_234' title='bbox 1009 2300 1062 2356; x_wconf 92' lang='lat' dir='ltr'><strong><em>pro</em></strong></span> <span class='ocrx_word' id='word_1_235' title='bbox 1077 2286 1173 2339; x_wconf 83' lang='lat' dir='ltr'><strong><em>deinde</em></strong></span> 
     </span>
     <span class='ocr_line' id='line_1_26' title="bbox 85 2365 1173 2438; baseline 0.008 -24"><span class='ocrx_word' id='word_1_236' title='bbox 85 2411 86 2414; x_wconf 74' lang='grc'>,</span> <span class='ocrx_word' id='word_1_237' title='bbox 146 2372 174 2419; x_wconf 91' lang='lat' dir='ltr'><strong><em>et</em></strong></span> <span class='ocrx_word' id='word_1_238' title='bbox 193 2380 301 2419; x_wconf 84' lang='lat' dir='ltr'><strong><em>sumere</em></strong></span> <span class='ocrx_word' id='word_1_239' title='bbox 320 2382 372 2438; x_wconf 91' lang='lat' dir='ltr'><strong><em>pro</em></strong></span> <span class='ocrx_word' id='word_1_240' title='bbox 388 2365 487 2436; x_wconf 76' lang='lat' dir='ltr'><strong><em>supere</em></strong></span> <span class='ocrx_word' id='word_1_241' title='bbox 502 2367 648 2421; x_wconf 89' lang='lat' dir='ltr'><strong><em>Lindenius</em></strong></span> <span class='ocrx_word' id='word_1_242' title='bbox 667 2374 744 2422; x_wconf 89' lang='lat' dir='ltr'><strong><em>recte</em></strong></span> <span class='ocrx_word' id='word_1_243' title='bbox 766 2367 843 2438; x_wconf 83' lang='lat' dir='ltr'><strong><em>legit.</em></strong></span> <span class='ocrx_word' id='word_1_244' title='bbox 879 2367 938 2423; x_wconf 88' lang='lat' dir='ltr'><strong><em>Hoc</em></strong></span> <span class='ocrx_word' id='word_1_245' title='bbox 956 2368 1104 2423; x_wconf 88' lang='lat' dir='ltr'><strong><em>membrum</em></strong></span> <span class='ocrx_word' id='word_1_246' title='bbox 1123 2369 1173 2423; x_wconf 86' lang='lat' dir='ltr'><strong><em>nd-</em></strong></span> 
     </span>
     <span class='ocr_line' id='line_1_27' title="bbox 145 2447 1171 2520; baseline 0.003 -18"><span class='ocrx_word' id='word_1_247' title='bbox 145 2447 230 2503; x_wconf 90' lang='lat' dir='ltr'><strong><em>ditnm</em></strong></span> <span class='ocrx_word' id='word_1_248' title='bbox 252 2463 315 2502; x_wconf 90' lang='lat' dir='ltr'><strong><em>esse</em></strong></span> <span class='ocrx_word' id='word_1_249' title='bbox 337 2450 370 2504; x_wconf 94' lang='lat' dir='ltr'><strong><em>ah</em></strong></span> <span class='ocrx_word' id='word_1_250' title='bbox 394 2449 487 2520; x_wconf 85' lang='lat' dir='ltr'><strong><em>aliquo</em></strong></span> <span class='ocrx_word' id='word_1_251' title='bbox 512 2449 601 2505; x_wconf 91' lang='lat' dir='ltr'><strong><em>sciolo</em></strong></span> <span class='ocrx_word' id='word_1_252' title='bbox 621 2449 709 2519; x_wconf 77' lang='lat' dir='ltr'><strong><em>Terga</em></strong></span> <span class='ocrx_word' id='word_1_253' title='bbox 735 2451 867 2514; x_wconf 65' lang='lat' dir='ltr'><strong><em>affirmem</em></strong></span> <span class='ocrx_word' id='word_1_254' title='bbox 900 2466 954 2519; x_wconf 78' lang='lat' dir='ltr'><strong><em>ego</em></strong></span> <span class='ocrx_word' id='word_1_255' title='bbox 969 2466 1037 2506; x_wconf 82' lang='lat' dir='ltr'><strong><em>vero</em></strong></span> <span class='ocrx_word' id='word_1_256' title='bbox 1059 2467 1112 2506; x_wconf 90' lang='lat' dir='ltr'><strong><em>non</em></strong></span> <span class='ocrx_word' id='word_1_257' title='bbox 1134 2452 1171 2505; x_wconf 86' lang='lat' dir='ltr'><strong><em>itn</em></strong></span> 
     </span>
     <span class='ocr_line' id='line_1_28' title="bbox 145 2531 1171 2606; baseline 0.003 -21"><span class='ocrx_word' id='word_1_258' title='bbox 145 2546 249 2586; x_wconf 84' lang='lat' dir='ltr'><strong><em>censeo</em></strong></span> <span class='ocrx_word' id='word_1_259' title='bbox 265 2531 289 2586; x_wconf 89' lang='lat' dir='ltr'><strong><em>si</em></strong></span> <span class='ocrx_word' id='word_1_260' title='bbox 305 2547 365 2603; x_wconf 91' lang='lat' dir='ltr'><strong><em>cap.</em></strong></span> <span class='ocrx_word' id='word_1_261' title='bbox 381 2537 415 2591; x_wconf 88' lang='grc'><strong><em>28</em></strong></span> <span class='ocrx_word' id='word_1_262' title='bbox 429 2532 494 2588; x_wconf 84' lang='lat' dir='ltr'><strong><em>libri</em></strong></span> <span class='ocrx_word' id='word_1_263' title='bbox 508 2533 549 2602; x_wconf 87' lang='lat'><strong><em>11,</em></strong></span> <span class='ocrx_word' id='word_1_264' title='bbox 564 2549 591 2603; x_wconf 88' lang='lat' dir='ltr'><strong><em>p.</em></strong></span> <span class='ocrx_word' id='word_1_265' title='bbox 606 2537 651 2601; x_wconf 85' lang='grc'><strong><em>70,</em></strong></span> <span class='ocrx_word' id='word_1_266' title='bbox 665 2538 783 2603; x_wconf 74' lang='grc'>24-25,</span> <span class='ocrx_word' id='word_1_267' title='bbox 799 2541 912 2606; x_wconf 89' lang='lat' dir='ltr'><strong><em>specto,</em></strong></span> <span class='ocrx_word' id='word_1_268' title='bbox 935 2532 982 2588; x_wconf 91' lang='lat' dir='ltr'><strong><em>uhi</em></strong></span> <span class='ocrx_word' id='word_1_269' title='bbox 1000 2533 1061 2587; x_wconf 84' lang='lat' dir='ltr'><strong><em>iere</em></strong></span> <span class='ocrx_word' id='word_1_270' title='bbox 1076 2534 1171 2589; x_wconf 90' lang='lat' dir='ltr'><strong><em>endem</em></strong></span> 
     </span>
     <span class='ocr_line' id='line_1_29' title="bbox 145 2613 1171 2685; baseline 0.003 -17"><span class='ocrx_word' id='word_1_271' title='bbox 145 2613 256 2669; x_wconf 89' lang='lat' dir='ltr'><strong><em>dicendi</em></strong></span> <span class='ocrx_word' id='word_1_272' title='bbox 272 2615 342 2670; x_wconf 89' lang='lat' dir='ltr'><strong><em>ratio</em></strong></span> <span class='ocrx_word' id='word_1_273' title='bbox 359 2617 489 2671; x_wconf 87' lang='lat' dir='ltr'><strong><em>occurrit.</em></strong></span> <span class='ocrx_word' id='word_1_274' title='bbox 583 2614 649 2685; x_wconf 60' lang='lat'><strong>⁴¹24,</strong></span> <span class='ocrx_word' id='word_1_275' title='bbox 661 2623 728 2673; x_wconf 91' lang='grc'><strong><em>1-2</em></strong></span> <span class='ocrx_word' id='word_1_276' title='bbox 742 2634 795 2672; x_wconf 82' lang='lat' dir='ltr'><strong><em>ooo</em></strong></span> <span class='ocrx_word' id='word_1_277' title='bbox 813 2632 851 2673; x_wconf 74' lang='lat' dir='ltr'><strong><em>ecc</em></strong></span> <span class='ocrx_word' id='word_1_278' title='bbox 866 2618 919 2671; x_wconf 86' lang='lat' dir='ltr'><strong><em>otto</em></strong></span> <span class='ocrx_word' id='word_1_279' title='bbox 941 2617 984 2672; x_wconf 88' lang='lat' dir='ltr'><strong><em>oet</em></strong></span> <span class='ocrx_word' id='word_1_280' title='bbox 1002 2630 1039 2669; x_wconf 82' lang='lat' dir='ltr'><strong><em>eos</em></strong></span> <span class='ocrx_word' id='word_1_281' title='bbox 1053 2614 1171 2685; x_wconf 78' lang='lat' dir='ltr'><strong><em>defruto.</em></strong></span> 
     </span>
     <span class='ocr_line' id='line_1_30' title="bbox 144 2697 1172 2772; baseline 0.003 -21"><span class='ocrx_word' id='word_1_282' title='bbox 144 2697 185 2752; x_wconf 86' lang='lat' dir='ltr'><strong><em>lta</em></strong></span> <span class='ocrx_word' id='word_1_283' title='bbox 215 2698 295 2753; x_wconf 84' lang='lat' dir='ltr'><strong><em>codd.</em></strong></span> <span class='ocrx_word' id='word_1_284' title='bbox 318 2698 388 2753; x_wconf 86' lang='lat' dir='ltr'><strong><em>hled.</em></strong></span> <span class='ocrx_word' id='word_1_285' title='bbox 412 2699 422 2752; x_wconf 90' lang='lat'><em>1</em></span> <span class='ocrx_word' id='word_1_286' title='bbox 458 2697 519 2770; x_wconf 85' lang='lat' dir='ltr'><strong><em>(qui</em></strong></span> <span class='ocrx_word' id='word_1_287' title='bbox 546 2698 633 2769; x_wconf 81' lang='lat' dir='ltr'><strong><em>primu</em></strong></span> <span class='ocrx_word' id='word_1_288' title='bbox 663 2700 799 2772; x_wconf 90' lang='lat' dir='ltr'><strong><em>scriptura</em></strong></span> <span class='ocrx_word' id='word_1_289' title='bbox 827 2701 910 2768; x_wconf 83' lang='lat' dir='ltr'><strong><em>olleo,</em></strong></span> <span class='ocrx_word' id='word_1_290' title='bbox 939 2700 1060 2754; x_wconf 87' lang='lat' dir='ltr'><strong><em>secunda</em></strong></span> <span class='ocrx_word' id='word_1_291' title='bbox 1092 2715 1172 2768; x_wconf 84' lang='lat' dir='ltr'><strong><em>vern,</em></strong></span> 
     </span>
     <span class='ocr_line' id='line_1_31' title="bbox 145 2777 1172 2854; baseline -0.001 -19"><span class='ocrx_word' id='word_1_292' title='bbox 145 2780 195 2835; x_wconf 88' lang='lat' dir='ltr'><strong><em>sed</em></strong></span> <span class='ocrx_word' id='word_1_293' title='bbox 209 2780 337 2852; x_wconf 76' lang='lat' dir='ltr'><strong><em>antiqua,</em></strong></span> <span class='ocrx_word' id='word_1_294' title='bbox 352 2777 438 2854; x_wconf 84' lang='lat' dir='ltr'><strong><em>oleo),</em></strong></span> <span class='ocrx_word' id='word_1_295' title='bbox 454 2784 514 2841; x_wconf 88' lang='lat' dir='ltr'><strong><em>Vnt.</em></strong></span> <span class='ocrx_word' id='word_1_296' title='bbox 526 2781 598 2838; x_wconf 90' lang='lat' dir='ltr'><strong><em>Vlll.</em></strong></span> <span class='ocrx_word' id='word_1_297' title='bbox 621 2782 702 2852; x_wconf 78' lang='lat' dir='ltr'><strong>„Ego</strong></span> <span class='ocrx_word' id='word_1_298' title='bbox 716 2799 819 2838; x_wconf 85' lang='lat' dir='ltr'><strong><em>censeo</em></strong></span> <span class='ocrx_word' id='word_1_299' title='bbox 832 2782 940 2837; x_wconf 80' lang='lat' dir='ltr'><strong><em>Celsum</em></strong></span> <span class='ocrx_word' id='word_1_300' title='bbox 956 2781 1105 2853; x_wconf 90' lang='lat' dir='ltr'><strong><em>scripsisse</em></strong></span> <span class='ocrx_word' id='word_1_301' title='bbox 1119 2799 1172 2837; x_wconf 76' lang='lat' dir='ltr'><strong><em>troo</em></strong></span> 
     </span>
     <span class='ocr_line' id='line_1_32' title="bbox 144 2864 1171 2937; baseline 0.001 -20"><span class='ocrx_word' id='word_1_302' title='bbox 144 2878 182 2918; x_wconf 78' lang='lat' dir='ltr'><strong><em>ex</em></strong></span> <span class='ocrx_word' id='word_1_303' title='bbox 197 2864 265 2931; x_wconf 84' lang='lat' dir='ltr'><strong><em>olla,</em></strong></span> <span class='ocrx_word' id='word_1_304' title='bbox 282 2866 324 2919; x_wconf 89' lang='lat' dir='ltr'><strong><em>oet</em></strong></span> <span class='ocrx_word' id='word_1_305' title='bbox 337 2866 396 2919; x_wconf 87' lang='lat' dir='ltr'><strong><em>oleo</em></strong></span> <span class='ocrx_word' id='word_1_306' title='bbox 412 2880 449 2920; x_wconf 72' lang='lat' dir='ltr'><strong><em>ece</em></strong></span> <span class='ocrx_word' id='word_1_307' title='bbox 466 2866 593 2937; x_wconf 80' lang='lat' dir='ltr'><strong><em>defruto;</em></strong></span> <span class='ocrx_word' id='word_1_308' title='bbox 616 2864 713 2921; x_wconf 83' lang='lat' dir='ltr'><strong><em>Celsus</em></strong></span> <span class='ocrx_word' id='word_1_309' title='bbox 729 2866 801 2921; x_wconf 83' lang='lat' dir='ltr'><strong><em>enim</em></strong></span> <span class='ocrx_word' id='word_1_310' title='bbox 823 2882 891 2921; x_wconf 85' lang='lat' dir='ltr'><strong><em>uvas</em></strong></span> <span class='ocrx_word' id='word_1_311' title='bbox 910 2882 945 2920; x_wconf 86' lang='lat' dir='ltr'><strong><em>ex</em></strong></span> <span class='ocrx_word' id='word_1_312' title='bbox 968 2865 1022 2920; x_wconf 91' lang='lat' dir='ltr'><strong><em>olla</em></strong></span> <span class='ocrx_word' id='word_1_313' title='bbox 1045 2870 1074 2919; x_wconf 89' lang='lat' dir='ltr'><strong><em>et</em></strong></span> <span class='ocrx_word' id='word_1_314' title='bbox 1093 2865 1171 2919; x_wconf 90' lang='lat' dir='ltr'><strong><em>oleas</em></strong></span> 
     </span>
     <span class='ocr_line' id='line_1_33' title="bbox 145 2942 1171 3021; baseline 0 -20"><span class='ocrx_word' id='word_1_315' title='bbox 145 2963 181 3001; x_wconf 85' lang='lat' dir='ltr'><strong><em>ex</em></strong></span> <span class='ocrx_word' id='word_1_316' title='bbox 196 2953 276 3018; x_wconf 90' lang='lat' dir='ltr'><strong><em>pasto</em></strong></span> <span class='ocrx_word' id='word_1_317' title='bbox 291 2948 437 3005; x_wconf 77' lang='lat' dir='ltr'><strong><em>defrutove</em></strong></span> <span class='ocrx_word' id='word_1_318' title='bbox 452 2956 577 3005; x_wconf 88' lang='lat' dir='ltr'><strong><em>servatas</em></strong></span> <span class='ocrx_word' id='word_1_319' title='bbox 593 2948 665 3002; x_wconf 85' lang='lat' dir='ltr'><strong><em>inter</em></strong></span> <span class='ocrx_word' id='word_1_320' title='bbox 680 2965 726 3004; x_wconf 88' lang='lat' dir='ltr'><strong><em>res</em></strong></span> <span class='ocrx_word' id='word_1_321' title='bbox 741 2950 883 3004; x_wconf 87' lang='lat' dir='ltr'><strong><em>stomacho</em></strong></span> <span class='ocrx_word' id='word_1_322' title='bbox 901 2954 979 3019; x_wconf 83' lang='lat' dir='ltr'><strong><em>aptas</em></strong></span> <span class='ocrx_word' id='word_1_323' title='bbox 997 2946 1046 3021; x_wconf 88' lang='lat'>(11,</span> <span class='ocrx_word' id='word_1_324' title='bbox 1058 2942 1104 3019; x_wconf 84' lang='grc'><strong><em>24)</em></strong></span> <span class='ocrx_word' id='word_1_325' title='bbox 1122 2948 1171 3002; x_wconf 85' lang='lat' dir='ltr'><strong><em>ad-</em></strong></span> 
     </span>
     <span class='ocr_line' id='line_1_34' title="bbox 69 3027 1171 3104; baseline 0.002 -22"><span class='ocrx_word' id='word_1_326' title='bbox 69 3053 71 3057; x_wconf 96' lang='lat'>·</span> <span class='ocrx_word' id='word_1_327' title='bbox 145 3036 282 3094; x_wconf 86' lang='lat' dir='ltr'><strong><em>numernt;</em></strong></span> <span class='ocrx_word' id='word_1_328' title='bbox 299 3048 365 3087; x_wconf 87' lang='lat' dir='ltr'><strong><em>uvns</em></strong></span> <span class='ocrx_word' id='word_1_329' title='bbox 378 3039 467 3087; x_wconf 89' lang='lat' dir='ltr'><strong><em>antem</em></strong></span> <span class='ocrx_word' id='word_1_330' title='bbox 479 3032 630 3088; x_wconf 83' lang='lat' dir='ltr'><strong><em>exdefruto</em></strong></span> <span class='ocrx_word' id='word_1_331' title='bbox 642 3047 732 3102; x_wconf 86' lang='lat' dir='ltr'><strong><em>nequo</em></strong></span> <span class='ocrx_word' id='word_1_332' title='bbox 743 3031 805 3103; x_wconf 90' lang='lat' dir='ltr'><strong><em>ipse</em></strong></span> <span class='ocrx_word' id='word_1_333' title='bbox 817 3047 932 3102; x_wconf 87' lang='lat' dir='ltr'><strong><em>usquam</em></strong></span> <span class='ocrx_word' id='word_1_334' title='bbox 943 3027 1171 3104; x_wconf 71' lang='lat' dir='ltr'><strong><em>memornthuod</em></strong></span> 
     </span>
     <span class='ocr_line' id='line_1_35' title="bbox 145 3110 1171 3189; baseline 0.002 -23"><span class='ocrx_word' id='word_1_335' title='bbox 145 3128 198 3167; x_wconf 92' lang='lat' dir='ltr'><strong><em>non</em></strong></span> <span class='ocrx_word' id='word_1_336' title='bbox 211 3129 252 3167; x_wconf 89' lang='lat' dir='ltr'><strong><em>me</em></strong></span> <span class='ocrx_word' id='word_1_337' title='bbox 264 3121 356 3169; x_wconf 89' lang='lat' dir='ltr'><strong><em>movet</em></strong></span> <span class='ocrx_word' id='word_1_338' title='bbox 367 3117 390 3171; x_wconf 93' lang='lat' dir='ltr'><strong><em>si</em></strong></span> <span class='ocrx_word' id='word_1_339' title='bbox 401 3115 578 3171; x_wconf 83' lang='lat' dir='ltr'><strong><em>Columellnm</em></strong></span> <span class='ocrx_word' id='word_1_340' title='bbox 589 3115 643 3170; x_wconf 72' lang='lat' dir='ltr'><strong><em>tin</em></strong></span> <span class='ocrx_word' id='word_1_341' title='bbox 653 3119 729 3170; x_wconf 76' lang='lat' dir='ltr'><strong><em>tento</em></strong></span> <span class='ocrx_word' id='word_1_342' title='bbox 741 3115 759 3168; x_wconf 92' lang='lat' dir='ltr'><strong><em>l.</em></strong></span> <span class='ocrx_word' id='word_1_343' title='bbox 767 3110 892 3186; x_wconf 87' lang='lat' dir='ltr'><strong><em>spect0];</em></strong></span> <span class='ocrx_word' id='word_1_344' title='bbox 910 3120 938 3169; x_wconf 89' lang='lat' dir='ltr'><strong><em>et</em></strong></span> <span class='ocrx_word' id='word_1_345' title='bbox 947 3115 1050 3169; x_wconf 86' lang='lat' dir='ltr'><strong><em>Plinius</em></strong></span> <span class='ocrx_word' id='word_1_346' title='bbox 1058 3112 1171 3189; x_wconf 76' lang='lat' dir='ltr'><strong><em>(xxm,</em></strong></span> 
     </span>
    </p>
   </div>
   <div class='ocr_carea' id='block_1_3' title="bbox 144 3190 1170 3529">
    <p class='ocr_par' dir='ltr' id='par_1_3' title="bbox 144 3190 1170 3529">
     <span class='ocr_line' id='line_1_36' title="bbox 146 3190 1170 3270; baseline -0.004 -16"><span class='ocrx_word' id='word_1_347' title='bbox 146 3205 171 3264; x_wconf 86' lang='lat' dir='ltr'><strong><em>l,</em></strong></span> <span class='ocrx_word' id='word_1_348' title='bbox 185 3190 215 3270; x_wconf 94' lang='grc'><strong><em>7)</em></strong></span> <span class='ocrx_word' id='word_1_349' title='bbox 231 3202 313 3267; x_wconf 87' lang='lat' dir='ltr'><strong><em>atquc</em></strong></span> <span class='ocrx_word' id='word_1_350' title='bbox 329 3198 509 3254; x_wconf 87' lang='lat' dir='ltr'><strong><em>Dioscorides</em></strong></span> <span class='ocrx_word' id='word_1_351' title='bbox 528 3194 578 3270; x_wconf 86' lang='lat' dir='ltr'><strong><em>(V,</em></strong></span> <span class='ocrx_word' id='word_1_352' title='bbox 608 3193 622 3270; x_wconf 90' lang='lat'><em>)</em></span> <span class='ocrx_word' id='word_1_353' title='bbox 647 3198 788 3252; x_wconf 87' lang='lat' dir='ltr'><strong><em>stomacho</em></strong></span> <span class='ocrx_word' id='word_1_354' title='bbox 812 3198 925 3253; x_wconf 90' lang='lat' dir='ltr'><strong><em>inutiles</em></strong></span> <span class='ocrx_word' id='word_1_355' title='bbox 947 3214 1011 3254; x_wconf 90' lang='lat' dir='ltr'><strong><em>esse</em></strong></span> <span class='ocrx_word' id='word_1_356' title='bbox 1034 3197 1170 3253; x_wconf 81' lang='lat' dir='ltr'><strong><em>tradunt“</em></strong></span> 
     </span>
     <span class='ocr_line' id='line_1_37' title="bbox 145 3269 1169 3352; baseline -0.001 -19"><span class='ocrx_word' id='word_1_357' title='bbox 145 3279 292 3348; x_wconf 81' lang='lat' dir='ltr'><strong><em>Targn.—</em></strong></span> <span class='ocrx_word' id='word_1_358' title='bbox 307 3281 412 3337; x_wconf 80' lang='lat' dir='ltr'><strong><em>Revera</em></strong></span> <span class='ocrx_word' id='word_1_359' title='bbox 428 3281 500 3352; x_wconf 90' lang='lat' dir='ltr'><strong><em>apud</em></strong></span> <span class='ocrx_word' id='word_1_360' title='bbox 511 3280 703 3336; x_wconf 89' lang='lat' dir='ltr'><strong><em>Dioscoridem</em></strong></span> <span class='ocrx_word' id='word_1_361' title='bbox 713 3279 830 3349; x_wconf 79' lang='lat' dir='ltr'><strong><em>legitur:</em></strong></span> <span class='ocrx_word' id='word_1_362' title='bbox 847 3276 893 3334; x_wconf 81' lang='lat' dir='ltr'><strong><em>At</em></strong></span> <span class='ocrx_word' id='word_1_363' title='bbox 904 3272 935 3336; x_wconf 77' lang='grc' dir='ltr'><strong><em>δὲ</em></strong></span> <span class='ocrx_word' id='word_1_364' title='bbox 947 3274 979 3334; x_wconf 78' lang='grc' dir='ltr'><strong><em>ἐκ</em></strong></span> <span class='ocrx_word' id='word_1_365' title='bbox 990 3277 1043 3335; x_wconf 80' lang='grc' dir='ltr'><strong><em>τοῦ</em></strong></span> <span class='ocrx_word' id='word_1_366' title='bbox 1054 3269 1169 3351; x_wconf 73' lang='grc' dir='ltr'><em>ἑψήμα-</em></span> 
     </span>
     <span class='ocr_line' id='line_1_38' title="bbox 144 3353 1170 3437; baseline 0.005 -25"><span class='ocrx_word' id='word_1_367' title='bbox 144 3375 192 3426; x_wconf 79' lang='grc' dir='ltr'><strong><em>τος</em></strong></span> <span class='ocrx_word' id='word_1_368' title='bbox 209 3354 258 3415; x_wconf 82' lang='grc' dir='ltr'><strong><em>καὶ</em></strong></span> <span class='ocrx_word' id='word_1_369' title='bbox 275 3358 396 3435; x_wconf 76' lang='grc' dir='ltr'><em>γλυκέος</em></span> <span class='ocrx_word' id='word_1_370' title='bbox 404 3360 457 3436; x_wconf 78' lang='lat' dir='ltr'><strong><em>(eu</em></strong></span> <span class='ocrx_word' id='word_1_371' title='bbox 468 3358 592 3435; x_wconf 74' lang='lat' dir='ltr'><strong><em>defruto)</em></strong></span> <span class='ocrx_word' id='word_1_372' title='bbox 605 3353 898 3437; x_wconf 77' lang='grc' dir='ltr'><strong><em>κακοστομαχώτερα,</em></strong></span> <span class='ocrx_word' id='word_1_373' title='bbox 914 3370 942 3418; x_wconf 90' lang='lat' dir='ltr'><strong><em>et</em></strong></span> <span class='ocrx_word' id='word_1_374' title='bbox 956 3365 1028 3436; x_wconf 91' lang='lat' dir='ltr'><strong><em>apud</em></strong></span> <span class='ocrx_word' id='word_1_375' title='bbox 1040 3363 1170 3419; x_wconf 86' lang='lat' dir='ltr'><strong><em>Plinium:</em></strong></span> 
     </span>
     <span class='ocr_line' id='line_1_39' title="bbox 145 3440 1170 3529; baseline 0.007 -35"><span class='ocrx_word' id='word_1_376' title='bbox 145 3440 251 3511; x_wconf 79' lang='lat' dir='ltr'><strong><em>„Quae</em></strong></span> <span class='ocrx_word' id='word_1_377' title='bbox 273 3445 301 3499; x_wconf 90' lang='lat' dir='ltr'><strong><em>in</em></strong></span> <span class='ocrx_word' id='word_1_378' title='bbox 320 3447 386 3502; x_wconf 81' lang='lat' dir='ltr'><strong><em>vino</em></strong></span> <span class='ocrx_word' id='word_1_379' title='bbox 404 3452 450 3501; x_wconf 90' lang='lat' dir='ltr'><strong><em>aut</em></strong></span> <span class='ocrx_word' id='word_1_380' title='bbox 471 3446 507 3507; x_wconf 53' lang='lat' dir='ltr'><strong><em>in,</em></strong></span> <span class='ocrx_word' id='word_1_381' title='bbox 521 3446 592 3502; x_wconf 91' lang='lat' dir='ltr'><strong><em>dulci</em></strong></span> <span class='ocrx_word' id='word_1_382' title='bbox 617 3443 718 3519; x_wconf 89' lang='lat' dir='ltr'><strong><em>(videl.</em></strong></span> <span class='ocrx_word' id='word_1_383' title='bbox 739 3459 777 3500; x_wconf 76' lang='lat' dir='ltr'><strong><em>eo:</em></strong></span> <span class='ocrx_word' id='word_1_384' title='bbox 797 3444 923 3521; x_wconf 74' lang='lat' dir='ltr'><strong><em>defruto)</em></strong></span> <span class='ocrx_word' id='word_1_385' title='bbox 946 3447 1073 3503; x_wconf 89' lang='lat' dir='ltr'><strong><em>conditae</em></strong></span> <span class='ocrx_word' id='word_1_386' title='bbox 1090 3447 1170 3529; x_wconf 81' lang='lat' dir='ltr'><strong><em>fuere</em></strong></span> 
     </span>
    </p>
   </div>
   <div class='ocr_carea' id='block_1_4' title="bbox 0 0 1212 3924">
    <p class='ocr_par' dir='ltr' id='par_1_4' title="bbox 0 0 1212 3924">
     <span class='ocr_line' id='line_1_40' title="bbox 0 0 1212 3924; baseline 0 1"><span class='ocrx_word' id='word_1_387' title='bbox 0 0 1212 3924; x_wconf 95' lang='lat' dir='ltr'><strong><em> </em></strong></span> 
     </span>
    </p>
   </div>
  </div>
 </body>
</html>
