2416 3936
153 221 215 285 312
449 230 482 278 n.
501 230 530 278 o.
547 229 645 278 ouns1
660 229 853 278 munrornnrc

154 387 178 447 si
194 387 222 444 iu
241 385 351 462 primo,
368 384 444 463 quod
460 391 506 443 est
520 384 683 460 angustius,
697 382 837 460 inhaeret,
854 381 957 441 eodem
968 391 1065 445 tamen
1077 402 1152 446 unco

154 471 218 530 sine
235 467 293 527 ulla
308 484 385 533 nora
397 467 539 526 educitur.
571 466 609 525 Αι
620 468 648 524 iu
663 466 820 543 majoribus
843 464 964 525 calculis
980 469 1151 529 necessaria

154 551 257 613 eadem
275 551 387 610 curatio
403 560 457 610 est.
489 549 548 609 Sed
563 549 666 626 virgini
682 549 786 624 subjici
806 549 888 626 digiti
923 557 1066 629 tamquam
1087 569 1149 627 ‚ma-

154 634 256 710 sculo,
271 633 383 693 mulieri
398 652 453 712 per
467 633 597 693 naturale
617 633 681 707 ejus
696 632 812 692 debent.
828 632 898 692 Tum
915 632 1019 709 virgini
1035 634 1151 714 quidem

155 717 209 778 sub
224 719 279 776 ima
297 717 477 775 sinisteriore
493 734 559 785 ora;
577 713 688 775 mulieri
703 734 776 775 vero
788 716 862 775 inter
873 716 973 775 urinae
987 719 1055 794 iter,
1072 726 1103 777 et
1118 732 1172 777 ose

155 799 239 881 pubis
255 798 436 858 incidendum
450 807 495 858 est
509 800 571 873 sic,
598 807 628 858 ut
651 808 775 877 utroque
793 799 861 858 loco
879 798 965 877 plaga
982 808 1150 860 transversa

155 886 201 945 sit.
239 881 343 961 Neque
368 885 472 942 terreri
497 882 650 958 conuenit,
671 883 695 940 si
719 883 785 960 plus
810 899 848 941 ex
865 881 997 941 muliebri
1022 901 1150 962 corpore

155 967 302 1044 sanguinis
320 965 445 1043 proiluit.

219 1049 248 1110 5.
273 1047 394 1109 Calculo
413 1049 532 1125 evulso,
549 1051 573 1108 si
590 1047 689 1108 valens
706 1065 813 1127 corpus
832 1056 894 1123 est,
918 1065 1014 1126 neque
1032 1067 1150 1127 meguo-

156 1151 227 1213 pere
241 1141 392 1207 vexatum,
408 1134 504 1192 siuere
521 1141 639 1212 oportet
657 1131 824 1209 sanguinem
846 1131 953 1208 linere,
976 1149 1035 1209 quo
1057 1135 1152 1194 minor
1160 1145 1181 1186 u

155 1215 337 1275 inflammatio
354 1216 477 1275 oriatur:
497 1223 582 1294 atque
600 1215 711 1292 ingredi
733 1230 850 1292 quoque
875 1231 939 1274 eum
962 1215 1079 1294 paulum
1094 1234 1151 1277 nou

155 1299 279 1359 alienum
295 1307 354 1373 est,
371 1307 401 1357 ut
412 1299 542 1373 excidat,
558 1300 582 1357 si
598 1298 664 1376 quid
676 1298 751 1356 intus
766 1299 896 1357 concreti
911 1299 1058 1375 sauguinis
1074 1317 1150 1360 mau-

155 1383 201 1441 sit.
235 1381 319 1456 Quod
336 1383 360 1439 si
378 1399 431 1459 per
449 1399 482 1440 se
497 1398 553 1440 uon
569 1381 692 1457 destitit,
709 1399 826 1457 rursus,
842 1398 879 1440 ne
893 1381 937 1439 vis
953 1383 1045 1441 omnis
1062 1383 1150 1443 inter-

157 1473 222 1542 eat,
246 1466 385 1542 supprimi
410 1463 512 1524 debet:
542 1464 628 1542 idque
648 1465 781 1543 protinus
803 1463 832 1522 in
848 1462 1092 1526 imbecillioribus
1115 1465 1150 1527 ab

155 1551 220 1628 ipsa
239 1548 387 1607 curatione
405 1546 567 1606 laciendum
584 1556 643 1606 est:
666 1547 817 1626 siquidem,
838 1556 867 1607 ut
889 1546 1062 1608 distentione
1085 1567 1148 1609 uer·
1160 1568 1181 1607 u

158 1648 259 1691 vorum
276 1631 455 1709 periclitatur
472 1631 593 1709 aliquis,
608 1630 672 1691 dum
692 1632 790 1703 vesica
807 1632 870 1705 ejus
885 1633 1024 1708 agitatum
1049 1633 1096 1692 sic
1111 1632 1149 1692 al·

156 1724 202 1775 ter
216 1723 309 1773 metus
326 1714 451 1791 excipit,
469 1733 506 1773 ne
522 1722 629 1773 tantum
644 1714 788 1791 sanguinis
805 1713 943 1792 profluat,
965 1723 995 1774 ut
1023 1715 1148 1775 occidat.

158 1797 241 1874 Quod
260 1814 297 1855 ue
312 1795 435 1871 incidat,
451 1797 586 1856 desidere
605 1798 629 1855 is
647 1795 735 1858 debet
749 1799 776 1855 iu
799 1814 866 1856 acre
884 1807 1013 1874 acetum,
1038 1799 1086 1858 cui
1100 1798 1149 1859 ali-

157 1889 291 1959 quantum
307 1881 376 1940 salis
392 1881 430 1939 sit
448 1881 609 1956 adjectum:
629 1879 680 1939 sub
697 1897 754 1958 quo
774 1889 802 1938 et
820 1880 936 1957 sanguis
950 1880 1013 1939 iere
1031 1883 1149 1961 conqui-

157 1964 249 2040 escit,
280 1972 309 2022 et
334 1963 519 2040 adstringitur
549 1963 664 2040 vesica,
696 1963 821 2041 ideoque
842 1965 933 2023 miuus
951 1963 1180 2025 inflammatum

159 2047 283 2124 Quodsi
304 2065 403 2125 parum
424 2048 555 2124 proficit,
578 2047 779 2124 agglutinanda
796 2046 974 2106 cucurbitula
997 2056 1043 2106 est
1063 2056 1095 2107 et
1110 2049 1149 2105 in-

157 2130 306 2209 guinibus,
325 2139 354 2189 et
370 2132 469 2204 coxis,
487 2140 515 2189 ct
530 2149 619 2210 super
635 2129 749 2208 pubem.
781 2129 838 2190 Ubi
847 2131 906 2205 jam
926 2131 996 2190 satis
1014 2130 1062 2190 vel
1081 2147 1149 2190 evo·

158 2223 238 2274 catus
264 2222 309 2272 est
330 2215 492 2291 sanguinis,
521 2214 568 2272 vel
590 2212 766 2293 prohibitus,
784 2214 936 2291 resupinus
958 2213 1149 2273 collocandus

157 2299 276 2370 estole,
291 2305 321 2355 ut
337 2305 423 2374 caput
437 2295 542 2355 humile
560 2299 607 2372 sit,
624 2313 716 2356 coxae
729 2297 843 2375 paulum
856 2297 1033 2356 excitentur:
1052 2314 1089 2356 ac
1105 2315 1148 2357 su-

157 2398 211 2458 per
246 2378 328 2437 ulcus
364 2378 564 2457 imponendum
590 2388 634 2439 est
648 2379 756 2456 duplex
781 2389 828 2439 arrt
851 2379 957 2457 triplex
986 2379 1180 2456 linteolum,rs

156 2471 240 2522 aceto
262 2462 389 2521 madens.
420 2460 543 2538 Deinde,
558 2463 738 2540 interpositis
754 2462 863 2522 duobus
881 2463 976 2537 boris,
999 2464 1028 2521 in
1044 2463 1150 2523 solium

156 2547 180 2603 is
193 2561 286 2621 aquae
304 2544 414 2604 calidae
437 2546 589 2624 resupinus
607 2544 795 2604 demittendus
812 2556 857 2606 est
872 2547 926 2622 sio,
943 2555 973 2605 ut
991 2564 1005 2606 a
1022 2549 1150 2624 genibus

155 2627 192 2686 ad
218 2626 382 2686 umbilicum
409 2645 482 2706 aqua
504 2637 617 2703 teneat,
647 2637 745 2688 cetera
771 2631 949 2689 vestimentis
972 2631 1151 2691 circumdata

156 2710 227 2779 sint;
249 2710 378 2770 manibus
402 2712 594 2772 tautummodo
617 2712 798 2790 pedibusque
819 2714 945 2789 nudatis,
967 2723 996 2773 ut
1012 2722 1041 2772 et
1056 2716 1151 2774 miuus

156 2793 320 2871 digeratur,
336 2804 364 2854 et
379 2793 418 2853 ibi
433 2795 536 2856 diutius
552 2805 672 2856 maneat.
705 2795 750 2854 Ex
767 2814 824 2875 quo
840 2796 945 2855 multus
967 2795 1056 2855 sudor
1077 2797 1182 2859 oririsc

156 2877 250 2946 solet;
266 2880 314 2956 qui
329 2879 450 2957 spongia
466 2879 585 2938 subinde
602 2879 629 2936 in
644 2880 720 2939 facie
736 2879 931 2957 detergendus
948 2889 1007 2940 est:
1024 2881 1150 2959 finisque

156 2963 219 3037 eJus
243 2962 362 3022 lomenti
385 2972 444 3038 est,
471 2962 564 3021 donec
581 2962 747 3023 infirmando
765 2963 900 3023 olieudat.
932 2963 1001 3023 Tum
1017 2963 1109 3023 multo
1125 2965 1149 3024 is

156 3044 224 3104 oleo
239 3047 451 3124 perungendus,
465 3046 700 3124 inducendusque
712 3047 819 3124 hapsus
831 3047 914 3107 lanae
926 3048 1032 3120 mollis,
1046 3047 1148 3125 tepido

157 3127 225 3187 oleo
244 3129 389 3207 repletus,
419 3129 466 3208 qui
480 3130 600 3208 pubem,
623 3140 652 3189 ει
668 3148 775 3206 coxas,
793 3139 822 3190 et
833 3132 963 3206 inguina,
985 3139 1014 3189 et
1029 3130 1150 3208 plagam

155 3212 264 3288 ipsum,
285 3222 446 3272 contectum
465 3214 566 3273 eodem
582 3224 647 3273 aute
662 3214 793 3289 linteolo,
809 3223 959 3292 protegat:
976 3214 1060 3290 isque
1078 3212 1183 3276 sub-ss

155 3294 222 3353 inde
238 3295 306 3354 oleo
327 3297 425 3373 tepido
447 3296 679 3356 madefaciendus
694 3306 754 3365 est;
773 3307 803 3356 ut
814 3316 908 3375 neque
929 3297 1018 3373 frigus
1038 3296 1075 3357 ad
1097 3316 1148 3357 ve·

155 3376 244 3435 sicam
257 3378 400 3453 admittat,
420 3386 449 3437 et
464 3397 571 3439 nervos
587 3380 690 3439 leniter
709 3380 827 3440 molliat.
860 3381 980 3456 Quidam
1002 3379 1149 3458 cataplas-

153 3460 237 3517 matis
253 3460 489 3521 calefacientibus
504 3471 627 3521 utuutur.
662 3463 704 3523 Ea
721 3463 787 3542 plus
802 3464 932 3541 pondere
948 3472 1071 3540 nocent,
1087 3480 1149 3544 quo
