2416 3936
269 407 442 498 Incipiunt
470 407 622 497 capitula
649 406 752 478 hnlns
780 407 864 479 libri

410 531 496 621 (sec.
526 527 629 601 codd.
657 531 728 620 pe).

54 829 67 881 I
85 827 132 880 Ad
151 825 256 895 capItIs
278 824 406 879 dolorem
425 823 542 894 (cepha-

90 899 167 951 lcam
182 900 235 966 cp).

55 969 83 1022 II
102 968 147 1022 Ad
164 968 258 1022 tineas
278 965 389 1035 capitis.

56 1039 96 1092 111
117 1039 161 1092 Ad
178 1037 334 1107 pediculos.

56 1109 112 1163 IlII
122 1109 339 1178 Adcapillorum
348 1105 541 1161 defluxionem.

58 1180 84 1232 V
102 1179 146 1233 Ad
165 1179 327 1248 alopiciam.

58 1251 97 1305 VI
114 1250 161 1304 Ad
179 1248 356 1305 cantabriem
376 1247 486 1317 capitis.

58 1321 110 1375 VH
128 1321 175 1376 Ad
183 1319 283 1376 ionius
298 1320 316 1374 i.
332 1319 453 1389 papillas
471 1335 542 1388 quaa

93 1391 125 1445 in
145 1392 226 1446 vultu
244 1391 405 1445 nascuntur.

57 1462 124 1516 VIII
144 1463 188 1516 Ad
206 1461 331 1516 maculas
350 1461 437 1516 albas.

58 1533 139 1587 VHII
160 1533 204 1586 Ad
222 1531 348 1586 maculas
366 1532 469 1601 nigras.

58 1604 83 1658 X
103 1604 149 1659 Ad
168 1604 326 1672 permoneo.

57 1676 97 1730 XI
116 1674 162 1729 Ad
181 1672 363 1744 impetigines
381 1673 399 1728 i.
418 1691 522 1730 nemas.

58 1747 111 1799 XII
130 1744 175 1800 Ad
194 1761 335 1800 verrucas.

59 1816 125 1870 XIII
143 1815 189 1870 Ad
208 1815 352 1886 stigmata.

59 1886 141 1941 XIIII
157 1887 203 1941 Ad
220 1885 300 1941 labia
317 1886 434 1941 hiantia.

60 1957 111 2012 XV
131 1957 175 2010 Ad
197 1956 328 2012 scabiem.

60 2028 127 2081 XVI
145 2028 190 2082 Ad
208 2027 390 2098 pruriginem.

60 2099 140 2152 XVII
158 2099 203 2152 Ad
221 2099 373 2169 parotidas.

60 2169 151 2223 XVIII
169 2170 214 2223 Ad
232 2169 422 2224 collectiones.

59 2240 165 2294 XVIIII
185 2240 230 2292 Ad
248 2239 423 2310 pendigines.

58 2312 109 2365 XX
130 2311 174 2364 Ad
193 2312 308 2366 fistulas.

59 2382 125 2436 XXI
145 2382 190 2435 Ad
209 2382 386 2451 empiemata.

59 2453 139 2506 XXII
160 2453 205 2505 Ad
224 2452 415 2507 carbunculos.

59 2523 153 2577 XXIII
173 2524 217 2577 Ad
235 2540 339 2578 reuma.

59 2593 166 2647 XXIIII
184 2594 228 2648 nd
247 2595 343 2664 ignem
362 2610 479 2649 sacrum.

59 2665 137 2718 XXV
155 2665 199 2718 Ad
219 2681 346 2719 araneas.

61 2735 152 2788 XXVI
169 2736 215 2789 Ad
234 2736 347 2790 scrofas.

62 2805 166 2858 XXVII
183 2807 227 2859 Ad
247 2807 426 2861 steatomata.

60 2876 177 2930 XXVIII
195 2878 239 2930 nd
260 2878 369 2931 aurium
388 2877 521 2932 dolorem.

60 2947 192 3029 XXVIIII
222 2948 268 3002 Ad
301 2949 447 3002 oculorum
480 2966 543 3018 pas-

96 3034 196 3072 siones.
549 3044 553 3052 ‹

61 3089 138 3142 XXX
157 3090 201 3143 Ad
220 3089 326 3143 fluxum
345 3089 490 3160 sanguinis
509 3106 544 3145 ex

95 3159 218 3214 naribus.

59 3230 150 3284 XXXI
169 3231 214 3284 Ad
237 3230 366 3300 polipum
385 3234 414 3286 ct
434 3248 544 3287 ozenas.

60 3301 165 3355 XXXII
183 3303 227 3356 Ad
247 3302 374 3356 dentium
393 3303 529 3359 dolorem.

60 3372 178 3426 XXXIII
197 3373 242 3427 Ad
259 3374 361 3427 tussim
380 3373 535 3430 humidam.

596 822 699 876 XXXV
718 823 761 878 Ad
785 824 926 879 mmorsm
946 823 1079 877 faucium.

596 892 715 975 XXXVI
733 894 778 949 Ad
795 894 999 950 ulcerationem
1018 894 1078 949 fau-

633 979 715 1017 cium.

595 1034 726 1089 XXXVII
742 1034 788 1089 Ad
807 1034 970 1091 sinancicos.

596 1104 742 1160 XXXVIII
760 1106 803 1159 Ad
822 1105 970 1161 tetanicos.

595 1175 755 1231 XXXVIIII
772 1176 817 1230 Ad
837 1178 1017 1248 emoptoicos.

596 1247 644 1301 XL
662 1246 707 1301 Ad
726 1247 870 1317 pthIsicos.

596 1317 659 1372 XLI
677 1318 723 1372 Ad
741 1319 912 1374 astmaticos.

596 1388 673 1442 XLII
689 1389 735 1444 Ad
754 1389 892 1444 stomachi
911 1389 1064 1459 passiones.

596 1460 687 1542 XLIII
718 1460 763 1513 Ad
799 1461 984 1530 spleneticam
1017 1478 1078 1530 pas·

633 1548 749 1586 sionem.

596 1601 701 1656 XLIIII
710 1601 754 1657 Ad
762 1601 1079 1726 epaticamfassionem.

597 1672 672 1726 XLV
692 1673 736 1727 Ad
754 1690 853 1728 renum
871 1672 907 1728 do
921 1690 1005 1728 orem.
1093 1698 1096 1705 ·

597 1743 686 1798 XLVI
703 1742 748 1797 Ad
766 1743 876 1799 vesicae
894 1744 1046 1813 passiones.

596 1814 699 1869 XLVII
707 1815 752 1869 Ad
762 1814 1079 1885 colericampassionem
1166 1799 1167 1802 ¹

632 1888 662 1940 et
680 1884 873 1940 defluonnem.

596 1956 712 2011 XLVIII
731 1956 774 2009 ud
794 1955 984 2012 disenteriam.

596 2027 726 2081 XLVIIll
744 2027 788 2079 Ad
806 2025 945 2083 ictericos.

596 2097 618 2151 L
637 2099 681 2152 Ad
699 2098 805 2153 ventris
829 2099 859 2152 et
880 2097 1078 2153 intestinorum

632 2168 852 2223 reumatismum.

596 2239 633 2292 LI
650 2240 695 2293 Ad
714 2239 833 2294 colicam
853 2242 882 2294 et
900 2240 1023 2295 iliacam.

596 2311 647 2364 LII
655 2311 700 2365 Ad
709 2312 866 2380 podagram
874 2313 903 2365 et
913 2311 1078 2365 artriticam.

596 2381 660 2434 LIII
684 2382 729 2435 Ad
757 2381 919 2436 isciadicam
948 2385 977 2436 et
1006 2381 1079 2452 psia-

633 2452 734 2508 dicam.

596 2522 673 2576 LIIII
692 2524 737 2576 Ad
754 2523 907 2593 paralisim.

597 2593 646 2647 LV
665 2594 709 2647 Ad
729 2596 902 2662 quartanam.

597 2664 662 2719 LVI
680 2664 725 2720 Ad
744 2664 942 2719 emitritaenm.

597 2735 674 2789 LVII
710 2735 755 2790 Ad
794 2736 886 2805 tipum
926 2734 1080 2790 tertianam

633 2805 822 2863 manifestum.

598 2877 686 2932 LVIII
699 2878 745 2932 Ad
758 2877 851 2947 tipum
861 2877 1013 2932 tertianum
1024 2892 1080 2929 nou

633 2948 822 3003 manifestum.

598 3019 700 3073 LVIIII
723 3019 768 3074 Ad
785 3019 878 3090 tipum
898 3017 1080 3074 cotidianum.

598 3090 647 3144 LX
665 3090 710 3144 Ad
729 3091 871 3146 efemeras.

598 3160 661 3214 LXI
679 3161 724 3215 Ad
743 3177 853 3216 causon.

598 3231 674 3286 LXII
691 3232 738 3286 Ad
755 3231 912 3286 freneticos.

599 3303 688 3357 LXIII
705 3303 751 3357 Ad
769 3300 921 3369 litargicos.

599 3373 702 3427 LXIIII
720 3373 765 3426 Ad
783 3373 934 3428 cardiacos.

59 3443 191 3498 XXXIIII
210 3445 255 3499 nd
273 3443 375 3498 tussim
394 3444 512 3499 aridam.
600 3443 675 3499 LXV
695 3445 739 3499 Ad
758 3444 944 3513 apoplexiam.

10 3762 18 3821 l
