2414 3924
434 220 503 266 nra.
519 219 552 266 v,
570 218 645 266 cnr.
665 220 790 266 xxv111.
1047 211 1109 275 205

117 376 245 452 oleoque
264 373 410 433 decoctis:
434 388 554 452 quorum
575 373 716 449 quidlibet
738 375 868 451 protinus
889 376 1053 452 impositum
1074 377 1109 436 ad

118 460 269 518 sanitatem
286 456 426 534 perducit.
456 456 515 515 Sed
529 455 615 514 dividi
629 474 747 535 quoquo
768 459 878 517 curatio
900 467 997 535 potest
1013 461 1041 517 in
1056 477 1109 536 ea,

119 559 193 621 quae
208 540 395 602 mediocriter
414 539 566 599 exedentia
586 541 844 617 reprimentiaque,
870 543 960 619 primo
983 551 1012 600 et
1025 559 1110 619 pusu-

118 626 161 685 las
180 625 367 704 prohibeant,
383 633 412 682 et
426 641 561 683 summam
575 623 741 701 pelliculam
754 634 944 701 exasperent:
959 625 1062 684 deinde
1076 644 1111 687 ee

92 726 193 788 aquae
214 709 289 768 lenia
311 708 347 767 ad
362 708 512 766 sanitatem
527 708 694 784 perducant.
725 706 772 766 Ex
792 708 936 784 prioribus
959 719 1004 768 est
1028 709 1110 770 lenti·

120 793 203 854 culae
224 811 287 852 cum
309 792 396 850 melle
410 792 519 865 farina,
541 791 589 850 vel
603 790 719 866 myrrha
733 808 796 850 cum
811 794 895 868 vino,
912 792 960 850 vel
977 803 1056 853 creta
1073 796 1110 854 ci·

118 876 205 936 molia
226 895 290 935 cum
311 878 381 934 turis
404 876 515 934 cortice
538 875 658 934 contrita
680 883 709 933 et
728 892 801 952 aqua
824 884 943 951 coacta,
961 885 1047 954 atquc
1063 877 1111 937 ubi

118 978 188 1020 usus
201 961 362 1019 necessitas
376 958 491 1034 incidit,
509 967 593 1016 aceto
608 958 709 1017 diluta:
726 976 764 1017 ex
774 959 1009 1037 insequentibus,
1023 979 1110 1039 quae·

120 1044 190 1103 libet
205 1044 310 1122 lipare;
332 1044 385 1102 sed
399 1043 504 1101 idonea
518 1043 640 1100 maxime
656 1051 717 1116 est,
737 1058 810 1118 quae
826 1043 874 1101 vel
889 1042 997 1122 plumbi
1012 1062 1110 1105 recre-

83 1144 109 1184 ro
121 1137 262 1203 mentum,
284 1127 333 1186 vel
351 1125 468 1185 vitellos
483 1124 579 1186 babet.
609 1125 662 1186 Est
678 1126 763 1184 etiam
781 1125 831 1184 illa
847 1125 1012 1186 adustorum
1030 1146 1110 1188 cura·

119 1213 175 1287 tio,
192 1212 255 1270 dum
272 1210 454 1271 inflammatio
472 1217 533 1285 est,
549 1211 711 1288 impositam
725 1207 835 1268 habere
852 1224 914 1269 cum
925 1210 1013 1271 melle
1028 1212 1110 1272 lenti·

120 1295 226 1354 culam:
243 1294 291 1353 ubi
307 1313 341 1354 ea
363 1293 537 1368 declinavit,
553 1293 673 1355 farinam
691 1310 754 1351 cum
771 1301 848 1368 ruta,
869 1293 917 1352 vel
941 1311 1046 1372 porro,
1062 1296 1110 1357 vel

119 1378 277 1454 marrubio,
294 1377 390 1438 donec
408 1386 521 1436 crustae
542 1377 659 1436 cadant:
681 1384 738 1435 tum
755 1394 852 1434 ervum
869 1394 933 1435 cum
945 1379 1047 1455 melle,
1063 1390 1111 1440 aut

119 1463 198 1538 irim,
215 1471 262 1521 aut
276 1465 400 1521 resinam
418 1459 655 1536 terebinthinam,
671 1461 765 1520 donec
778 1459 862 1518 ulcus
874 1478 974 1537 purum
992 1464 1044 1524 sit:
1060 1482 1109 1523 no·

85 1566 108 1606 rs
122 1547 236 1605 vissime
252 1548 359 1606 siccum
375 1545 565 1604 linamentum.

392 1823 582 1891 CAPUT
629 1821 843 1886 XXVIII.

119 1966 155 2013 lle
181 1964 344 2014 interioribus
370 1963 510 2026 ulceribus,
536 1977 601 2026 quae
629 1963 714 2026 aliqua
740 1976 874 2028 corporum
898 1972 968 2028 parte
994 1961 1120 2029 corrupta¹

546 2052 690 2094 nascuntur.

184 2214 210 2271 1.
241 2212 287 2271 Ab
310 2212 354 2270 bis
380 2230 454 2290 quac
475 2214 656 2272 extrinsecus
674 2210 817 2289 incidunt,
836 2213 871 2272 ad
890 2231 925 2272 ea
940 2211 1111 2272 veniendum

83 2325 108 2366 20
120 2306 180 2373 est,
198 2314 271 2374 quae
287 2297 422 2372 interius,
443 2306 579 2373 corrupta
595 2296 689 2374 aliqua
706 2313 859 2374 corporum
876 2307 974 2375 parte,
990 2314 1111 2354 nascun-

119 2391 174 2438 tur.
204 2378 249 2439 Ex
272 2379 375 2458 quibus
395 2397 453 2439 non
475 2379 551 2439 aliud
573 2379 749 2439 carbunculo
775 2382 858 2459 pejus
880 2389 934 2440 est.
970 2378 1041 2454 Ejus
1056 2379 1111 2439 bae

119 2473 206 2522 notae
230 2473 309 2522 suut:
334 2462 422 2522 rubor
446 2472 507 2539 est,
530 2481 677 2542 superque
699 2482 763 2522 eum
779 2483 835 2523 non
852 2466 964 2524 nimium
992 2463 1112 2539 pusulae

120 2551 259 2622 eminent,
278 2549 400 2606 maxime
415 2549 532 2623 nigrae,
550 2548 689 2606 interdum
705 2546 881 2625 sublividae,
900 2558 947 2609 aut
969 2548 1110 2627 pallidam

119 2633 147 2689 in
161 2631 205 2690 bis
222 2632 317 2690 sanies
333 2650 399 2690 esse
420 2630 546 2696 videtur;
563 2630 636 2690 inira
658 2631 740 2691 color
757 2634 840 2708 niger
856 2642 917 2701 est;
936 2634 1028 2711 ipsum
1049 2650 1111 2693 cor·

84 2741 110 2780 25
120 2733 173 2793 pus
200 2714 308 2774 aridum
330 2724 359 2774 et
380 2715 494 2789 durius,
519 2732 603 2792 quam
624 2715 791 2774 naturaliter
817 2725 949 2794 oportet;
976 2717 1112 2793 circaque

120 2800 202 2876 quasi
219 2807 314 2858 crusta
331 2807 391 2868 est;
413 2816 505 2874 eaque
521 2797 742 2857 inflammatione
758 2800 896 2876 cingitur;
918 2818 1013 2876 neque
1032 2802 1059 2857 iu
1076 2816 1112 2857 eo

119 2883 186 2942 loco
205 2882 297 2940 levari
318 2884 391 2940 cutis
413 2889 525 2960 potest,
547 2881 599 2939 sed
614 2881 744 2940 inleriori
760 2885 838 2941 carni
854 2883 936 2960 quasi
951 2883 1037 2941 affixa
1053 2890 1111 2948 est;

119 2983 236 3025 somnus
258 2974 357 3041 urget;
385 2982 592 3040 nonnumquam
614 2964 736 3039 horror,
760 2974 808 3024 aut
829 2965 919 3024 febris
936 2967 1043 3039 oritur,
1066 2972 1113 3022 aut

120 3059 279 3127 utrumque.
309 3049 400 3127 ldque
416 3050 513 3106 vitium
528 3046 699 3105 subteractis
715 3051 797 3125 quasi
819 3047 987 3126 quibusdam
1010 3046 1112 3107 radici-

83 3133 172 3198 scbus
190 3135 297 3210 serpit,
313 3133 454 3192 interdum
472 3131 610 3205 celerius,
629 3131 769 3189 interdum
784 3131 908 3191 tardius:
932 3149 1020 3208 supra
1043 3148 1112 3209 quo-

118 3235 175 3294 que
188 3217 353 3295 procedens
365 3216 532 3280 inalbescit;
547 3212 612 3272 dein
624 3213 739 3272 lividum
752 3216 797 3291 fit,
810 3216 975 3293 circumque
988 3217 1113 3291 exiguae

118 3301 240 3378 pusulae
267 3303 409 3360 oriuntur:
429 3308 457 3358 et
469 3300 492 3356 si
505 3299 582 3356 circa
594 3297 771 3357 stomachum
786 3299 924 3357 faucesve
938 3299 1049 3375 incidit,
1066 3313 1113 3355 su·

119 3383 180 3444 bito
196 3386 325 3462 spiritum
351 3402 442 3461 saepe
464 3382 550 3441 elidit.
576 3381 653 3440 Nihil
676 3382 779 3442 melius
801 3391 861 3458 est,
884 3399 966 3460 quam
983 3382 1116 3461 protinus

119 3466 251 3527 adurere.
281 3467 384 3545 Neque
405 3466 433 3525 id
449 3484 539 3542 grave
556 3475 616 3524 est:
639 3483 703 3525 uam
725 3484 782 3527 non
803 3468 905 3536 sentit;
930 3468 1063 3544 quoniam
1078 3406 1138 3583 014
