2414 3924
441 220 511 268 nm.
526 220 566 267 11.
583 219 659 268 car.
675 218 753 267 vm.
1056 205 1099 269 ιι

95 373 231 434 letudiuis
245 376 452 454 opprimatur.
478 373 552 434 iilud
566 377 634 452 jura
651 374 756 452 aliquis
769 373 934 449 mirabitur,
952 372 1098 453 quomodo

95 457 237 539 maedan
252 459 335 518 simul
350 467 380 517 ct
393 458 522 534 affligant
539 467 639 518 nostra
655 473 792 536 corpora,
811 466 841 516 ει
852 465 935 535 parte
949 455 1044 536 aiiqna
1054 464 1097 518 ta·

95 551 206 601 cantur.
241 542 328 618 Nam,
344 544 406 601 sire
420 560 493 620 aqua
512 545 587 601 inter
603 550 698 601 cutem
712 558 798 619 quem
818 542 964 621 impierit,
986 541 1049 600 sire
1069 540 1098 600 ia

93 643 199 705 magno
214 626 354 687 abscessu
370 625 485 685 multum
504 628 582 704 puris
603 627 688 701 coiit,
703 626 786 685 simut
801 624 829 686 id
848 642 933 685 omne
950 622 1098 703 effudisse,

71 727 190 789 uaeque
208 711 385 770 mortiterum
402 719 457 785 est,
476 727 512 769 ac
527 712 551 769 si
568 711 631 788 quis
648 711 710 769 sani
725 710 859 788 corporis
871 709 992 769 vnlnere
1004 707 1099 769 iactus

95 796 252 871 exsanguis
268 804 313 855 est
325 791 421 874 (Apis.
434 792 484 869 vt,
497 795 565 872 27).
593 793 716 852 Articuli
734 809 806 853 vcro
823 794 869 853 cui
884 794 928 853 sic
942 791 1052 867 dolent,
1069 799 1099 853 ut

93 896 185 958 super
200 896 254 937 ens
270 897 307 938 ex
323 877 399 937 callo
420 878 561 956 quaedam
575 876 726 938 tuberonis
743 878 838 938 innata
853 876 925 951 sint,
946 892 1097 956 numquam

93 961 269 1023 liberantur:
292 980 425 1041 quaeque
443 979 542 1020 eorum
560 962 627 1021 vitia
642 959 690 1019 vei
706 961 734 1020 in
750 970 901 1020 senectute
925 967 1096 1039 coeperunt,

92 1046 142 1106 vel
158 1049 187 1107 in
203 1055 382 1106 senectutem
397 1045 434 1104 ab
450 1044 649 1104 adolescentia
665 1053 876 1121 pervenerunt,
900 1041 1098 1123 utaliquando

57 1144 84 1188 ιι
94 1129 177 1190 leniri
193 1140 330 1208 possunt,
352 1130 394 1188 sic
417 1146 568 1206 numquam
585 1147 622 1187 ex
640 1137 701 1186 toto
718 1128 858 1187 finiuntur.
887 1125 1005 1188 Morbus
1027 1141 1097 1206 quo·

94 1232 152 1293 que
173 1214 325 1275 comitialis
341 1222 409 1291 post
424 1231 524 1272 annum
541 1214 667 1291 quintum
683 1220 712 1270 et
729 1213 896 1271 vicesimum
911 1220 992 1271 ortus
1007 1226 1097 1290 aegre

94 1308 226 1368 curatum
242 1298 389 1377 multoque
402 1298 518 1373 aegrius
531 1298 566 1372 is,
585 1298 632 1374 qui
647 1303 714 1374 post
730 1294 980 1375 quadragesimum
995 1311 1097 1355 annunt

94 1384 207 1460 coepit;
225 1382 298 1442 adeo
314 1390 345 1439 ut
360 1382 387 1439 in
404 1398 437 1439 ea
451 1389 546 1439 aetate
564 1379 672 1458 aliquid
689 1380 717 1438 in
733 1388 833 1438 natura
848 1379 930 1458 spei,
953 1380 1001 1438 rix
1018 1376 1097 1458 qnid·

94 1484 178 1546 quam
194 1468 223 1524 in
238 1465 377 1525 medicina
392 1466 429 1523 sit
445 1461 590 1544 (Procris.
607 1461 649 1537 lt,
663 1463 684 1538 §
698 1464 745 1542 9).
769 1462 800 1522 ln
815 1461 917 1522 eodem
935 1461 1049 1538 morbo,
1074 1461 1098 1522 si

58 1549 178 1609 insimul
194 1559 282 1610 totum
307 1566 413 1627 corpus
436 1547 575 1623 afficitur,
600 1556 779 1625 nequeunte
802 1548 829 1606 in
847 1546 976 1625 partibus
993 1545 1097 1627 aliquis

93 1635 236 1693 venientis
258 1633 323 1692 mali
340 1651 443 1691 sensus
464 1640 523 1707 εει,
547 1630 599 1690 sed
620 1629 706 1689 homo
729 1648 767 1690 ex
784 1630 942 1710 improviso
960 1630 1096 1706 concidit,

95 1720 302 1796 cujuscumque
324 1718 348 1775 is
369 1717 471 1775 aetatis
489 1724 549 1790 est,
569 1716 619 1772 vix
642 1716 783 1774 sanescit:
809 1715 833 1773 si
855 1731 927 1774 vcro
948 1719 997 1775 aut
1016 1731 1097 1773 mens

93 1802 175 1861 laesa
195 1810 250 1877 est,
267 1810 314 1860 aut
329 1817 483 1859 nervorum
497 1798 573 1857 iacta
591 1799 743 1874 resolutio,
762 1797 924 1858 medicinae
940 1798 1024 1856 iocus
1039 1811 1096 1855 non

95 1893 150 1944 est.
181 1883 402 1960 Dejectionibus
418 1900 534 1961 quoque
550 1882 574 1939 si
590 1879 681 1940 febris
704 1882 845 1951 accessit;
868 1881 893 1939 si
914 1879 1097 1940 inflammatio

58 1969 250 2044 aojertnorts,
267 1978 314 2027 aut
331 1966 585 2045 praecordiorum,
603 1966 787 2035 antrannis:
810 1967 833 2024 si
853 1964 1004 2023 immodica
1020 1963 1096 2032 sitis:

94 2054 118 2111 si
134 2053 248 2128 longius
263 2062 390 2130 tempus;
412 2051 435 2109 si
452 2050 533 2109 airus
549 2049 643 2118 varia;
666 2051 689 2108 si
714 2067 776 2108 cum
800 2048 904 2108 dolore
927 2055 987 2121 est,
1013 2048 1096 2106 etiam

93 2137 194 2196 mortis
216 2137 373 2214 periculum
396 2134 513 2193 subest:
534 2135 715 2211 maximeque
735 2133 759 2192 si
780 2133 856 2191 inter
880 2130 953 2190 haec
976 2131 1096 2190 tormina

94 2237 163 2278 esse
184 2229 352 2298 coeperunt.
387 2218 473 2296 lsqne
495 2216 612 2277 morbus
629 2219 751 2276 maxime
776 2232 885 2295 pueros
906 2213 1029 2274 absumit
1051 2231 1096 2274 ns·

94 2322 151 2380 qne
174 2303 208 2362 ad
233 2322 333 2362 annum
356 2303 513 2362 decimum:
541 2309 659 2361 ceterae
676 2309 787 2360 aetates
810 2298 923 2359 facilius
945 2300 1096 2359 sustinent.

57 2386 197 2447 anMulier
220 2405 336 2465 quoque
363 2387 481 2463 gravida
511 2385 651 2463 ejusmodi
681 2403 749 2444 casu
783 2385 845 2462 rapi
870 2392 982 2461 potest:
1010 2392 1096 2462 atque

94 2472 205 2530 etiamsi
222 2472 283 2547 ipsa
300 2471 457 2545 convaluit,
474 2480 584 2549 parturn
596 2479 690 2529 tamen
703 2469 799 2548 perdit
812 2464 956 2548 (adripit.
970 2466 1006 2542 V,
1027 2465 1095 2545 34).

94 2554 268 2629 Quinetiam
285 2555 405 2613 tormina
422 2555 457 2613 ab
476 2564 536 2615 atra
552 2553 611 2613 bile
627 2571 693 2613 orsa
707 2552 855 2613 mortifera
873 2560 938 2610 sunt
951 2551 1004 2630 (ci.
1016 2548 1095 2631 Apis.

93 2637 143 2713 tv,
162 2637 228 2716 24);
246 2648 293 2696 aut
306 2640 330 2696 si
347 2638 399 2697 snb
416 2639 471 2712 his,
488 2647 644 2698 extenuato
655 2640 714 2714 jam
732 2654 876 2714 corpore,
898 2635 994 2695 subito
1016 2636 1096 2712 nigra

94 2721 177 2781 airus
193 2721 336 2798 produxit.
371 2721 409 2781 Αι
426 2724 622 2782 intestinorum
636 2721 757 2781 laevitas
775 2719 971 2798 pericuiosior
988 2728 1049 2795 est,
1073 2718 1097 2777 ti

59 2805 235 2884 utreqnens
251 2806 376 2881 dejectio
393 2816 452 2874 est;
478 2807 502 2864 si
516 2815 619 2864 venter
634 2805 764 2864 omnibus
786 2804 865 2863 horis
885 2812 992 2862 etcum
1010 2819 1094 2874 sono,

94 2898 122 2948 et
145 2890 207 2947 sine
228 2888 285 2948 hoc
307 2890 437 2967 produit;
461 2892 485 2948 si
508 2889 638 2948 similiter
653 2897 739 2947 noctu
758 2896 786 2947 et
810 2885 948 2954 interdiu;
972 2887 995 2945 si
1017 2885 1095 2964 quod

94 2974 270 3045 excernitur,
286 2983 333 3033 aut
349 2976 464 3034 crudum
482 2983 536 3044 est,
553 2981 600 3031 aut
615 2974 736 3048 nigrum,
754 2980 797 3046 et,
814 2978 933 3047 praeter
948 2969 994 3042 id,
1012 2970 1096 3028 etiam

92 3056 192 3131 laeve,
205 3065 234 3115 et
245 3058 309 3116 maii
322 3059 434 3123 odoris:
449 3059 473 3115 si
486 3057 547 3114 sitis
560 3065 659 3130 urget:
673 3057 697 3113 si
710 3063 776 3132 post
789 3054 935 3132 potionem
948 3053 1027 3110 urina
1040 3068 1095 3110 non

94 3140 224 3199 redditur
235 3142 327 3220 (quod
344 3144 447 3213 evcnit,
462 3142 526 3220 qnia
543 3148 609 3197 tunc
626 3138 720 3216 iiquor
737 3139 826 3196 omnis
839 3152 895 3194 non
910 3136 936 3193 in
957 3135 1094 3207 vesicam,

63 3223 150 3280 used
161 3223 188 3280 in
201 3225 331 3282 intestina
346 3220 799 3301 descendit—ylossemnt-);
814 3221 838 3278 si
851 3235 885 3277 os
898 3218 1094 3290 exulceratur,

98 3306 122 3364 si
134 3305 218 3366 rubet
233 3308 338 3380 iacies,
363 3319 391 3368 et
406 3311 487 3389 quasi
504 3307 624 3366 maculis
639 3304 806 3383 quibusdam
824 3302 954 3361 colorum
971 3301 1093 3360 omnium

99 3389 298 3470 distinguitnr;
311 3396 336 3454 si
350 3395 593 3471 venterestquasi
612 3391 809 3460 fermentatus,
823 3384 937 3462 pinguis
947 3389 1033 3460 atque
1045 3400 1090 3441 ru·

98 3490 206 3551 gosan
219 3480 243 3536 si
255 3478 312 3538 cibi
328 3488 358 3537 et
372 3478 596 3556 {ambulationis}
621 3469 760 3549 cupiditas
776 3484 833 3527 oon
848 3475 902 3611 es4t.
925 3466 1006 3527 Inter
1016 3483 1091 3548 qus·

142 3581 237 3620 emens
252 3582 270 3618 ι.
