2414 3924
113 211 153 272 12
410 223 812 274 s.o.csnsrsranrc1usn

109 384 156 443 siti
172 381 297 455 allecto,
323 399 408 460 quum
429 374 497 462 post
512 380 682 441 ebrietatem
697 398 761 440 eum
778 383 870 459 premi
889 383 1027 460 coepisse
1043 399 1113 461 cog·

109 474 220 542 nosset,
239 464 491 543 aquamfrigidam
508 465 639 542 ingessit.
671 464 734 539 Qua
755 463 806 524 illc
828 473 932 544 epota,
949 484 1033 545 quum
1055 469 1113 527 nini

108 551 164 610 vim
182 548 332 609 miscendo
356 549 511 626 fregisset,
540 549 672 628 protinus
695 548 807 608 febrem
828 566 929 609 somno
954 559 983 609 et
1005 549 1113 611 sudore

108 633 252 694 discnssit.
288 633 373 708 Quod
398 632 534 692 auxilium
557 631 685 693 medicus
706 642 871 711 opportune
895 633 1036 712 providit,
1053 653 1113 695 non

107 737 146 778 ex
158 734 205 794 eo,
222 716 299 796 quod
315 726 363 777 aut
377 716 543 777 adstrictum
558 733 665 795 corpus
680 726 751 793 erat,
765 727 813 777 aut
824 717 946 787 fluebat;
963 718 1015 779 sed
1027 737 1065 779 ex
1079 737 1137 782 eas

107 820 210 878 causa,
228 819 303 880 qnae
318 810 384 861 ante
407 808 621 880 praecesserat.
651 801 763 879 llstque
784 803 869 861 etiam
891 803 1040 881 proprium
1061 803 1112 864 ali·

107 886 175 967 quid
200 893 229 946 et
249 885 308 946 loci
329 894 359 944 et
382 886 521 963 temporis
541 886 603 944 istis
625 903 742 964 quoque
763 885 945 946 auctoribus:
963 888 1011 966 qui
1027 905 1113 966 quum

106 971 262 1050 disputant,
279 968 517 1049 quemadmodum
533 969 609 1029 sanis
625 968 786 1030 hominibus
803 969 945 1047 agendum
962 972 1009 1047 sit,
1026 989 1111 1051 prae·

108 1057 227 1134 cipiunt,
243 1062 273 1114 ut
291 1053 429 1132 gravibus
441 1061 488 1114 aut
500 1053 575 1114 locis
587 1061 635 1113 aut
647 1052 827 1132 temporibus
839 1055 932 1132 magis
946 1056 1051 1114 vitetur
1062 1055 1111 1115 fri·

107 1158 173 1218 gns,
189 1147 296 1215 aestus,
313 1139 444 1214 satietas,
460 1136 559 1213 labor,
576 1135 679 1204 libido;
697 1140 849 1216 magisque
871 1147 901 1197 ut
923 1139 1111 1218 conquiescat
1122 1159 1147 1201 ro

106 1222 209 1283 iisdem
223 1222 296 1283 locis
311 1231 360 1283 aut
377 1221 572 1301 temporibus,
589 1223 613 1280 si
630 1222 693 1299 quis
708 1222 878 1299 gravitatem
894 1225 1029 1302 corporis
1045 1242 1110 1283 sen·

106 1309 154 1375 tit;
179 1324 213 1365 ac
236 1323 331 1384 neque
354 1306 460 1365 vomitu
486 1303 680 1382 stomachum,
708 1323 802 1385 neque
827 1308 998 1384 purgatione
1016 1306 1111 1366 alvum

108 1389 255 1450 sollicitet.
285 1389 366 1465 Quae
383 1407 453 1449 vera
472 1388 587 1466 quidem
604 1397 682 1456 suut;
710 1408 726 1450 a
747 1389 944 1450 communibus
962 1398 1056 1450 tamen
1075 1390 1111 1451 ad

108 1472 248 1552 quaedam
264 1476 383 1552 propria
398 1472 586 1533 descendunt.
619 1472 681 1532 Nisi
703 1473 881 1552 persuadere
897 1474 981 1534 nobis
999 1474 1109 1551 volunt,

107 1557 184 1618 sanis
201 1557 315 1636 quidem
330 1556 569 1618 considerandum
586 1575 671 1634 esse,
693 1558 769 1636 quod
785 1557 916 1635 coelum,
941 1558 1018 1637 quod
1040 1566 1108 1618 tem·
1120 1577 1145 1618 is

107 1660 161 1721 pus
175 1643 239 1701 anni
255 1642 306 1712 sit;
325 1644 422 1718 aegris
441 1659 512 1702 nero
528 1658 586 1701 non
603 1659 684 1702 esse:
702 1642 805 1721 quibus
817 1651 895 1703 tanto
911 1643 1003 1720 magis
1017 1645 1110 1703 omnis

107 1725 274 1787 observatio
291 1728 458 1786 necessaria
473 1735 534 1802 est,
558 1735 664 1804 quanto
679 1727 772 1804 magis
790 1725 914 1787 obnoxia
934 1726 1054 1787 offensis
1067 1727 1108 1786 in·

78 1811 79 1817 ’
107 1811 224 1871 firmitas
242 1819 297 1871 est.
320 1810 396 1885 Quin
413 1810 498 1871 etiam
513 1809 680 1870 morborum
696 1811 725 1870 in
739 1810 842 1870 iisdem
854 1810 1017 1871 bominibus
1034 1810 1108 1871 aliae

106 1903 193 1974 atque
210 1895 285 1955 aliae
300 1896 497 1974 proprietates
512 1902 591 1962 suut;
616 1896 707 1974 etqui
729 1893 865 1954 secundis
881 1895 1034 1975 aliquando
1050 1895 1108 1955 fru-

106 1988 165 2039 stra
183 1988 297 2040 curatus
314 1988 373 2055 est,
394 1979 547 2038 contrariis
563 1996 653 2057 saepe
675 1981 842 2038 restituitur.
880 1979 1064 2058 Plurimaque
1081 1981 1108 2039 in
1117 1993 1144 2035 ao

106 2063 200 2124 dando
215 2063 281 2123 cibo
299 2063 462 2122 discrimina
478 2063 675 2142 reperiuntur:
701 2081 739 2122 ex
762 2061 864 2141 quibus
886 2072 1037 2123 contentus
1053 2081 1108 2123 uno

106 2164 168 2208 ero.
185 2147 258 2208 Nam
273 2147 377 2207 famem
396 2145 508 2206 facilius
519 2145 704 2223 adolescens,
719 2165 802 2226 qnam
815 2165 887 2226 puer
896 2144 990 2228 (Apb.
999 2146 1027 2224 l,
1038 2146 1108 2224 13);

105 2231 218 2292 facilius
234 2232 262 2291 in
277 2229 368 2290 denso
387 2230 484 2305 coelo,
501 2247 584 2307 quam
599 2230 627 2289 in
642 2233 735 2298 tenui:
758 2230 872 2291 facilius
893 2231 1001 2307 hieme,
1025 2248 1109 2310 quam

106 2324 232 2383 aestate;
257 2313 370 2374 facilius
395 2331 451 2372 uno
476 2312 557 2389 cibo,
583 2331 667 2391 quam
688 2314 808 2393 prandio
825 2332 940 2395 quoqne
956 2324 1108 2382 assuetus;

105 2397 218 2457 facilius
234 2399 450 2474 inexercitatus,
464 2415 547 2475 quarn
563 2400 739 2458 exercitatus
750 2399 835 2459 homo
848 2401 978 2460 sustinet.
1011 2399 1143 2477 saepest

106 2489 202 2541 autem
217 2484 245 2541 in
261 2500 296 2542 eo
312 2483 406 2559 magis
427 2483 594 2542 necessaria
616 2481 672 2541 cibi
693 2482 839 2544 festinatio
863 2492 924 2561 est,
946 2484 994 2562 qni
1016 2484 1108 2541 minus

106 2564 228 2625 inediam
244 2566 359 2625 tolerat.
399 2564 443 2625 0b
461 2583 534 2643 quae
551 2566 703 2644 concipio,
727 2585 807 2643 eum,
838 2571 885 2646 qui
907 2568 1026 2648 propria
1049 2583 1107 2626 non
1130 2599 1156 2632 ,Α

104 2650 201 2726 novit,
220 2651 379 2710 communia
396 2658 502 2709 tantum
524 2651 627 2710 intueri
644 2650 768 2720 debere;
792 2670 931 2731 eumque,
952 2653 999 2731 qui
1019 2667 1107 2710 nosse

105 2733 225 2812 propria
242 2743 355 2813 potest,
377 2734 426 2793 illa
447 2733 562 2812 quidem
577 2752 634 2795 non
650 2744 790 2814 oportere
805 2737 975 2815 negligere,
994 2735 1046 2795 sed
1062 2733 1107 2794 bis

105 2834 220 2897 quoque
238 2818 380 2878 insistere.
413 2816 558 2898 Ideoque,
579 2837 664 2898 qaum
682 2838 736 2899 par
753 2822 871 2881 scientia
888 2822 940 2896 sit,
963 2820 1104 2879 utiliorem
1117 2833 1143 2875 οο

104 2911 199 2962 tamen
214 2903 355 2964 medicum
376 2922 443 2964 esse
464 2905 600 2979 amicum,
625 2923 709 2984 quam
730 2912 906 2964 extraneum.

169 2985 271 3065 lgitur,
290 2997 319 3047 ut
336 2987 372 3047 ad
388 2989 570 3067 propositum
587 3006 681 3048 meum
704 2988 837 3064 redeam,
861 2986 1031 3049 rationalem
1046 2988 1105 3065 qui·

105 3069 170 3129 dena
187 3081 256 3150 puto
271 3071 442 3133 medicinam
457 3091 524 3132 esse
540 3070 665 3132 debere:
690 3073 791 3132 instrui
815 3089 886 3132 vero
910 3070 945 3132 ab
967 3070 1105 3131 evidenti·

105 3153 158 3214 bus
177 3157 286 3224 causis;
307 3155 440 3216 obscuris
454 3156 595 3233 omnibus,
609 3174 667 3216 non
680 3175 697 3217 a
710 3157 886 3234 cogitatione
899 3156 1035 3231 artificis,
1054 3152 1106 3213 sed

104 3237 224 3318 abipsa
246 3249 307 3300 arte
328 3241 457 3315 rejectis.
484 3239 616 3301 Incidere
638 3250 732 3300 autem
754 3242 883 3300 vivorum
907 3256 1049 3319 corpora,
1078 3245 1142 3302 etas

104 3323 232 3401 crudele,
248 3334 277 3384 et
292 3343 502 3404 supervacuum
517 3334 576 3385 est:
599 3333 788 3402 mortuorum,
811 3323 987 3384 discentibus
1005 3340 1107 3381 neces-

103 3407 222 3474 sarium;
247 3426 311 3468 narn
331 3410 454 3488 positum
476 3418 505 3468 et
527 3408 655 3469 ordinem
671 3426 759 3469 nosse
782 3407 903 3478 debent;
929 3425 1003 3487 quae
1025 3405 1107 3466 cada·

189 3491 303 3568 melius,
323 3509 406 3569 quam
425 3494 507 3552 vivus
521 3500 550 3551 et
567 3492 734 3553 vnlneratus
755 3493 857 3571 bomo,
876 3497 1108 3572 repraesentant.
