2414 3924
116 189 176 251 106
406 199 440 247 A.
458 199 488 247 o
507 198 606 247 cnusr
620 199 816 247 nnnrcmau

111 356 202 438 quale
218 363 277 430 est,
295 354 452 415 tumoribus
466 355 550 415 aliter
566 354 708 432 aliterque
722 371 776 433 per
791 362 878 414 totum
894 353 922 413 id
935 353 1112 416 orientibus.

112 439 198 500 modo
222 441 296 498 intus
316 441 345 498 in
360 448 470 499 uterum
485 456 560 516 aqua
577 437 769 536 contrahitur,
791 446 819 497 et
833 446 911 497 moto
929 455 1055 516 corpore
1073 441 1113 500 ita

111 531 259 598 movetur,
267 531 305 581 ut
322 524 445 601 impetus
462 524 525 597 ejus
538 523 668 600 conspici
682 522 800 618 possit.
812 521 935 581 Primum
946 522 1114 600 τυμπανί-

72 628 75 632 ’
111 626 189 708 την,
206 606 361 666 secuudum
376 604 695 706 λευκοφλεγματίαι),
713 605 762 664 vel
779 593 976 682 ὑποσάρκα,
998 608 1113 666 tertium

7 684 9 688 Α
111 681 252 769 ἀσκίτην
272 690 375 751 Graeci
396 692 583 750 nominarunt.
619 688 783 750 Communis
808 698 902 749 tamen
925 692 1047 750 omnium
1067 700 1136 752 ests

14 805 18 809 ·
111 776 239 836 humoris
260 776 344 834 nimia
363 773 546 842 abuudantia;
572 773 610 832 ob
627 790 709 851 quam
725 791 761 832 ne
777 773 875 833 ulcera
891 773 1027 851 quidem
1019 793 1046 833 rn
1066 775 1112 834 his

112 861 211 937 aegris
232 858 319 917 lacile
343 867 497 918 sanescunt
516 855 611 937 (Aplt.
629 857 680 932 vl,
697 858 743 936 8).
773 857 868 936 Saepe
885 874 956 916 vero
980 856 1036 917 hoc
1053 877 1110 917 ma-

112 944 170 1002 lnm
187 961 240 1021 per
261 960 293 1001 se
315 943 428 1020 incipit;
450 959 540 1018 saepe
557 942 640 1002 alteri
656 950 768 1001 vetusto
791 940 915 1018 morbo,
931 943 1110 1020 maximeque

112 1035 278 1105 quartanae,
295 1027 470 1104 supervenit.
500 1024 625 1085 Facilius
638 1027 665 1084 in
683 1025 787 1101 servis,
805 1043 887 1103 qnam
902 1026 930 1083 iu
944 1024 1045 1085 liberis
1057 1025 1110 1085 tol·

112 1111 194 1170 litur:
214 1111 296 1187 qnia,
319 1127 403 1187 quum
419 1108 564 1169 desideret
578 1109 699 1185 famem,
720 1109 811 1185 sitim,
832 1108 910 1168 mille
933 1109 988 1168 alia
1004 1110 1110 1186 taedia,
1123 1128 1147 1167 m

112 1195 288 1271 longamque
306 1195 478 1270 patientiam,
495 1195 633 1271 promtius
648 1195 682 1252 iis
699 1193 882 1268 succurritur,
899 1195 947 1270 qui
961 1192 1050 1252 facile
1063 1210 1112 1253 co·

112 1287 235 1356 guntur,
251 1295 334 1355 quam
350 1277 453 1356 quibus
473 1277 580 1336 inutilis
597 1276 716 1336 libertas
734 1285 788 1336 est.
821 1277 880 1336 Sed
895 1294 931 1335 ue
946 1279 964 1336 ii
986 1276 1111 1355 quidem,

113 1363 163 1440 qui
179 1359 231 1419 sub
248 1361 305 1419 alio
320 1370 402 1438 snut,
425 1363 450 1420 si
466 1380 503 1420 ex
518 1370 580 1420 toto
596 1361 651 1420 sibi
669 1370 833 1439 temperare
849 1377 907 1422 uon
922 1369 1060 1439 possunt,
1077 1361 1113 1421 ad

111 1444 235 1505 salutem
251 1445 454 1523 perducuntur.
487 1445 615 1522 Ideoque
630 1462 686 1504 uon
701 1444 838 1522 ignobilis
852 1444 997 1521 medicus,
1021 1443 1111 1520 Chry·

115 1529 192 1607 sippi
210 1528 385 1606 discipulus,
408 1528 483 1607 apud
499 1529 675 1605 Antigonum
689 1547 807 1605 regem,
825 1530 944 1589 amicum
960 1529 1111 1607 quemdam
1122 1548 1146 1589 rs

114 1614 187 1690 ejus,
204 1621 290 1674 uotae
306 1614 553 1692 intemperantiae,
570 1612 756 1672 mediocriter
768 1630 804 1672 eo
817 1613 919 1672 morbo
932 1614 1110 1691 implicitum,

113 1698 232 1774 negavit
247 1714 337 1776 posse
359 1699 464 1758 sanari.
495 1698 643 1775 Quumque
659 1696 733 1756 alter
749 1697 877 1756 medicus
894 1695 1032 1776 Epirotes
1046 1696 1109 1756 Phi·

114 1782 211 1860 lippus
227 1799 260 1841 se
272 1792 435 1842 sanaturum
451 1781 651 1861 polliceretnr;
668 1781 828 1859 respondit,
844 1782 922 1841 illum
934 1781 970 1840 ad
981 1779 1109 1841 morbum

113 1866 196 1943 aegri
211 1868 376 1944 respicere;
393 1885 435 1942 se,
453 1867 488 1927 ad
503 1867 633 1926 animum.
661 1864 764 1943 Neque
780 1884 843 1925 enm
858 1883 906 1925 res
920 1864 1035 1924 fefellit.
1055 1863 1110 1924 llle

111 1950 187 2009 enim
209 1967 293 2027 quum
318 1967 423 2010 summa
446 1950 593 2027 diligentia
616 1967 673 2008 uon
695 1949 799 2008 medici
819 1949 1029 2026 tantummodo,
1055 1947 1145 2009 sedan

110 2035 197 2092 etiam
220 2036 299 2110 regis
321 2034 528 2109 custodiretur,
552 2044 646 2093 tamen
667 2033 839 2111 malagmata
861 2053 910 2094 sua
933 2032 1108 2106 devorando,

111 2116 296 2194 bibendoque
318 2137 395 2177 suam
416 2121 540 2194 urinam,
561 2120 589 2176 in
608 2118 723 2177 exitium
740 2135 772 2176 se
794 2118 1004 2197 praecipitavit.
1031 2117 1109 2174 luter

110 2202 189 2260 initia
211 2210 305 2260 tamen
328 2220 386 2261 non
410 2202 535 2261 difficilis
558 2202 667 2260 curatio
690 2211 747 2276 est,
770 2202 793 2259 si
815 2204 954 2278 imperata
976 2198 1108 2279 sunt(cl.
1159 2264 1160 2268 ,

109 2284 160 2357 lll,
181 2285 235 2360 17)
254 2287 349 2361 quies,
367 2287 443 2361 sitis,
460 2284 566 2350 inedia:
583 2294 612 2344 at
627 2286 652 2344 si
666 2284 769 2344 malum
785 2286 966 2359 inveteravit,
996 2284 1109 2341 nonnisi

109 2385 214 2442 magna
229 2368 306 2426 mole
323 2369 480 2428 discutitur.
510 2368 704 2428 Metrodorum
721 2378 832 2445 tamen,
848 2368 966 2446 Epicuri
983 2368 1107 2445 discipu·
1119 2384 1144 2423 ιι

32 2508 34 2512 1
110 2451 182 2525 lum,
201 2450 312 2527 ierunt,
335 2471 418 2530 quum
438 2451 496 2511 hoc
515 2452 616 2511 morbo
634 2460 806 2527 tentaretur,
831 2471 885 2511 nec
901 2470 993 2530 aequo
1016 2452 1109 2510 animo

110 2535 306 2593 neeessariam
322 2537 395 2594 sitim
416 2538 586 2611 sustineret,
604 2535 651 2595 ubi
669 2537 715 2595 diu
732 2536 922 2612 abstinuerat,
945 2535 1045 2595 hibere
1063 2551 1109 2594 so-

111 2618 202 2692 litum,
219 2616 322 2677 deinde
338 2638 484 2679 evomere.
517 2619 601 2694 Quod
624 2620 648 2679 si
666 2619 793 2679 redditur
809 2619 944 2699 quidquid
960 2627 1109 2695 receptum

110 2710 172 2775 est,
190 2700 305 2761 multum
323 2703 418 2764 taedio
436 2705 535 2771 demit;
558 2706 581 2762 si
603 2722 618 2763 a
635 2703 783 2764 stomacho
799 2713 940 2763 retentum
955 2712 1016 2778 est,
1033 2720 1108 2763 mor·

110 2785 174 2844 hum
196 2794 299 2860 auget:
327 2787 451 2866 ideoque
471 2789 498 2846 in
517 2787 647 2866 quolibet
664 2787 827 2847 tentandum
847 2806 903 2847 uon
928 2796 980 2846 est.
1012 2786 1070 2845 Sed
1086 2788 1108 2844 si
1119 2803 1144 2842 ao

110 2868 201 2929 labris
223 2887 340 2947 quoque
362 2881 422 2947 est,
448 2871 520 2932 haec
543 2874 571 2930 iu
594 2874 692 2950 primis
709 2871 906 2932 submovenda
928 2881 973 2931 est
988 2888 1042 2950 per
1059 2887 1108 2930 eas

110 2953 253 3029 rationes,
280 2972 333 3032 per
353 2973 424 3034 quas
444 2955 509 3014 huic
537 2958 665 3015 succurri
687 2973 775 3034 posse
803 2957 982 3034 propositum
1003 2963 1062 3013 est:
1086 2954 1109 3011 si

108 3039 171 3096 sine
189 3035 272 3096 iebre
288 3057 378 3115 aeger
393 3050 446 3116 est,
461 3049 518 3099 tum
534 3040 644 3098 demum
661 3039 746 3100 adea
767 3039 937 3099 veniendum
953 3048 1013 3113 est,
1036 3056 1109 3116 quae
1154 3107 1158 3114 Ι

108 3122 165 3199 ipsi
189 3121 291 3181 morbo
312 3123 421 3182 mederi
442 3123 545 3183 solent.
585 3123 681 3201 Atque
701 3123 750 3182 lric
770 3141 884 3202 quoqne
911 3139 1109 3202 quaecumque
1160 3177 1172 3196 ‚

108 3207 227 3282 species
243 3214 304 3280 est,
329 3208 353 3266 si
368 3208 491 3267 noudum
506 3208 589 3266 nimis
606 3209 770 3287 occupavit,
787 3207 889 3267 iisdem
904 3207 1017 3267 auxiliis
1034 3223 1144 3283 opusne

108 3297 168 3347 est:
190 3289 304 3348 multum
323 3290 536 3366 ambulandum,
554 3292 722 3351 currendum
739 3291 845 3369 aliquid
861 3300 918 3357 est;
941 3292 1108 3368 superiores

108 3373 230 3431 maxime
248 3382 345 3449 partes
366 3375 409 3433 sic
426 3375 643 3452 perfricandae,
665 3384 695 3434 ut
714 3376 842 3452 spiritum
864 3376 927 3453 ipse
949 3375 1106 3439 contineam

109 3454 275 3513 evocandus
297 3465 342 3515 est
362 3457 465 3533 sudor,
493 3475 550 3518 non
572 3475 625 3536 per
647 3458 885 3518 exercitationem
907 3467 1027 3536 tantum,
1055 3456 1107 3517 sed
