2414 3924
476 184 686 266 nanniano.
772 261 774 266 ,
1013 217 1066 265 v1r

93 378 171 420 nam
198 353 441 419 incurrentibus
470 361 568 418 antea
595 354 752 436 scriptum
775 350 833 434 sit,
870 372 936 416 non
958 351 1065 436 potuit

93 465 189 553 quasi
209 464 317 528 maius
346 461 505 550 quiddam
527 461 724 545 subiungere
748 460 946 527 Censorinus
976 470 1065 540 atque

92 580 138 640 cd
166 579 264 639 decies
290 583 424 653 septenos
450 592 546 637 aanor
574 571 704 656 (vitam)
735 590 823 651 posse
849 609 891 618 -
912 573 1063 650 proferri.

94 685 198 749 Immo
226 683 329 749 verba
358 703 436 761 qaae
463 687 522 747 duo
549 681 680 759 initium
707 680 856 747 fecerunt
883 681 1065 746 sentcntiae

93 795 232 860 alicuius
254 815 341 858 nunc
363 800 547 873 truncatae,
571 813 637 879 qua
659 793 800 878 scriptor
820 793 963 879 primum
985 790 1065 856 Sta-

92 925 170 968 scae
192 911 223 968 ct
243 903 458 968 Etnrscorum
478 900 601 988 placita
624 900 664 965 de
687 899 858 966 duodecim
879 901 1066 967 hebdoma-

95 1015 173 1078 dum
195 1012 300 1099 spatio
323 1012 469 1078 breviter
492 1010 739 1099 comprehendit
761 1021 794 1077 et
817 1009 929 1076 dehis
952 1012 1064 1078 nescio

94 1123 174 1210 quid
196 1122 326 1204 adiecit,
349 1130 420 1186 tum
441 1120 540 1187 aliam
561 1121 726 1208 quandam
744 1114 935 1206 “opinionem
956 1129 1066 1206 protu-

94 1233 147 1315 lit,
171 1255 213 1298 ex
235 1254 300 1319 qua
320 1230 456 1298 brevius
479 1231 579 1296 etiam
594 1230 738 1315 spatium
760 1229 995 1296 concederetur
1016 1231 1065 1296 vi-

93 1353 148 1408 tae
176 1342 354 1425 humanae,
394 1351 505 1407 tamen
533 1346 665 1406 homines
691 1352 818 1406 aetatem
845 1360 930 1405 auam
964 1342 1065 1426 (haec

93 1453 181 1516 enim
202 1451 272 1516 fere
295 1460 443 1517 extrema
463 1453 499 1517 in
520 1451 638 1517 lacuna
659 1451 875 1537 exciderunt)
903 1454 948 1514 ad
968 1456 1066 1516 decies

93 1572 227 1642 septenos
254 1582 349 1626 aanor
372 1581 461 1641 posse
488 1599 531 1611 -
555 1564 709 1642 proferre.
754 1561 931 1626 Praeterea
959 1562 1066 1628 obiter

94 1693 309 1738 commemoro
331 1673 366 1735 in
380 1671 469 1736 Livii
488 1669 560 1736 loco
583 1693 678 1756 quem
694 1669 893 1736 Censorinus
909 1688 1065 1759 cavan

94 1782 206 1861 affert,
232 1781 260 1844 si
277 1780 338 1846 sub
354 1779 452 1843 finem
476 1778 521 1863 (p.
537 1780 589 1862 33,
607 1779 640 1864 8)
665 1789 739 1866 post
760 1787 876 1846 saeculi
896 1780 1063 1846 addideris

93 1894 213 1954 modam
237 1887 324 1974 (coll.
340 1888 439 1976 psa,
458 1889 508 1953 19.
532 1889 649 1971 321),
672 1890 758 1953 hanc
780 1889 961 1956 orationem
983 1889 1064 1979 obli·

95 2020 192 2086 quam
214 2019 281 2063 non
303 1997 444 2063 alienam
458 1998 566 2064 videri
589 1999 757 2085 areliquis
777 2021 861 2087 quae
883 1998 1064 2065 intercide-

95 2111 172 2174 rint.
217 2107 318 2174 Ouius
340 2107 405 2174 loci
429 2107 643 2174 similitudine
667 2109 765 2194 paulo
787 2117 864 2195 post
888 2109 935 2195 (p.
951 2110 1008 2191 35,
1027 2110 1062 2196 2)

94 2219 204 2284 nescio
226 2240 268 2283 an
292 2218 504 2284 scribendum
526 2219 570 2284 sit
592 2226 619 2283 sl
632 2225 698 2298 qais
713 2223 811 2284 credit
824 2223 905 2283 ludis
925 2225 1062 2285 saecula·

94 2335 177 2395 rltas
198 2335 322 2394 saecula
344 2335 553 2394 terrniacri.

159 2438 365 2506 Contrariam
392 2439 537 2505 hiatibus
566 2438 748 2525 scripturae
775 2437 882 2505 labem
889 2487 897 2520 ,
934 2437 1066 2524 glosse-

94 2559 183 2614 mata
206 2549 278 2615 dico
302 2549 344 2614 ab
366 2546 656 2633 interpolatoribus
679 2549 853 2633 inculcata,
876 2551 935 2615 vix
956 2549 1065 2614 minus

94 2681 193 2745 saepe
215 2667 329 2724 notare
351 2657 458 2732 debui,
482 2679 522 2723 ac
543 2658 736 2744 saepissime
759 2659 891 2744 quidem
913 2660 948 2723 in
969 2660 1067 2744 frag-

95 2776 214 2832 mento.
258 2768 306 2833 Ut
319 2790 352 2854 p.
368 2768 421 2850 57,
438 2767 479 2832 10
499 2770 603 2836 verba
624 2779 654 2833 et
666 2775 777 2850 poploe
798 2772 933 2847 enoforo
956 2774 1065 2834 dicua-

94 2889 144 2941 161
171 2898 236 2942 11611
258 2884 328 2969 tam
349 2884 523 2963 propterea
551 2877 684 2960 seclusi,
723 2878 812 2963 quod
833 2878 981 2962 intellegi
1002 2898 1066 2942 ne-

94 2987 240 3074 quirent,
278 2985 337 3050 sed
371 2986 448 3071 quia
481 2985 572 3051 illum
600 2988 656 3072 qui
689 3008 728 3051 ea
755 2987 888 3073 scripsit
919 2985 1065 3053 voluisse

94 3107 245 3184 putarem
266 3107 295 3159 et
309 3102 425 3176 populo
446 3101 624 3175 oenophora
646 3102 803 3177 dicantur,
826 3095 986 3161 eiusmodi
1010 3118 1065 3161 au-

94 3218 162 3272 tem
194 3206 279 3270 mira
306 3206 468 3270 sententia
494 3227 562 3272 non
588 3206 763 3272 tribuenda
796 3228 868 3271 esse
896 3205 1066 3272 videretur

95 3318 160 3402 ipsi
181 3313 388 3402 compilatori
401 3315 588 3401 fragmenti.
627 3315 693 3382 Sed
715 3316 862 3382 notanda
884 3325 988 3381 estet
1010 3338 1065 3400 ap·

95 3425 228 3512 pellatio
256 3446 340 3513 quae
361 3426 424 3492 hoc
450 3424 521 3492 1666
545 3426 646 3512 signis
674 3425 802 3493 zodiaci
830 3424 1010 3512 imponitur
1032 3435 1067 3490 et
