2414 3924
135 212 177 272 94
431 220 464 268 n.
482 219 511 267 c.
529 219 838 267 cuns1unorcruau

74 437 77 440 ,
134 374 260 455 tepidam
275 392 377 452 aquam
397 374 572 449 subsalsam,
589 382 618 432 et
633 390 751 433 vomere
764 393 827 433 enm
843 390 968 449 cogere:
991 390 1055 432 nam
1068 374 1134 434 fere

134 459 199 520 talis
223 459 328 519 horror
348 457 384 516 ab
404 459 439 517 iis
466 459 570 532 oritur,
587 475 661 536 quae
678 456 782 517 biliosa
803 458 830 515 in
849 456 997 516 stomacho
1012 457 1134 517 resede-

133 551 206 602 runt.
222 541 301 601 Idem
316 542 479 601 faciendum
492 549 547 617 est,
560 543 584 599 si
601 541 731 619 proximo
748 558 863 619 quoque
880 541 1026 600 circumitu
1040 559 1135 620 aeque

134 628 275 687 accessit:
299 643 388 705 saepe
409 627 483 684 enim
501 626 543 684 sic
559 624 717 683 discutitur.
748 625 868 702 Jamque
891 623 967 701 quod
983 642 1076 700 genus
1091 625 1134 683 fe·

134 709 193 769 bris
209 710 260 782 sit,
285 711 361 768 scire
384 709 462 768 licet.
496 707 596 786 ltaque
611 707 664 766 sub
678 711 900 786 exspectatione
915 709 1064 786 proximae
1085 726 1160 767 act

134 793 294 870 cessionis,
314 810 388 871 quac
403 795 509 852 instare
525 793 608 850 tertia
624 800 737 869 potest,
760 790 945 851 deducendus
958 791 1135 850 inbalneum

133 885 193 946 est;
212 874 361 954 dandaque
378 893 487 955 opera,
506 883 535 934 ut
551 893 603 951 per
619 883 731 953 tempus
747 875 878 935 horroris
896 878 924 934 in
939 875 1014 934 solio
1030 877 1075 934 sit.
1103 876 1134 933 Si

132 959 172 1019 lbi
185 976 300 1037 quoque
315 961 456 1036 senserit,
472 958 653 1018 nihilominus
668 958 806 1020 idemsub
816 959 1034 1036 exspectatione
1050 975 1134 1035 quar·
1187 976 1191 981 ·

132 1052 178 1103 tae
201 1043 379 1102 accessionis
402 1043 502 1102 faciat:
528 1041 667 1119 siquidem
693 1060 729 1101 eo
755 1060 870 1121 quoque
888 1040 973 1101 modo
996 1059 1086 1118 saepe
1109 1041 1134 1100 is

132 1125 291 1186 discutitur.
321 1126 351 1184 Si
366 1144 402 1184 ne
419 1125 551 1184 balneum
567 1124 680 1202 quidem
697 1126 825 1202 profuit,
847 1134 912 1185 ante
933 1127 1134 1186 accessionem
1144 1143 1169 1185 ao

110 1244 112 1252 ι
133 1209 229 1269 allium
251 1208 334 1285 edat,
352 1218 399 1268 aut
416 1208 495 1269 bibat
517 1227 616 1287 aquam
638 1209 758 1268 calidam
776 1227 838 1268 cum
855 1211 971 1287 pipere:
993 1209 1134 1284 siquidem

133 1309 167 1350 ea
182 1308 297 1370 quoque
321 1301 444 1351 assumta
465 1293 592 1351 calorem
607 1301 741 1370 movent,
767 1295 813 1371 qui
836 1291 987 1351 horrorem
1008 1308 1066 1349 non
1085 1293 1133 1352 ad·

131 1376 224 1433 mittit.
255 1374 366 1434 Defnde
382 1375 604 1453 eodemmodo,
624 1393 681 1454 quo
698 1377 726 1433 in
742 1376 855 1452 frigore
871 1383 1059 1453 praeceptum
1077 1383 1134 1452 est,
1193 1387 1195 1391 ’

133 1467 284 1535 antequam
293 1456 496 1519 inhorrescere
509 1461 612 1538 possit,
621 1460 995 1537 operiaturzfomentisque,
1004 1458 1055 1518 sed
1064 1475 1132 1536 pro·

91 1562 93 1565 ·
132 1542 206 1600 tinus
216 1540 271 1620 (cf.
284 1540 335 1617 lll,
348 1543 397 1619 11,
413 1554 440 1620 p'.
452 1542 502 1616 92,
519 1542 538 1600 Ι.
554 1543 594 1602 34
611 1542 692 1620 sqq.)
703 1542 901 1618 validioribus,
918 1552 1006 1602 totum
1023 1559 1167 1620 corpoeis

133 1624 309 1684 circumdare
325 1628 471 1702 convenit,
487 1628 669 1703 maximeque
685 1626 822 1685 involutis
846 1626 996 1685 exstinctis
1008 1629 1091 1684 testis
1103 1634 1132 1684 et

131 1707 287 1767 titionibus.
305 1710 335 1767 Si
350 1708 531 1767 nihilominus
546 1709 650 1767 horror
668 1711 849 1786 perruperit,
862 1710 952 1769 multo
969 1709 1036 1768 oleo
1054 1709 1130 1769 cale·

130 1792 208 1851 facto
223 1793 296 1850 inter
309 1793 373 1869 ipsa
385 1792 556 1850 vestimenta
571 1791 774 1870 perfundatur,
792 1793 837 1851 cui
858 1811 949 1869 aeque
970 1793 1007 1852 ex
1023 1793 1130 1853 calefa·
1166 1796 1169 1800 ⁴

131 1873 272 1933 cientibus
285 1874 390 1952 aliquid
410 1877 446 1933 sit
459 1874 616 1948 adjectum;
632 1873 856 1954 adhibeaturque
872 1875 979 1952 frictio,
999 1886 1130 1953 quantam

131 1958 154 2016 is
171 1959 312 2016 sustinere
326 1959 443 2036 poterit,
457 1959 638 2036 maximeque
652 1959 679 2015 in
694 1957 822 2018 manibus
835 1968 863 2017 et
874 1959 1018 2028 cruribus:
1034 1962 1128 2037 etspi·
1139 1984 1164 2024 ao

130 2041 212 2099 ritum
227 2042 290 2119 ipse
315 2042 469 2100 contineat.
491 2041 594 2119 Neque
609 2041 801 2100 desistendum
822 2050 876 2118 est,
899 2044 1007 2102 etiamsi
1024 2043 1130 2102 horror

131 2132 189 2183 est:
204 2142 293 2202 saepe
307 2126 380 2182 enim
398 2125 557 2201 pertinacia
568 2125 695 2198 juvantis
712 2125 813 2184 malum
832 2128 964 2203 corporis
979 2128 1075 2185 vincit.
1099 2127 1129 2184 Si

131 2206 197 2284 quid
213 2207 350 2284 evomuit,
366 2207 456 2266 danda
473 2207 665 2285 aquatepida,
678 2209 837 2286 iterumque
849 2225 967 2268 vomere
980 2210 1129 2286 cogendus

132 2299 190 2357 est;
205 2290 396 2367 utendumque
411 2289 519 2348 eisdem
530 2299 591 2366 est,
608 2289 817 2350 donechorror
832 2292 951 2351 finiatur.
976 2293 1033 2351 Sed
1046 2310 1128 2369 prae·

131 2381 175 2430 ter
190 2371 263 2430 haec
279 2371 409 2431 ducenda
425 2372 505 2431 alvus
524 2383 585 2448 est,
602 2375 626 2432 si
642 2374 747 2433 tardius
762 2374 868 2434 horror
883 2376 1019 2453 quiescit:
1042 2376 1127 2454 siqui·
1138 2399 1163 2438 as

131 2452 195 2512 dem
211 2454 238 2512 id
257 2473 372 2533 quoque
395 2465 554 2515 exonerato
571 2473 697 2535 corpore
719 2458 848 2537 prodest.
879 2459 1042 2535 Ultimaque
1061 2469 1129 2537 post

129 2536 202 2595 haec
217 2539 320 2597 auxilia
337 2547 401 2597 sunt
416 2540 543 2615 gestatio
560 2549 589 2599 et
604 2541 709 2599 frictio.
733 2540 821 2601 Cibus
836 2549 928 2601 autem
943 2542 970 2599 in
987 2543 1127 2616 ejusmodi

130 2619 237 2679 morbis
254 2623 376 2681 maxime
392 2622 499 2681 dandus
512 2632 573 2697 est,
590 2624 638 2700 qui
651 2623 767 2683 mollem
782 2624 875 2684 alvum
885 2627 1035 2704 'praestet3
1057 2643 1127 2685 caro

129 2702 289 2778 glutinosa;
308 2706 419 2782 vinum,
436 2723 520 2783 quum
537 2705 664 2783 dabitur,
682 2718 835 2767 austerum.

454 2941 646 3003 CAPUT
684 2943 793 3001 XIII.
1080 2981 1085 2989 ·
1136 2966 1161 3006 ao

439 3057 539 3108 Curatio
557 3060 715 3123 quotidianae
733 3059 818 3108 febris.

188 3205 267 3264 Haec
279 3206 314 3265 ad
326 3224 426 3266 omnes
441 3209 603 3268 circumitus
615 3209 905 3288 febriumpertinent:
919 3211 1126 3271 discernendae

127 3294 219 3346 tamen
240 3290 371 3365 singulae
395 3300 475 3366 sunt,
500 3294 573 3352 siout
595 3295 734 3352 rationem
755 3292 862 3353 habent
882 3293 1056 3353 dissimilem.
1095 3296 1126 3353 Si

126 3371 291 3446 quotidiana
312 3383 372 3449 est,
397 3374 490 3433 triduo
522 3377 613 3453 primo
637 3394 816 3454 magnopere
838 3378 984 3438 abstinere
1008 3386 1126 3455 oportet
1162 3373 1164 3376 ’

129 3453 182 3511 (cf.
199 3452 253 3526 lll,
271 3456 320 3533 5);
340 3466 397 3515 tum
414 3456 484 3515 cibis
500 3457 593 3519 altero
610 3476 726 3537 quoque
741 3459 786 3518 die
803 3463 851 3520 uti.
869 3462 900 3521 Si
910 3455 966 3520 ¹res
980 3463 1160 3520 invetera-as
