2414 3924
502 208 743 273 -104-

112 357 138 415 si
170 364 270 415 mmon
302 355 410 415 virium
442 353 567 432 qualitas
606 353 697 414 inerit
732 353 902 434 suffragata,
939 357 985 416 sin
1018 360 1127 442 miuus,

112 444 221 504 acriori
244 442 371 521 clystere
396 450 530 503 sennem
552 440 691 503 deduces.

21 545 99 596 o1⁹⁸
201 529 238 591 ad
265 529 410 591 stomachi
441 532 648 592 ventositatem
681 532 743 591 sive
764 529 769 605 Ι
788 530 972 593 inflationem
1001 543 1031 594 et
1060 542 1125 596 ten-

112 622 227 680 sionem
253 618 326 699 polii
353 619 458 681 cretici
485 618 668 698 manipulum
691 636 785 679 unum
811 621 843 680 in
872 637 948 700 aqua
975 621 1126 702 decoquas

84 717 142 769 set
173 710 238 788 ipsa
272 707 445 769 decoctione
481 708 615 769 ieiunum
650 705 774 785 potabis.
824 715 876 768 aut
912 718 1037 790 nepetae
1074 722 1126 774 aut

110 804 228 859 mentae
265 796 470 857 decoctionem
506 794 635 856 admixto
671 793 788 855 modico
824 795 916 858 melle
949 805 979 858 et
1011 801 1125 878 piperis

110 887 211 965 granis
230 886 365 963 triginta
395 886 481 964 potui
512 882 605 944 dahis.
650 889 681 943 ct
711 891 780 962 post
806 883 880 946 haec
907 884 1047 965 epithima
1077 888 1126 949 dia

110 977 281 1053 spermaton
304 972 424 1052 Filagrii
444 990 585 1052 appones.
622 978 653 1032 et
670 971 828 1033 coniicitur
846 974 898 1034 sic.
935 974 1125 1059 cardamomi,

111 1064 225 1143 cyperi,
247 1059 357 1122 herbae
376 1060 510 1141 sabinae,
528 1062 614 1134 nitri,
635 1058 778 1121 bacarum
797 1059 887 1141 lauri,
910 1064 1023 1124 cassiae
1042 1065 1125 1127 fistu-

70 1166 96 1204 10
109 1151 168 1232 lae,
196 1145 336 1230 meliloti,
363 1149 442 1210 iaeni
468 1150 568 1229 graeci
594 1146 728 1228 pollinis,
754 1149 843 1210 lascis
869 1148 980 1232 gallici,
1003 1155 1126 1215 seminis

110 1241 182 1318 apii,
214 1239 356 1319 samsuoi,
389 1239 484 1318 anesi,
515 1238 638 1317 panacis
664 1236 787 1318 radicis,
819 1240 951 1299 omnium
980 1239 1125 1302 tredecim

109 1329 213 1387 crucias
240 1335 354 1406 ternas,
387 1327 562 1388 ammoniaci
589 1331 690 1404 guttae
718 1334 749 1386 et
777 1327 894 1386 resinae
926 1325 1124 1391 terebintinae

109 1416 213 1475 uncias
241 1432 342 1495 senas,
369 1413 480 1494 mellis,
507 1413 566 1474 olei
592 1412 724 1495 nardini,
751 1413 845 1493 adeis
872 1417 996 1496 tarrrini,
1027 1435 1124 1499 cerae,

109 1505 243 1565 omnium
261 1510 402 1581 quattuor
419 1501 511 1563 libras
529 1500 669 1580 singulas.
702 1501 794 1582 aliqui
809 1521 880 1563 vero
898 1522 953 1583 pro
972 1503 1037 1564 oleo
1056 1523 1123 1567 nar-

69 1605 95 1645 15
108 1591 179 1651 dino
202 1593 360 1671 cyprinum
382 1592 504 1652 mittunt
527 1598 557 1651 et
578 1607 635 1669 pro
653 1589 753 1650 radice
775 1593 896 1670 panacis
914 1610 1124 1672 opopanacem.

110 1688 141 1741 et
154 1682 180 1741 si
194 1680 230 1741 ad
248 1697 391 1759 praesens
409 1677 589 1740 terebintina
602 1696 663 1739 non
681 1678 782 1761 luerit,
801 1678 977 1742 cololoniam
991 1683 1121 1746 mittunt.

109 1768 223 1830 addunt
245 1767 304 1828 olei
327 1767 429 1848 2111,
456 1769 533 1828 aceti
560 1766 641 1846 quod
664 1767 816 1828 suffecerit
838 1767 875 1828 ad
898 1771 1122 1833 conterendum.

109 1859 285 1919 ammoniaci
311 1864 395 1937 gutta
422 1854 485 1916 sola
513 1857 574 1916 sive
602 1873 670 1916 cum
698 1873 866 1936 opopanace
897 1857 968 1918 iacit
994 1857 1030 1918 ad
1058 1862 1122 1921 nni·

109 1965 209 2007 versas
236 1946 405 2007 inflationes
433 1943 578 2005 stomachi
605 1942 651 2004 vel
679 1946 871 2006 ventositates
903 1953 934 2006 et
966 1950 1060 2026 epatis
1093 1957 1125 2009 et

67 2048 94 2088 2⁰
108 2035 233 2115 splenis,
256 2043 288 2096 et
309 2034 344 2095 ad
368 2035 467 2095 omnia
490 2050 629 2112 magnum
652 2040 698 2093 est
721 2032 979 2111 medicamentum.

181 2174 195 2221 1
216 2167 247 2222 Si
265 2186 286 2224 c.
360 2175 376 2222 2
395 2167 502 2222 acriore
520 2183 543 2222 c.
615 2165 730 2220 deducis
747 2183 796 2236 pp,
821 2184 903 2223 -ces
921 2185 942 2224 c.
1015 2176 1033 2224 4
1051 2170 1122 2239 polii

108 2237 241 2307 cretieip
260 2239 353 2308 (polne
369 2241 374 2306 Ι
389 2236 470 2292 retici
489 2239 526 2303 c):
551 2235 658 2307 polium
678 2236 812 2291 creticum
829 2255 855 2308 p.
946 2243 962 2293 h
981 2242 1010 2294 et
1028 2240 1121 2310 ipsam

108 2308 299 2364 decoctionem
315 2308 425 2363 ieiunus
449 2306 563 2376 potabis
579 2323 598 2388 p
617 2307 658 2373 (st
673 2306 766 2377 ipsam
784 2308 811 2364 d.
830 2308 924 2364 ieiuno
942 2310 1023 2379 potui
1040 2310 1120 2365 dabis

104 2381 152 2450 p),
182 2381 211 2434 et
239 2379 270 2433 in
298 2378 361 2448 ipsa
392 2377 555 2433 decoctione
582 2392 707 2431 rosunum
733 2379 847 2447 potabis
876 2397 899 2436 c.
1025 2381 1120 2458 nepitp

107 2448 214 2521 (nchitp
240 2451 281 2520 9⁰)
308 2450 402 2522 mente
431 2465 462 2518 p,
490 2447 585 2517 nepita
612 2450 706 2503 mente
733 2466 775 2518 cp.
902 2457 917 2505 7
945 2468 1034 2520 grana
1059 2471 1120 2523 pop.

106 2520 185 2575 XXX
203 2537 245 2591 cp.
317 2520 455 2590 epithima
472 2535 518 2590 pc,
537 2518 620 2588 eph's
633 2536 664 2588 p.
737 2519 864 2591 sfilsgri
881 2537 931 2591 pp,
952 2521 1072 2592 filargiri
1091 2527 1121 2578 et

106 2590 207 2662 iilagni
231 2609 253 2648 c.
361 2591 531 2646 accusativos
554 2591 654 2644 iterans
679 2591 973 2663 subappendices
998 2610 1038 2662 cp.
1079 2596 1121 2649 sic

106 2665 178 2716 cutm
203 2679 233 2732 9:
261 2661 483 2717 Cerdnmomum.
530 2658 667 2730 (liperum.
713 2662 809 2718 Herba
836 2661 933 2717 sauine
961 2664 1066 2733 (savine
1087 2682 1119 2734 p,

105 2731 199 2787 farine
213 2734 246 2802 c).
277 2732 400 2787 Nicrum,
431 2732 520 2786 Bacas
534 2731 649 2799 (Bsccss
666 2733 748 2787 Mam
762 2749 789 2801 c,
806 2749 939 2788 -carum
954 2737 994 2804 p).
1024 2733 1121 2790 Cassia

105 2802 208 2859 fistula.
235 2802 402 2858 Melilotnm.
435 2800 601 2871 Foenigreoi
613 2802 757 2884 pollinem.
789 2803 890 2859 Fasces
908 2804 1028 2874 gallicos
1046 2808 1120 2875 (ium

101 2891 133 2943 p,
151 2872 235 2929 fascis
254 2873 361 2928 callicis
380 2876 412 2944 c).
451 2872 553 2927 Samen
571 2872 636 2942 aph.
670 2873 834 2929 Samsucum
852 2874 990 2944 (Samsuci
998 2895 1030 2947 p,
1049 2879 1118 2932 San-

105 2945 164 2999 snci
186 2945 219 3012 c).
260 2943 342 3014 Ani(e
357 2945 509 3013 cornisam.
541 2942 659 2999 Panacis
682 2944 791 3000 radices
814 2945 900 3015 (-cis
923 2951 975 3017 cp).
1085 2954 1114 3000 11

104 3015 468 3086 omnium-temon
488 3014 682 3086 an.†111.p.
757 3016 952 3072 1aAm0niaci
969 3019 1118 3086 guttamp

105 3088 232 3158 (-gutte
251 3089 290 3156 c),
314 3086 455 3141 armoniae
472 3085 556 3156 gutta
568 3103 600 3155 p.
692 3087 839 3141 launoius
858 3103 937 3141 senas
954 3103 985 3157 p:
1004 3085 1028 3154 ⁷,2
1050 3087 1075 3141 V
1095 3104 1117 3154 c,

104 3181 147 3230 an.
166 3179 193 3243 ἢ
211 3175 258 3230 VI.
276 3193 304 3245 p.
377 3191 457 3230 caere
475 3193 506 3246 p,
525 3164 607 3244 dep:
625 3190 676 3230 orn.
695 3191 717 3229 c.
803 3179 836 3226 14
854 3173 979 3228 omnium
997 3176 1119 3255 quatuor

105 3246 240 3313 (omnium
260 3245 346 3301 trium
363 3248 405 3302 sic
423 3249 447 3315 c)
464 3245 484 3300 l.
504 3264 524 3300 s.
542 3263 587 3318 pc:
611 3250 655 3301 ari.
673 3245 702 3299 l'.
720 3244 743 3298 Ι.
756 3260 788 3313 p.
880 3249 912 3298 15
930 3243 1072 3300 radicibus
1090 3263 1116 3316 p,

103 3316 182 3370 radii
194 3333 217 3383 c,
230 3315 325 3373 radice
333 3335 365 3388 p.
430 3317 567 3373 inducunt
581 3333 635 3386 opo
656 3330 804 3384 anacemp
817 3313 899 3368 solue.
965 3320 997 3369 17
1014 3316 1115 3371 oleum.

104 3389 137 3440 2.
157 3386 197 3440 ΙΙΙ
214 3404 244 3456 p:
264 3387 319 3442 olei
337 3395 352 3452 3
373 3388 420 3443 III.
440 3404 481 3458 cp.
585 3404 617 3441 su
649 3385 689 3443 cit
706 3400 748 3454 cp.
851 3383 896 3438 Ad
916 3386 1116 3442 conterendum

103 3459 175 3525 p(p):
190 3471 240 3510 om.
256 3473 278 3512 c.
359 3464 392 3512 18
407 3458 466 3513 sive
480 3476 544 3513 cum
559 3454 734 3528 oppopnnicc
747 3472 773 3511 c:
792 3453 851 3511 sive
865 3471 1057 3526 opopanaoem
1070 3475 1116 3528 pp.
