2414 3924
422 252 754 303 mmmm
1018 238 1080 307 m

88 410 227 468 lrontem:
245 405 349 466 deinde
362 406 480 466 cervice
494 408 640 484 resoluta,
658 425 713 487 qur
728 417 816 469 notre
833 416 916 483 suut,
935 424 1024 468 renas
1039 407 1081 468 ln·

90 491 199 566 cidere,
222 499 251 549 et
265 488 433 567 sanguinem
449 492 577 552 mittere:
602 489 650 551 ubi
665 493 734 552 satis
750 491 845 568 duxit,
867 489 1001 552 tenuibus
1024 489 1081 552 ler-

87 576 224 636 ramentis
242 573 380 633 adurere:
397 581 497 635 contra
506 583 635 654 tempora
652 573 766 653 quidem
781 573 887 652 duddo,
904 590 941 635 ne
956 572 1082 651 subiecti

87 657 219 733 musculi,
235 659 283 735 qui
295 655 425 716 maxillas
441 665 556 735 tenent,
577 659 715 719 sentiant:
742 659 818 719 inter
831 657 954 719 iroutom
970 665 1082 719 verost

65 743 225 805 suerticem
238 740 434 817 uehementer,
452 749 481 800 nt
496 759 613 820 squama
631 740 667 802 ab
685 759 754 803 osse
768 742 898 803 socedat.
924 740 1083 803 Eidoruior

89 836 182 886 tamen
198 826 350 885 etiamnum
362 831 407 882 est
425 824 561 886 dirorum
580 827 701 904 curatio,
719 825 768 906 qui
782 827 923 886 verticem
939 842 1031 904 usque
1046 823 1081 886 ud

89 927 122 970 os
138 907 258 969 adurunt
274 909 334 983 sic,
355 915 384 966 ut
406 925 552 986 squamam
569 910 701 970 remittat.
740 908 799 970 Sod
820 907 889 970 nihil
906 907 1008 970 molius
1026 916 1081 986 ost,

90 1010 172 1071 quam
189 991 266 1070 quod
279 992 307 1049 in
323 989 414 1052 Gallia
431 1008 547 1071 quoque
563 989 682 1053 Comata
697 994 743 1070 lit,
758 990 805 1052 uiri
821 1010 911 1054 uenas
927 994 954 1052 in
970 1001 1081 1072 tempo·

88 1075 168 1136 ribus
187 1085 215 1135 et
230 1077 257 1134 iu
272 1074 424 1153 superiore
441 1077 542 1154 capitis
556 1084 638 1155 parte
656 1075 766 1155 legunt.
795 1075 905 1138 Adusta
921 1092 978 1156 quo
996 1076 1081 1137 modo

56 1186 80 1225 10
90 1159 214 1220 curanda
236 1161 309 1233 sint,
334 1159 394 1234 jam
415 1158 552 1237 explicui.
583 1158 667 1219 Nunc
695 1159 765 1221 illud
787 1158 908 1236 adjlclor
935 1176 1031 1241 noque
1052 1166 1082 1220 ut

92 1252 206 1303 crustae
228 1241 375 1319 decidant,
398 1258 493 1320 neque
514 1251 544 1303 ut
565 1243 647 1303 uicus
668 1242 835 1321 impleatur,
859 1243 968 1305 adurtls
986 1244 1079 1321 renis,

92 1344 159 1385 esse
182 1324 409 1404 properandum
437 1343 473 1385 ne
497 1326 544 1385 vel
570 1328 689 1404 sanguis
710 1335 854 1406 erumpat,
877 1325 924 1388 rel
947 1327 1004 1389 olto
1028 1344 1081 1408 pur

92 1410 301 1488 supprimatur:
325 1426 409 1486 quum
424 1426 478 1488 per
494 1408 550 1469 hoc
566 1411 734 1471 siccescere
751 1429 801 1471 eas
823 1418 921 1489 partus
936 1427 1010 1490 opus
1028 1410 1078 1479 sit:

92 1490 226 1571 perillud
244 1492 387 1552 exhauriri
410 1510 484 1571 opus
508 1511 565 1554 non
583 1493 642 1566 sit;
665 1495 690 1554 si
713 1494 826 1573 quando
848 1503 940 1555 tamon
963 1494 1081 1573 sanguis

58 1597 81 1637 rr
92 1576 235 1655 eruperit,
261 1574 400 1636 infrianda
423 1576 628 1639 medicamenta
650 1595 735 1655 esse,
758 1595 831 1656 quae
853 1576 895 1637 sic
912 1577 1080 1656 sanguinem

90 1659 285 1738 supprimant,
301 1676 337 1718 ne
352 1659 480 1719 adurant.
509 1661 752 1736 Quemadmodum
768 1669 861 1723 autem
876 1677 968 1722 venae
984 1659 1080 1737 legun·

91 1743 145 1803 dae
161 1745 231 1818 sint,
252 1742 378 1821 quidque
395 1742 480 1802 lectis
496 1743 540 1804 his
556 1744 717 1805 laciendum
734 1745 785 1822 sit,
808 1760 892 1824 quum
913 1760 1021 1803 venero
1045 1741 1080 1804 ad

92 1844 203 1886 crurum
219 1829 348 1903 varices,
364 1825 455 1886 dicam
471 1827 552 1906 (cap.
571 1828 637 1906 31).

415 2061 595 2124 CAPUT
629 2063 747 2123 VIII.

56 2179 82 2219 2⁰
220 2178 256 2227 Ile
272 2179 370 2226 andum
388 2177 480 2227 morbis
497 2179 539 2239 qui
556 2192 632 2226 manu
651 2185 675 2226 et
693 2177 810 2243 scalpello
830 2185 956 2227 curantur.

152 2333 260 2391 Verum
286 2337 315 2388 ut
343 2327 419 2387 oculi
444 2327 630 2406 multiplicem
659 2329 851 2402 curationem,
878 2327 961 2387 ettam
983 2342 1084 2387 munus

93 2414 225 2492 exiguum
250 2415 291 2473 siu
314 2413 342 2471 in
363 2412 479 2473 sumbus
499 2411 646 2473 admodum
667 2427 759 2489 pauca
782 2418 863 2486 sunt,
885 2426 960 2488 quae
981 2410 1008 2468 in
1028 2408 1083 2471 lrao

92 2499 249 2558 medicinae
264 2505 347 2576 parte
362 2504 528 2556 tractentur.
551 2495 632 2555 Solet
645 2503 738 2555 tamen
760 2495 878 2554 euenire
896 2493 944 2553 vel
959 2510 974 2553 a
991 2493 1083 2573 primo

93 2581 180 2643 nauli
202 2582 248 2641 die
265 2582 413 2660 protinus,
435 2579 482 2638 vel
498 2586 602 2657 postea
618 2578 694 2638 iactu
718 2577 954 2653 exulceratione,
978 2574 1082 2637 deinde

58 2684 147 2744 snper
170 2667 335 2726 cicatricem
356 2681 424 2722 aure
445 2663 574 2742 replete,
597 2671 626 2720 ut
650 2661 780 2721 foramen
802 2663 830 2720 in
852 2679 886 2720 ea
910 2660 1016 2720 nullum
1037 2660 1083 2737 sit,

94 2749 218 2826 ideoque
235 2748 368 2808 audiendi
382 2766 434 2806 usu
450 2754 558 2805 careat.
582 2744 664 2820 Quod
681 2745 729 2804 ulri
746 2743 860 2819 incidit,
882 2743 1007 2821 specillo
1022 2750 1084 2803 teu·

93 2832 207 2892 tandum
224 2842 285 2910 cst,
302 2832 397 2892 altene
418 2831 446 2890 id
466 2829 621 2907 repletum,
645 2846 681 2887 an
703 2829 731 2887 iu
747 2843 854 2887 summo
872 2834 978 2886 tuntum
999 2823 1084 2901 gluti·

93 2922 186 2974 uatmn
204 2918 249 2976 sit.
281 2915 354 2976 Nam
369 2917 393 2973 si
409 2914 466 2973 alte
490 2921 550 2986 est,
571 2914 712 2990 prementi
726 2927 784 2970 non
799 2908 889 2970 cedit:
911 2910 935 2968 si
959 2910 986 2967 in
1009 2922 1083 2967 saur·

93 3016 157 3074 mo,
187 2999 339 3080 specillum
361 2999 491 3077 protinus
514 2996 627 3072 recipit.
661 2993 733 3053 Illud
756 2992 855 3069 attingi
871 3007 929 3049 non
953 2996 1083 3068 oportet,

60 3101 131 3144 sone
156 3084 217 3143 sine
243 3085 366 3143 effectus
386 3099 439 3159 spe
465 3079 599 3139 distentio
621 3079 730 3137 oriatur
753 3090 922 3148 nemorum,
946 3081 975 3133 et
998 3070 1085 3133 efen

95 3168 196 3228 mortis
213 3167 373 3246 periculum
394 3166 445 3223 sit:
468 3161 524 3222 hoc
546 3160 633 3220 laude
656 3168 780 3219 curatur.
813 3157 885 3217 Nam
908 3174 964 3235 qua
982 3170 1085 3217 cam

96 3269 163 3309 esse
183 3250 286 3328 debet,
311 3250 358 3310 rel
378 3247 613 3307 mchcamentunr
636 3241 751 3321 aliquod
768 3240 970 3320 imponendum
984 3248 1030 3298 est
1046 3254 1086 3300 ex

96 3333 297 3409 adureutr’lrus,
320 3332 367 3393 rel
384 3329 523 3391 candente
536 3328 615 3389 ierro
630 3324 827 3407 aperiendum,
849 3322 898 3384 rel
914 3325 997 3383 etiam
1010 3321 1084 3383 scal·

96 3416 176 3494 pello
201 3416 391 3479 incidendum.
429 3414 577 3490 Quumque
605 3411 632 3472 id
658 3410 850 3490 patefactus,
878 3415 908 3467 et
921 3408 983 3483 jan
1001 3405 1086 3468 olm

61 3518 198 3580 separatu
212 3511 275 3578 est,
300 3497 480 3576 conjicienda
495 3513 532 3557 eo
548 3497 633 3576 pisus
647 3503 707 3570 est,
728 3491 800 3553 illita
819 3490 962 3555 uectem
