2414 3924
140 195 202 260 168
434 209 467 257 u.
486 207 515 258 o.
532 207 634 257 onum
648 208 845 257 unmcnuan

141 375 235 427 autem
256 363 356 425 eadem
378 381 491 424 omnem
512 363 643 423 dolorem
665 363 778 439 levant,
802 363 871 423 dura
888 363 1052 441 emolliunt,
1080 383 1137 425 me·

142 450 279 510 diocriter
296 447 468 508 calefaciunt
487 447 565 525 (Gal.
582 445 616 506 S.
633 447 668 506 G.
685 446 751 522 Vll,
768 450 814 527 7).

205 554 234 612 7.
260 550 306 609 Ad
327 549 402 609 idem
416 549 553 609 Andreae
574 567 690 627 quoque
712 549 854 627 malagma
870 558 928 619 cst;
952 548 1029 628 quod
1052 552 1138 611 etiam

142 636 280 710 resolvit,
303 633 451 693 humorem
469 634 580 709 educit,
596 651 650 710 pus
664 641 802 709 maturat,
820 632 868 693 ubi
885 633 913 693 id
927 643 1066 694 maturum
1081 643 1137 712 est,

143 714 236 782 cutem
257 718 375 795 rumpit,
401 717 436 776 ad
459 717 622 777 cicatricem
645 717 786 795 perducit.
830 717 953 778 Prodest
972 719 1159 796 impositumt

142 805 256 865 minutis
269 800 485 878 majoribusque
500 800 700 870 absocssibus;
722 803 788 860 item
803 801 950 877 articulis,
967 802 1093 881 ideoque
1109 812 1138 863 ct

144 891 242 965 coxis,
266 896 295 946 et
319 885 441 965 pedibus
458 885 634 952 dolentibus;
657 886 740 960 item,
763 885 788 944 si
803 885 870 964 quid
885 887 913 944 in
930 902 1058 964 corpore
1078 886 1137 947 ool·

142 974 226 1033 lisum
241 980 299 1047 cst,
322 970 430 1037 relicit;
452 968 623 1047 praecordia
638 986 754 1046 quoquc
770 968 840 1029 dura
855 979 883 1028 et
900 969 995 1030 inllata
1012 971 1137 1040 emollit;

143 1075 211 1117 ossa
232 1053 372 1115 extrahit:
396 1052 431 1112 ad
446 1054 539 1112 omnia
556 1052 680 1130 deniqne
697 1052 791 1129 valet,
813 1071 887 1131 quae
903 1053 1040 1128 adjuvare
1057 1054 1138 1115 calor

142 1149 250 1220 potest.
275 1136 307 1196 ld
320 1135 407 1196 habet
419 1155 505 1196 cerac
521 1154 550 1213 p.
566 1136 621 1216 )·(.
638 1149 685 1194 x1.
705 1137 787 1212 visci,
803 1137 952 1213 sycamini,
968 1156 1052 1216 quam
1066 1138 1137 1200 alias
1149 1144 1170 1184 ¹⁰

143 1239 325 1299 sycomorum
337 1228 443 1280 vocant
452 1218 563 1296 (ollll,
579 1219 645 1298 18),
655 1219 802 1296 lacrimae,
815 1221 991 1298 singulorum
1005 1240 1033 1299 p.
1046 1222 1103 1300 )·(.
1116 1236 1138 1285 1.

143 1307 253 1388 piperis
269 1314 297 1364 et
312 1304 442 1381 rotundi,
460 1313 489 1362 et
503 1303 602 1380 longi,
621 1305 789 1364 ammoniaci
805 1304 1009 1381 thymiamatis,
1024 1305 1138 1382 bdellii,

143 1391 222 1451 iridis
238 1388 385 1463 illyricae,
412 1387 601 1462 cardamomi,
625 1389 742 1464 amomi,
766 1388 974 1464 xylobalsami,
991 1391 1063 1449 turis
1081 1407 1138 1449 ma·

143 1474 230 1549 sculi,
253 1472 404 1547 myrrhae,
427 1472 542 1531 resinae
559 1471 674 1547 aridae,
691 1471 869 1548 singulorum
885 1491 913 1550 p.
929 1472 984 1552 )·(.
1001 1487 1035 1532 x.
1052 1491 1137 1551 pyre-

143 1559 213 1634 thri,
235 1557 318 1617 cocci
338 1555 446 1632 gnidii,
471 1572 589 1634 spumae
605 1554 687 1632 uitri,
708 1555 777 1615 salia
795 1557 980 1632 ammoniaci,
1002 1557 1171 1618 aristolo·¹⁵

142 1643 224 1703 chiae
239 1642 380 1715 creticae,
396 1638 503 1698 radicis
521 1657 558 1698 eu
575 1656 726 1699 cucumere
741 1642 865 1716 agresti,
881 1641 995 1700 resinae
1011 1642 1138 1701 terebin-

141 1727 236 1787 thinae
266 1725 414 1803 liquidae,
446 1723 623 1800 singulorum
652 1741 680 1801 p.
708 1722 764 1803 )·(.
793 1737 851 1783 xx.
874 1722 977 1800 quibus
1003 1724 1139 1799 adiicitur

141 1809 279 1888 unguenti
304 1809 387 1883 irini,
421 1816 555 1885 quantum
583 1809 653 1866 satia
677 1815 722 1868 est
749 1807 784 1866 ad
810 1827 845 1868 ea
870 1807 1025 1868 mollienda
1049 1818 1137 1886 atque

141 1892 274 1972 cogenda
299 1890 459 1969 (Galenus,
480 1889 528 1950 De
549 1891 769 1968 compositione
787 1891 946 1952 medicum.
969 1891 1138 1952 secuudum

140 1978 226 2040 locoo
242 1974 282 2051 X,
301 1975 347 2055 2).
1147 1980 1172 2021 rc

202 2076 230 2137 8.
260 2074 447 2151 Praecipuum
474 2092 546 2134 vero
576 2081 621 2132 est
645 2072 681 2132 ad
702 2073 877 2134 resolvenda
904 2092 978 2153 quac
999 2074 1138 2134 adstricta

141 2170 223 2235 sunt,
247 2156 402 2218 mollienda
418 2175 491 2234 quae
509 2158 579 2217 dura
598 2164 680 2233 sunt,
703 2157 853 2233 dirigenda
870 2175 944 2235 quae
963 2168 1085 2234 coeunt,
1110 2158 1138 2217 id

141 2245 218 2323 quod
239 2243 274 2303 ad
297 2240 488 2315 Polyarchum
510 2249 658 2300 auctorem
679 2239 813 2298 refertur.
847 2241 941 2302 Habet
960 2242 1041 2316 junci
1069 2260 1138 2320 qua-

141 2327 228 2398 drati,
261 2323 451 2400 cardamomi,
480 2327 550 2384 turis
576 2324 720 2401 fuliginis,
747 2327 862 2401 amomi,
891 2343 993 2401 cerae,
1021 2327 1138 2386 resinae

140 2409 266 2488 liquidae
281 2427 368 2485 pares
384 2409 545 2486 portiones.
1148 2421 1173 2459 ²⁶

204 2509 233 2569 9.
257 2509 343 2568 Aliud
359 2508 394 2569 ad
410 2509 509 2569 eadem
524 2508 614 2568 Nilei:
641 2509 883 2586 crocomagmatis
899 2508 954 2587 (cl.
969 2508 1041 2569 Plin.
1057 2510 1138 2587 XXI,

140 2594 197 2668 20,
215 2589 271 2671 82)
287 2611 315 2673 p.
332 2595 387 2672 )·(.
407 2606 452 2652 lv.
467 2593 636 2653 ammoniaci
651 2593 858 2667 thymiamatis,
882 2609 983 2668 cerae,
1009 2593 1138 2671 singulo·

140 2695 202 2737 rum
219 2695 247 2754 p.
263 2677 318 2755 )·(.
337 2690 394 2736 xx.
413 2676 567 2754 exquibus
583 2676 638 2736 duo
655 2678 753 2754 priora
765 2695 802 2736 ex
813 2685 898 2735 aceto
911 2685 1050 2750 teruntur,
1070 2695 1139 2738 cera

139 2781 204 2822 oum
220 2779 288 2820 rosa
306 2762 446 2839 liquatur,
463 2769 492 2819 et
506 2768 562 2818 tum
578 2762 671 2820 omnia
683 2762 925 2842 junguntur((lal.
940 2766 958 2825 l.
973 2765 1080 2842 cviii,
1092 2767 1139 2844 5)-

207 2865 254 2924 10.
288 2862 412 2940 Proprie
433 2861 516 2920 etiam
540 2860 609 2920 dora
635 2862 743 2921 emollit
765 2861 809 2937 id,
838 2860 914 2939 quod
935 2858 1047 2919 llosohi
1069 2870 1173 2918 esseae

139 2947 253 3008 dicitur.
290 2944 385 3005 Habet
406 2943 521 3021 galbani
543 2946 671 3021 unciam,
692 2947 763 3005 turis
786 2944 914 3021 fuliginis
939 2962 967 3022 p.
990 2962 1015 3001 u.
1038 2961 1137 3018 cerae,

141 3031 311 3092 ammoniaci
335 3028 523 3103 thymiamatis
552 3031 695 3104 trientes,
725 3031 799 3108 picis
825 3028 921 3088 aridae
947 3048 975 3106 p.
998 3040 1034 3085 11.
1061 3030 1138 3087 aceti

140 3115 269 3174 heminas
285 3122 345 3174 tres
362 3110 440 3191 (Gal.
458 3111 491 3172 S.
508 3110 542 3172 L.
560 3112 611 3188 lV,
628 3114 674 3193 8).

205 3215 254 3272 11.
277 3212 380 3272 Fertur
397 3213 481 3272 ctiam
498 3212 532 3272 ad
547 3213 703 3291 digerenda
721 3231 794 3292 quae
812 3220 933 3286 coeunt,
951 3209 1138 3292 subauctore

138 3296 251 3373 Medio,
280 3297 355 3374 qood
376 3296 461 3356 habet
483 3314 569 3357 cerae
594 3318 622 3377 p.
639 3317 664 3356 z.
688 3298 806 3375 panacis
829 3313 858 3375 p.
875 3296 931 3374 )·(.
955 3312 978 3352 s.
1001 3311 1174 3371 squamaeos

141 3383 233 3455 acris,
254 3380 385 3440 aluminis
405 3381 534 3457 rotundi,
558 3383 625 3440 item
641 3380 780 3456 scissilis,
803 3379 982 3457 singulorum
998 3396 1026 3456 p.
1042 3377 1098 3455 )·(.
1114 3391 1137 3436 1.

140 3463 247 3542 plumbi
264 3463 406 3524 combusti
423 3484 451 3544 p.
467 3464 525 3542 )·(.
543 3479 565 3523 1.
584 3484 608 3523 s.
