2414 3924
361 657 406 728 A.
422 651 668 728 CORNELII
681 652 830 728 OELSI

165 825 430 906 ARTIUM
461 823 666 903 LIBER
698 824 1029 906 SEPTIMUS

552 994 631 1033 lnam

327 1122 585 1188 MEDICINAE
619 1121 866 1187 SECUNDUS.

518 1287 666 1297 ————-

457 1405 725 1468 PROOEMIUM.

162 1526 200 1576 De
215 1524 298 1589 signis
315 1523 437 1573 adversae
451 1523 617 1584 valetudinis,
634 1532 657 1573 et
675 1523 707 1573 de
723 1523 897 1573 communibus
910 1525 1021 1576 auxiliis.

157 1640 291 1702 Instantis
308 1650 402 1699 autem
418 1641 559 1701 adversae
571 1640 743 1701 valetudinis
754 1643 837 1719 signa
854 1643 1002 1720 complura
1016 1655 1091 1703 sunt.

90 1727 125 1789 ln
148 1725 251 1806 quibus
278 1724 457 1802 explicandis
480 1742 536 1784 non
559 1725 696 1784 dubitabo
716 1727 887 1785 auctoritate
911 1729 1089 1802 antiquorum

65 1813 220 1875 avitarum
236 1810 292 1882 uti,
310 1809 492 1885 maximeque
510 1808 709 1886 Hippocratis;
732 1826 817 1887 quum
835 1811 1017 1868 recentiores
1032 1827 1090 1869 me-

92 1896 169 1971 dici,
187 1894 318 1972 quamvis
335 1892 475 1969 quaedam
491 1893 519 1950 in
536 1891 730 1952 curationibus
745 1893 893 1966 mutarint,
908 1900 1003 1951 tamen
1018 1892 1091 1953 baec

92 1978 174 2039 illurn
186 1978 293 2055 optime
308 1977 493 2053 praesagisse
509 1975 660 2035 fateantur.
691 1976 749 2036 Sed
763 1985 915 2055 antequam
931 1975 1013 2049 dico,
1031 1980 1091 2053 qui·

92 2063 148 2121 bus
175 2059 419 2139 praecedentibus
447 2059 611 2118 morborum
639 2060 723 2118 timor
748 2061 856 2134 subsit,
884 2077 941 2118 non
969 2059 1091 2119 alienum

92 2147 206 2206 videtur
228 2161 395 2221 exponere,
425 2161 500 2220 qaae
523 2152 654 2221 tempora
681 2145 762 2218 anai,
790 2162 863 2220 quae
889 2153 1091 2221 tempestatum

57 2246 324 2306 ragenerahquae
345 2235 444 2305 partes
464 2228 584 2302 aetatis,
612 2226 705 2305 qualia
728 2243 853 2305 corpora
876 2230 998 2287 maxime
1021 2237 1090 2302 tuta,

93 2313 144 2373 vel
160 2312 297 2390 periculis
320 2319 481 2388 opportuna
498 2312 570 2385 sint,
595 2311 672 2389 quod
688 2329 780 2386 genus
796 2310 936 2371 adversae
953 2312 1091 2373 valetudi-

94 2399 138 2456 nis
160 2398 187 2454 in
210 2413 326 2473 quoque
351 2394 442 2452 timeri
463 2396 584 2452 maxime
607 2395 709 2472 possit.
754 2393 819 2453 Nou
843 2397 921 2474 quod
942 2413 998 2455 non
1017 2399 1091 2455 omni

94 2489 243 2556 tempore,
261 2478 380 2537 inomni
398 2486 600 2555 tempestatum
615 2496 743 2554 genere,
760 2480 851 2537 omnis
863 2483 983 2555 aetatis,
1001 2481 1092 2539 omnis

95 2563 208 2623 habitus
224 2563 371 2635 homines,
393 2578 447 2638 per
468 2563 560 2621 omnia
580 2580 690 2639 genera
713 2562 876 2622 morborum
897 2573 926 2622 et
941 2572 1092 2639 aegrotent

58 2664 84 2703 1c
97 2656 126 2706 et
141 2647 311 2706 moriantur:
336 2644 389 2703 sed
406 2645 483 2722 quod
500 2644 677 2724 frequentius
693 2655 787 2706 tamen
804 2645 942 2724 quaedam
961 2648 1092 2705 eveniant

96 2730 151 2807 (ci.
174 2728 253 2807 Apb.
275 2728 332 2803 Ill,
357 2729 427 2806 19);
451 2728 576 2807 ideoque
598 2729 668 2789 utile
692 2731 728 2790 sit
749 2731 825 2790 scire
850 2747 1091 2808 unumquemque,

96 2814 180 2892 quid,
198 2823 226 2872 et
240 2811 353 2891 quando
367 2812 490 2870 maxime
508 2823 619 2873 caveat.

475 3031 656 3092 CAPUT
686 3033 712 3089 I.

96 3148 166 3207 Quae
184 3150 243 3196 anni
260 3157 387 3212 tempora,
408 3162 472 3210 quae
490 3155 666 3212 tempestatum
684 3162 792 3212 genera,
811 3162 874 3209 quaa
895 3152 980 3211 partes
995 3145 1092 3205 aetatis,

57 3227 85 3266 to
139 3216 223 3279 qualia
240 3230 346 3282 corpora
363 3216 402 3264 vel
421 3223 475 3265 tuta
492 3216 531 3264 vel
549 3215 643 3264 morbis
662 3224 685 3264 et
704 3215 818 3278 qualibus
838 3221 978 3279 opportuna
997 3212 1056 3263 sint.

160 3334 250 3410 igitur
275 3333 492 3394 saluberrimum
517 3351 570 3392 ver
597 3342 654 3402 est;
683 3333 814 3410 proxime
843 3330 946 3391 deiude
975 3329 1009 3388 ab
1036 3330 1094 3390 boc

95 3416 202 3486 biems3
219 3417 415 3495 periculosior
432 3427 542 3485 aestas;
560 3426 706 3476 autumnus
720 3416 807 3493 longe
820 3413 1094 3494 periculosissimus.
