2414 3924
126 178 189 240 346
421 192 454 238 s.
470 189 499 238 c.
519 189 825 239 cinnomannorum

127 347 250 420 eminet,
268 342 376 421 triplex
396 360 431 402 ea
454 361 565 421 pannus
588 344 783 420 objiciendus,
802 344 905 404 eodem
921 345 990 404 uiuo
1006 353 1036 403 et
1047 344 1119 405 cleo

127 428 255 489 madens.
270 427 351 486 llaec
367 427 450 485 tertia
466 426 556 486 fascia
572 428 844 505 comprehendenda
859 436 939 504 sunt,
956 436 1119 508 quartaque

127 515 187 589 sic,
203 520 232 570 nt
248 527 364 588 semper
379 512 534 589 insequens
553 513 642 589 priori
658 511 781 571 adversa
796 512 850 588 sit,
869 520 899 571 et
913 513 997 571 tertia
1009 521 1120 572 tautum

125 600 156 657 ln
177 594 315 654 inferiore
330 602 422 672 parte,
438 601 498 652 tres
513 595 541 652 in
555 597 707 673 superiore
720 596 865 655 liniantur:
885 596 950 672 quia
966 596 1057 654 satius
1074 605 1120 655 est

127 681 245 757 saepius
261 679 400 752 circuire,
417 695 501 756 quam
515 678 668 755 adstringi:
686 678 827 757 siquidem
841 677 890 753 id,
919 678 996 755 quod
1013 678 1143 740 adsui-⁵

129 773 204 824 ctum
221 771 282 838 est,
303 760 458 836 alienatur,
481 770 511 819 et
532 779 637 820 cancro
654 771 847 841 opportunum
867 770 921 821 est.
952 760 1120 824 Articulum

128 856 221 909 autem
236 863 318 924 quam
333 845 446 902 minime
465 845 575 903 vincire
593 861 666 921 opus
681 854 741 905 est:
764 845 834 923 sed,
848 847 872 905 si
889 846 972 921 juxta
994 846 1073 906 bunc
1085 864 1120 907 os

126 932 248 991 lractnm
263 937 318 1004 est,
335 944 460 986 necesse
476 936 530 987 est.
563 928 726 1006 Deligatum
741 947 812 989 vero
827 928 982 989 membrum
997 931 1025 988 in
1041 930 1120 990 diem

126 1015 241 1074 tertium
256 1010 455 1071 continendum
470 1019 529 1071 est:
546 1029 637 1091 eaque
652 1014 779 1074 vinctura
794 1013 860 1072 talis
877 1031 945 1072 esse
966 1012 1071 1090 debet,
1089 1023 1120 1074 nt
1172 1058 1175 1064 ·

127 1099 220 1176 primo
241 1094 365 1154 dienihil
384 1093 550 1169 offenderit,
566 1105 731 1155 nontamen
752 1097 817 1156 laxa
837 1098 898 1156 visa
914 1097 963 1164 sit;
986 1098 1119 1158 secundo
1132 1114 1154 1152 ιο

127 1181 234 1248 laxior;
251 1180 337 1236 tertio
349 1179 408 1251 jam
423 1196 517 1256 paene
531 1180 668 1239 resoluta.
691 1180 771 1257 Ergo
789 1190 847 1240 turn
859 1199 969 1239 rursum
985 1180 1014 1239 id
1028 1199 1118 1241 mem·

126 1265 206 1325 brnm
223 1262 419 1339 deligandum,
435 1261 655 1341 adjiciendaque
667 1263 812 1342 prioribus
831 1265 927 1341 quinta
947 1263 1038 1323 fascia
1056 1274 1117 1326 est:

126 1347 289 1424 iterumque
307 1348 404 1424 quinto
426 1346 472 1405 die
495 1345 697 1406 resolvendum
712 1356 775 1423 est,
798 1356 826 1407 et
845 1366 898 1407 sex
913 1347 1011 1406 insciis
1023 1348 1118 1408 invol-

126 1431 248 1492 vendum
264 1431 322 1501 sie,
339 1438 369 1488 ut
382 1431 466 1489 tertia
482 1438 512 1487 et
523 1431 618 1507 quintu
636 1431 726 1505 inlra,
741 1439 858 1490 ceterae
874 1449 961 1510 supra
973 1431 1118 1492 liniantur.

127 1515 370 1591 Quotiescumque
386 1522 480 1572 autern
496 1513 616 1573 solvitur
630 1513 802 1588 membrum,
819 1514 911 1574 calida
924 1533 996 1593 aqua
1013 1516 1117 1576 iouen-
1129 1536 1153 1575 ro

126 1599 192 1659 durn
205 1607 258 1657 est.
287 1597 362 1671 Sed,
381 1599 404 1656 si
415 1598 498 1672 juxta
514 1597 661 1656 articulum
678 1598 803 1658 lrnctura
819 1607 881 1674 est,
904 1598 951 1657 diu
976 1598 1118 1659 instillan-

125 1682 191 1742 dum
207 1684 302 1740 vinum
319 1689 379 1756 est,
397 1681 500 1757 exigua
517 1689 598 1759 parte
617 1681 674 1740 olei
691 1682 819 1755 adjecta;
845 1681 1003 1759 eademqne
1022 1685 1118 1742 omnia

107 1764 274 1841 iacienda,
297 1764 391 1823 donec
412 1763 484 1824 adeo
508 1764 690 1825 inflammatio
710 1765 853 1842 solvatur,
870 1775 899 1825 et
912 1767 1025 1825 tenuius
1045 1784 1117 1844 qno·

127 1868 200 1929 que,
216 1866 298 1926 quam
313 1866 350 1906 ex
366 1848 583 1924 consuetudine,
599 1849 626 1908 id
643 1847 798 1908 membrum
814 1850 876 1909 liat:
894 1848 1010 1929 quodsi
1026 1852 1117 1928 septi-

126 1951 188 1992 mus
202 1932 265 1991 dies
280 1949 338 1991 nnn
354 1931 447 2006 dedit,
464 1941 544 1991 certe
559 1950 650 1992 nonus
665 1932 798 1992 exbibet:
815 1943 871 1992 tum
888 1933 1027 1993 facillime
1043 1950 1114 1994 ossa
1124 1953 1151 1993 ro

126 2024 292 2076 tractantur.
320 2016 431 2075 Rursus
447 2033 530 2092 ergo,
547 2017 571 2075 si
596 2035 692 2095 parurn
710 2017 861 2076 commissa
877 2026 959 2095 suut,
978 2018 1119 2076 committi

126 2100 247 2160 debent:
265 2100 288 2157 si
304 2118 358 2177 qua
374 2100 535 2176 fragmenta
552 2102 692 2177 eminent,
709 2102 737 2159 in
754 2118 820 2160 suas
838 2100 925 2159 sedes
948 2101 1119 2178 reponenda

126 2193 205 2243 sunt:
222 2183 326 2242 deinde
341 2183 441 2242 eodem
458 2183 544 2242 modu
559 2185 714 2243 membrum
726 2183 922 2261 deligandum,
944 2184 1118 2263 ferulaeque

127 2286 215 2347 snper
242 2266 502 2326 accommodandae
530 2275 609 2342 sunt,
633 2285 706 2347 quae
730 2267 816 2326 fissae
833 2268 1117 2347 circumpositaeque

127 2369 194 2411 ossa
213 2353 240 2408 in
256 2367 306 2408 sna
325 2351 395 2409 sede
412 2352 592 2408 contineant:
608 2360 636 2409 et
650 2352 677 2408 in
693 2368 775 2427 quam
794 2360 904 2429 partem
926 2351 1053 2411 fractura
1075 2355 1117 2411 iu·
1128 2368 1154 2408 aa

127 2434 229 2507 clinat,
245 2433 281 2491 ab
295 2451 328 2491 ea
346 2434 431 2492 latior
446 2433 646 2510 valentiorque
663 2435 755 2494 ferula
773 2435 944 2512 imponenda
961 2444 1015 2494 est.
1042 2435 1117 2495 Eas·

126 2535 182 2595 que
205 2532 304 2574 omnes
330 2518 408 2574 circa
428 2515 578 2575 articulum
602 2536 669 2576 esse
688 2527 805 2596 oportet
827 2520 966 2595 resimas,
989 2537 1025 2577 ne
1039 2518 1117 2578 bunc

126 2599 256 2666 laedant;
281 2617 335 2656 nec
359 2598 433 2657 ultra
456 2599 611 2677 adstringi,
633 2619 716 2677 qnam
737 2610 766 2659 ut
791 2619 858 2661 ossa
882 2605 1062 2662 contineant:
1087 2613 1117 2661 et

128 2699 214 2761 quum
229 2682 321 2760 spatio
339 2681 487 2756 laxentur,
504 2686 588 2743 tertio
605 2703 721 2763 quoque
739 2684 784 2743 die
799 2686 912 2763 paulum
924 2685 1043 2744 habenis
1056 2688 1117 2745 suis

126 2766 283 2827 coarctari:
308 2784 357 2841 ac,
380 2767 404 2825 si
426 2767 503 2826 nulla
524 2770 660 2846 prurigo,
683 2768 777 2826 nullus
798 2768 883 2827 dolor
907 2778 970 2842 est,
993 2770 1035 2829 sic
1056 2788 1114 2830 ma·
1127 2789 1153 2829 co

126 2868 214 2925 nere,
247 2848 341 2909 donec
369 2851 443 2911 duae
470 2860 568 2929 partes
592 2853 654 2926 ejus
676 2853 830 2930 temporis,
856 2869 913 2930 quo
930 2851 1066 2929 qnodque
1082 2870 1116 2912 os

126 2935 292 3011 conlervet,
322 2935 533 3012 compleantur:
556 2944 659 3013 postea
682 2935 775 2994 leuius
798 2953 872 3012 aqua
890 2935 983 2994 calida
999 2936 1116 3013 lovere,

124 3022 190 3097 quia
204 3021 294 3096 primo
312 3018 404 3095 digeri
417 3019 563 3078 materiam
579 3036 652 3098 opus
672 3028 733 3095 est,
748 3028 804 3079 tum
822 3019 947 3078 evocari.
970 3018 1051 3096 Ergo
1067 3038 1116 3079 ce·

124 3113 186 3162 rato
209 3120 325 3180 qnoque
346 3102 455 3181 liquido
478 3101 505 3162 id
527 3103 631 3162 leniter
649 3111 694 3162 cst
713 3102 895 3179 ungendum,
919 3102 1116 3180 perfricanda·

124 3205 181 3264 quc
193 3204 299 3245 summa
316 3188 389 3244 cutis
405 3195 464 3254 est:
485 3186 636 3265 laxiusque
652 3187 679 3246 id
691 3186 883 3263 deligandum,
898 3194 927 3245 et
940 3188 1025 3244 tertio
1043 3202 1153 3265 qun-as

124 3288 181 3348 qne
200 3269 246 3328 die
261 3269 431 3329 solvendum
446 3272 506 3346 sic,
524 3280 568 3345 nt,
598 3280 708 3329 remota
725 3269 816 3329 calida
831 3287 922 3346 aqua,
947 3279 1045 3329 cetera
1067 3287 1116 3330 en·

18 3374 25 3407 ι
125 3355 188 3413 dem
204 3354 286 3422 liant:
306 3353 497 3412 tantummodo
521 3353 650 3431 singulae
675 3355 802 3430 fasciae,
825 3354 939 3431 quoties
964 3352 1116 3414 resolutae

18 3408 24 3495 l
125 3437 244 3515 luerint,
264 3434 473 3496 subtrahantur.
