2414 3924
432 249 501 297 ure.
518 249 578 298 vu.
600 249 674 297 oar.
690 250 740 298 111.
755 252 801 299 rv.
1052 239 1114 302 267

119 404 250 484 tiplices,
274 405 365 479 majus
387 406 414 462 in
438 421 521 463 manu
542 422 626 483 quam
651 407 679 464 in
699 404 914 464 medicamentis
940 405 1115 483 praesidium

119 497 179 549 est:
195 490 345 567 minusque
360 505 470 565 operae
489 496 550 562 est,
570 490 594 548 si
609 489 662 548 sub
685 497 751 548 cute
772 497 956 548 transversae
974 489 1114 565 feruutur,

117 591 202 652 quam
223 573 248 632 si
274 580 373 631 rectae
395 572 470 631 intus
484 571 611 631 tendunt.
639 571 740 650 igitur,
756 573 781 630 si
798 573 850 632 sub
866 581 932 632 cute
948 582 1115 633 transversa

116 656 212 716 listula
237 665 298 731 est,
325 655 435 714 demitti
460 655 612 733 specillum
638 655 743 733 debet,
766 673 912 735 supraque
933 657 962 716 id
978 674 1013 716 ea
1028 656 1115 716 incidi

93 740 166 818 5(Ρ.
185 739 262 816 Aeg.
280 738 334 815 VI,
351 739 418 817 77).
447 740 477 797 Si
495 739 589 799 lienus
615 741 815 819 reperiuntur,
839 739 868 799 bi
888 758 1006 820 quoque
1031 741 1114 800 simul

117 823 244 902 specillo
263 832 293 882 et
313 823 392 882 ierro
417 822 612 901 persequendi
633 833 713 883 sunt:
736 823 869 901 idemque
887 824 1066 898 iaciendum,
1091 827 1115 884 si

117 907 217 986 plures
234 925 267 966 se
284 908 366 984 quasi
381 905 481 966 ramuli
496 906 658 966 ostendunt.
686 907 743 968 Ubi
761 906 795 967 ad
816 907 889 967 fines
910 909 1022 968 listulae
1047 925 1114 967 ven·

117 1001 175 1051 tum
192 999 253 1067 est,
271 989 449 1048 excidendus
467 1009 504 1048 ex
520 1008 553 1049 ea
566 1000 643 1050 totus
660 991 750 1050 callus
767 1000 829 1066 est,
846 1009 993 1071 superque
1009 990 1115 1052 libulae

120 1073 241 1150 dandae,
261 1082 290 1132 et
306 1072 554 1147 medicamentum,
570 1092 627 1153 quo
642 1073 809 1151 glutinetur.
826 1073 865 1133 At
881 1076 1000 1135 sirecte
1016 1074 1115 1135 subter
1163 1117 1165 1122 -

82 1160 107 1200 ¹⁰
119 1156 224 1234 tendit,
246 1156 310 1233 ubi,
331 1174 387 1235 quo
404 1159 526 1218 maxime
541 1157 633 1234 ierat,
650 1158 772 1236 specillo
789 1159 971 1237 exploratum
987 1169 1048 1235 est,
1066 1177 1115 1219 ex·

118 1242 220 1302 cidiis
242 1242 320 1300 sinus
341 1240 441 1300 debet:
460 1240 526 1300 dein
548 1242 634 1302 fibula
655 1245 716 1301 oris
739 1243 810 1301 cutis
832 1242 985 1316 injicienda
1008 1252 1068 1321 est,
1088 1253 1116 1303 et

118 1343 213 1404 aeque
227 1325 397 1400 glutinantia
412 1323 620 1385 medicamenta
639 1325 821 1404 superdanda
834 1335 914 1395 sunt;
933 1336 991 1404 aut,
1011 1327 1035 1387 si
1052 1344 1115 1388 cor·

117 1417 232 1487 ruptum
251 1408 333 1467 ulcus
349 1417 410 1485 est,
428 1410 505 1487 quod
521 1409 660 1469 interdum
677 1427 746 1469 osse
762 1410 861 1470 vitiato
879 1410 920 1487 lit,
936 1410 984 1470 ubi
1000 1410 1028 1471 id
1045 1429 1114 1490 quo·

118 1511 175 1572 que
191 1501 318 1552 curatum
334 1501 395 1568 est,
412 1511 467 1570 pus
484 1496 639 1554 moventia.

86 1593 110 1633 u
182 1576 211 1638 2.
231 1575 334 1636 Solent
348 1585 441 1636 autem
454 1578 529 1636 inter
545 1587 643 1638 costas
655 1579 767 1638 fistulae
783 1579 882 1639 subter
896 1581 949 1638 ire.
970 1578 1054 1654 Quod
1068 1579 1115 1639 ubi

119 1659 234 1737 incidit,
252 1677 288 1719 eo
311 1659 378 1719 loco
397 1669 478 1722 costa
494 1661 530 1721 ab
546 1671 665 1741 utraque
688 1672 769 1741 parte
789 1663 982 1741 praecidenda
1004 1671 1032 1722 et
1055 1664 1115 1722 exi·

118 1743 221 1818 menda
236 1753 290 1820 est,
306 1762 342 1803 ne
361 1744 427 1821 quid
446 1745 522 1805 intus
540 1756 705 1825 corruptum
721 1747 907 1826 relinquatur.
937 1746 1049 1823 Solent,
1066 1745 1115 1806 ubi
1188 1804 1192 1811 ,

120 1837 218 1889 costas
230 1828 418 1904 transierunt,
435 1838 548 1906 septum
559 1829 604 1904 id,
621 1831 698 1909 quod
714 1840 910 1890 transversum
926 1849 941 1890 a
960 1831 1114 1908 superiori·

120 1913 175 1972 bus
191 1911 353 1971 visceribus
371 1913 504 1972 intestina
521 1913 675 1990 discernit,
694 1915 814 1974 violare.
849 1912 934 1990 Quod
949 1913 1071 1991 intelligi
1087 1922 1115 1973 et

83 2009 110 2048 ιθ
122 2015 160 2056 ex
177 1995 255 2072 loco,
271 2005 299 2056 et
317 2014 354 2055 ex
371 1997 562 2072 magnitudine
578 1996 689 2058 doloris
712 2008 822 2077 potest;
847 2007 876 2057 et
899 1999 964 2077 quia
980 2015 1114 2057 nonnum·
1132 1999 1135 2005 '

121 2097 205 2159 quam
221 2080 338 2158 spiritus
354 2099 388 2140 ea
405 2098 468 2139 cum
487 2081 605 2140 humore
623 2084 704 2160 quasi
718 2082 845 2142 bullante
863 2083 1036 2160 prorumpit;
1057 2099 1114 2140 ma·

120 2165 269 2241 animeque,
292 2165 315 2223 si
333 2164 409 2223 hunc
428 2182 479 2223 ore
497 2165 545 2224 ille
564 2167 711 2225 continuit.
740 2165 773 2224 ln
790 2183 826 2226 eo
849 2165 1010 2225 medicinae
1031 2165 1116 2224 locus

121 2245 216 2306 nullus
233 2255 286 2306 est.
317 2246 349 2306 ln
367 2250 472 2307 ceteris
491 2267 573 2326 vero,
589 2268 663 2328 quae
680 2251 758 2310 circa
772 2260 868 2310 costas
884 2248 1024 2309 sanabilia
1039 2256 1114 2321 suut,

121 2331 237 2410 pinguia
252 2331 459 2391 medicamenta
475 2334 585 2392 inimica
609 2343 687 2403 sunt;
707 2335 830 2411 ceteris,
851 2351 925 2412 quae
945 2332 980 2392 ad
995 2331 1115 2391 vulnera

50 2448 53 2453 ·
84 2424 109 2464 ιι
121 2415 383 2490 accommodantur,
399 2417 438 2474 uti
456 2417 540 2485 licet;
556 2419 663 2495 optime
679 2428 773 2477 tamen
786 2418 863 2478 sicca
877 2418 1039 2493 linamenta,
1056 2415 1115 2493 vel,

122 2499 146 2558 si
162 2498 340 2575 purgandum
355 2499 461 2577 aliquid
479 2499 606 2575 videtur,
624 2503 652 2561 in
666 2502 753 2561 melle
771 2502 860 2563 tincta
874 2503 1067 2580 imponuntur.

185 2582 214 2642 3.
231 2583 332 2642 Ventri
348 2583 453 2642 nullum
467 2602 501 2643 os
517 2584 632 2653 subest;
652 2586 704 2645 sed
719 2585 757 2645 ibi
771 2587 953 2663 perniciosae
965 2583 1116 2646 admodum

121 2666 234 2726 fistulae
254 2668 335 2734 irunt:
360 2667 432 2726 adeo
453 2677 482 2727 ut
503 2670 649 2728 Sostratus
670 2669 845 2730 insanabiles
867 2689 934 2729 esse
951 2668 1115 2729 crediderit.

120 2749 154 2810 ld
168 2768 225 2811 non
240 2769 278 2809 ex
292 2760 353 2810 toto
370 2752 408 2810 ita
425 2770 457 2810 se
473 2751 581 2812 habere
598 2772 665 2812 ursus
681 2753 814 2813 ostendit.
840 2753 877 2812 m
894 2753 1025 2832 quidem,
1039 2749 1116 2829 quod

85 2835 245 2894 ³⁰manime
262 2836 361 2893 mirum
380 2835 471 2895 videri
493 2846 607 2914 potest,
633 2840 720 2897 tutior
741 2837 835 2896 fistula
854 2846 898 2895 est
916 2844 1013 2895 contra
1029 2836 1115 2909 jecur

122 2925 153 2976 et
172 2917 278 2976 lienem
293 2928 321 2977 et
342 2920 546 2994 ventriculum,
571 2939 653 2998 quam
677 2930 776 2980 contra
799 2921 949 2979 intestina:
975 2934 1032 2975 non
1056 2931 1114 2993 quo
1164 2915 1169 2926 '

122 3003 316 3080 perniciosior
343 3002 382 3060 ibi
409 3004 460 3077 sit,
488 3003 539 3064 sed
564 3022 621 3080 quo
643 3004 726 3064 alteri
746 3003 877 3081 periculo
901 3002 996 3060 locum
1016 2998 1112 3059 iaciat.

122 3082 212 3159 Cujus
230 3089 430 3164 experimento
447 3089 515 3146 moti
534 3087 647 3164 quidam
664 3096 799 3146 auctores
821 3103 919 3164 parum
943 3083 1057 3142 modum
1071 3085 1114 3142 rei

122 3179 333 3244 coguoverunt.
362 3169 434 3228 Nam
453 3180 553 3230 venter
569 3188 658 3247 saepe
676 3171 759 3229 etiam
775 3170 834 3228 telo
850 3169 1030 3246 perforatur,
1048 3184 1114 3246 pro·

86 3255 112 3296 ³⁵
121 3251 262 3330 lapsaque
281 3256 414 3313 intestina
430 3255 604 3329 conduntur,
622 3263 650 3312 et
669 3270 735 3312 oras
756 3252 884 3312 vulneris
907 3261 1021 3311 suturae
1037 3268 1114 3310 com·

122 3335 319 3413 prehendunt:
336 3338 428 3416 quod,
444 3337 679 3416 quemadmodum
693 3338 756 3412 fiat,
773 3355 840 3395 mox
852 3335 994 3397 indicabo.
1013 3333 1113 3412 ltaque

124 3421 209 3478 etiam
221 3419 269 3479 ubi
283 3423 375 3481 tenuis
388 3422 480 3481 listula
494 3421 634 3480 abdomen
647 3423 791 3500 perrupit,
807 3420 943 3480 excidere
960 3437 1022 3479 eam
1034 3418 1113 3494 licet,

123 3511 278 3583 suturaque
294 3523 360 3566 oras
378 3507 562 3583 conjungere.
602 3506 632 3565 Si
656 3523 727 3564 vero
746 3523 781 3566 ca
799 3505 892 3564 sustula
915 3506 999 3564 latius
1014 3504 1115 3582 patuit,
