2414 3924
491 248 698 297 reinberto.
1044 248 1109 297 xm

80 402 205 463 dadonis
226 418 300 479 opus
318 400 354 461 ad
375 401 464 462 finem
480 401 642 480 perducere
664 402 847 472 festinamus,
871 421 906 463 eo
927 400 1029 481 plures
1048 420 1110 465 ma·

77 485 218 565 joresque
239 483 423 545 difficultates
441 484 614 546 offendimus
634 504 710 562 quae
728 502 783 545 nos
803 484 919 562 longius
935 503 1023 563 wem
1043 502 1109 562 spe·

80 567 219 628 rubemus
232 573 385 627 morantur
392 576 411 601 “
431 567 536 647 (Targa
550 566 725 644 Morgagno;
748 585 777 645 p.
794 569 855 630 489
874 570 904 628 in
919 568 965 629 ed.
981 567 1108 648 Veron).

163 651 238 711 Prae
275 651 380 712 ceteris
412 649 533 712 librum·
551 650 589 720 V,
616 650 653 712 Vl
685 657 714 712 et
741 651 805 713 VIII
839 651 916 712 male
944 650 1111 712 babuerunt

80 733 208 804 librarii3
240 733 345 813 quibus
363 732 635 810 interpolationibus
653 740 750 794 autem
767 735 922 812 pravisque
936 731 1110 794 lectionIbus

81 817 168 877 obsiti
192 823 260 877 sunt
282 817 341 877 duo
363 817 491 893 priores,
519 834 618 877 earum
648 816 732 878 facile
759 816 811 878 tibi
836 818 980 879 rationem
1003 815 1110 878 reddes

80 899 263 961 considerata
290 901 553 976 praescriptionum
580 899 794 961 medicinalium
823 899 1007 961 multitudiue
1036 916 1110 977 quae

80 985 111 1044 in
136 983 171 1043 iis
197 983 392 1042 inveniuntur.
439 983 598 1043 utcontra
623 982 914 1045 libeerlIidciroo
941 984 1037 1060 potius
1058 981 1109 1043 de-

79 1071 217 1143 pravatus
245 1064 392 1144 estquod
419 1064 530 1126 librarii
557 1084 624 1126 eum
648 1068 910 1143 transcripserunt,
943 1083 1002 1124 non
1024 1064 1110 1126 intel·

79 1148 163 1210 lectis
181 1148 272 1209 rebu's
291 1148 329 1208 dc
352 1148 458 1226 quibus
479 1148 579 1210 Celsus
598 1146 686 1209 verba
707 1149 783 1210 lacit.

164 1231 198 1292 ln
222 1233 295 1291 votis
322 1238 366 1291 est
391 1239 423 1292 ut
450 1231 603 1311 aliqnando
628 1233 657 1291 in
680 1232 775 1293 lucem
797 1232 882 1293 edam
900 1249 975 1311 quac
995 1231 1032 1293 de
1052 1232 1111 1292 vita

80 1316 256 1392 scriptisque
278 1313 353 1375 Celsi
372 1323 521 1393 comperta
541 1315 650 1385 babeo,
672 1314 810 1394 subjectis
831 1332 954 1393 operum
976 1314 1111 1392 deperdi-

82 1404 180 1457 torum
200 1396 388 1474 fragmentis,
415 1416 489 1476 quae
507 1399 567 1477 jam
589 1397 657 1459 olim
678 1416 694 1457 e
716 1397 798 1458 libris
819 1416 886 1459 cum
907 1398 1111 1476 manuscriptis

81 1487 144 1540 tum
165 1481 239 1558 typis
259 1483 405 1558 expressis
423 1480 535 1557 collegi.
566 1480 676 1542 Verum
694 1499 769 1561 quae
789 1482 834 1542 bis
854 1481 890 1542 de
909 1481 1000 1542 rebus
1019 1480 1110 1541 literis

81 1563 216 1624 mandari
229 1562 359 1623 nondum
375 1581 410 1624 eo
424 1564 566 1642 perducta
580 1573 648 1625 sunt
668 1573 700 1625 ut
716 1563 777 1643 jam
791 1565 874 1642 prelo
889 1563 974 1624 subdi
989 1564 1109 1642 possint.

167 1645 277 1716 Quodsi
295 1652 363 1724 post
384 1649 500 1724 egregia
521 1648 598 1708 dcet.
616 1647 729 1723 Targae
749 1648 779 1707 in
800 1646 915 1708 Celsum
936 1648 1040 1708 merita
1059 1645 1110 1706 ali·

83 1736 154 1807 quot
175 1728 376 1790 additamentis
398 1747 505 1806 augere
525 1730 595 1791 mihi
615 1729 695 1791 licuit
713 1729 801 1809 hujus
820 1731 874 1790 viri
892 1728 1023 1797 labores,
1046 1746 1110 1789 sus·

85 1830 141 1889 que
166 1812 260 1891 deque
283 1829 342 1871 non
370 1813 533 1883 habebunt,
562 1830 664 1893 spero,
692 1829 825 1873 meorum
854 1818 1010 1872 conatuum
1038 1828 1109 1887 pau·

83 1897 201 1955 citatem
221 1897 397 1975 quicumque
416 1896 541 1958 lectores
563 1913 622 1956 non
644 1897 780 1971 ignorant
805 1900 945 1973 quantum
967 1893 1110 1954 desudan-

82 1978 153 2037 dum
175 1979 212 2037 sit
230 1978 333 2039 editori
353 1981 403 2056 qui
421 1980 534 2040 mendis
556 1994 718 2056 expurgare
740 1979 983 2055 interpretarique
1003 1978 1110 2036 consti·

82 2063 137 2120 tuit
162 2078 236 2137 opus
264 2064 414 2138 scriptoris
439 2069 499 2122 tam
520 2065 598 2123 varia
623 2068 740 2138 tamque
762 2060 888 2121 difficilia
906 2061 1111 2138 pertractantis

83 2152 262 2219 argumenta.
305 2144 387 2204 illam
408 2163 477 2206 vero
503 2147 634 2223 inprimis
661 2161 764 2204 eorum
786 2162 859 2223 quae
884 2143 1014 2220 praestiti
1038 2141 1110 2202 mibi

84 2232 189 2303 exopto
205 2228 386 2296 mercedem,
409 2238 441 2288 ut
462 2229 692 2290 excellentissimi
714 2229 822 2307 quique
841 2226 979 2303 philologi
1000 2225 1111 2304 majore

82 2309 177 2369 studio
198 2327 285 2388 quam
307 2312 343 2370 ad
366 2312 445 2372 bunc
462 2330 555 2389 usque
578 2313 654 2372 diem
676 2313 704 2371 in
727 2310 842 2371 Celsum
860 2316 988 2371 mentem
1010 2309 1110 2384 adver-

82 2399 158 2461 tant,
186 2393 274 2455 bodie
300 2393 409 2455 scilicet
437 2397 522 2455 nimis
554 2395 590 2455 ab
617 2397 652 2454 iis
679 2395 853 2470 neglectum.
904 2393 966 2470 Ego
994 2393 1112 2471 quidem

83 2475 177 2535 labori
195 2494 254 2536 non
269 2494 388 2553 parcam
405 2496 463 2557 quc
482 2480 563 2539 novis
582 2476 832 2539 emendationibus
854 2474 984 2554 expolire
1001 2477 1111 2552 possim

84 2557 230 2619 Celsianae
251 2562 390 2620 orationis
413 2568 595 2630 contextum,
618 2578 670 2637 spe
687 2561 792 2622 ductus
812 2559 875 2621 iore
896 2565 929 2620 ut
948 2557 1111 2619 faventibus

83 2641 255 2709 lectoribus,
284 2644 435 2704 divenditIs
460 2645 595 2704 omnibus
620 2643 707 2722 bujus
734 2643 866 2704 editionis
886 2641 1109 2720 exemplaribus,

85 2723 205 2785 alteram
227 2724 323 2785 moliri
344 2727 411 2787 velit
429 2729 649 2788 honestissimus
669 2727 771 2787 editor.

168 2889 339 2951 Scribebam
360 2856 490 2953 Lutetiae
510 2893 702 2962 Parisiorum,
724 2893 786 2953 Kal.
808 2892 936 2960 Ianuar,
962 2891 1051 2952 1859.

626 3140 726 3208 car.
748 3138 1025 3218 nuremberg.
