2414 3924
480 217 700 282 ...86-

82 376 178 442 mens,
206 361 363 441 aliquando
392 380 495 442 parra,
526 380 594 424 cum
627 364 779 441 sanguinis
812 380 958 444 supernae
991 364 1100 425 educa·

80 450 171 509 tionis
194 451 401 531 reiactatione,
430 468 518 529 quam
541 450 648 512 Graeci
670 459 784 512 ematos
807 468 959 531 anagogen
983 462 1099 514 vocant.

80 540 126 597 sin
145 557 216 599 vero
236 557 273 601 ex
296 538 433 600 lancibus
456 547 487 601 et
505 558 561 600 uva
585 541 757 620 contigerit,
780 548 901 620 praeter
923 541 1099 603 tussiculam

81 628 159 687 sient
183 646 218 687 ex
242 645 296 688 ore
313 645 382 689 cum
402 630 590 689 excreatione
609 627 774 707 despuitur.
812 636 843 688 et
861 629 1027 691 secundum
1050 648 1098 689 co-

40 728 53 767 o
81 714 176 775 lorem
213 715 259 777 vel
291 715 488 778 substantiam
519 733 610 796 supra
645 715 744 777 dictus
776 719 896 795 sanguis
930 718 1099 779 ostenditur

81 802 155 864 locis
179 823 215 865 ex
239 803 348 885 quihus
370 805 492 865 feratur.
529 803 609 884 quod
633 807 658 865 si
681 804 773 865 luerit
795 804 923 883 nigellus
944 825 1013 867 oum
1037 824 1098 867 me·

80 891 176 952 dioori
204 895 381 974 quantitate,
410 911 448 953 ex
476 895 601 955 minutis
628 894 711 954 venis
739 893 932 972 significatur.
973 897 1000 955 si
1027 913 1098 954 roro

79 979 174 1042 ssavus
202 982 294 1043 luerit
321 991 350 1043 et
379 999 447 1042 cum
475 983 591 1062 ingenti
617 984 732 1063 impetu
759 989 791 1043 et
817 981 970 1044 abundans
999 985 1100 1063 luerit,

79 1070 221 1131 exclusus
245 1089 280 1131 ex
304 1072 422 1131 arteriis
445 1073 529 1131 venis
552 1089 619 1132 esse
650 1071 865 1132 manifestatur.
907 1073 933 1132 si
960 1090 1032 1132 vero
1057 1075 1100 1132 ni·

39 1172 65 1211 1o
79 1157 176 1235 gellus
206 1159 297 1220 luerit
324 1166 356 1220 ct
381 1158 474 1221 reluti
501 1158 656 1240 globosus,
690 1177 780 1239 quem
809 1158 914 1221 Graeci
947 1160 1100 1222 thromhu-

79 1264 189 1307 menon
207 1257 327 1330 vocant,
347 1264 415 1308 oum
435 1246 552 1308 modico
571 1247 683 1325 dolore,
707 1246 744 1307 de
763 1247 894 1308 thoracis
914 1257 1000 1328 parte
1026 1250 1101 1309 ferri

78 1335 256 1396 ostenditur.
302 1338 327 1396 si
351 1345 450 1398 autem
474 1337 538 1399 sine
561 1336 623 1397 ullo
653 1334 756 1396 doloro
780 1353 849 1397 oum
871 1338 985 1416 ingenti
1008 1339 1099 1397 tussi·

79 1422 145 1483 cula
177 1432 206 1484 et
240 1424 372 1486 anhelitu
400 1424 513 1486 rubens
546 1432 577 1485 et
602 1427 703 1486 tenuis
731 1432 849 1486 scatens
877 1433 908 1485 et
938 1442 1100 1505 spumosus

79 1513 200 1591 sanguis
227 1512 319 1574 licerit
347 1516 489 1594 emissus,
517 1514 757 1575 manifestissime
785 1512 822 1573 de
850 1513 991 1593 pulmone
1026 1515 1101 1574 ferri

39 1603 278 1679 recognoscitur.
315 1599 465 1681 aliquibus
483 1620 564 1683 vero,
578 1604 613 1663 si
630 1603 708 1663 lorte
726 1609 823 1664 aetate
843 1604 966 1663 iuvenes
987 1602 1101 1663 luerint

78 1691 239 1770 patientes,
267 1690 356 1750 etiam
384 1690 530 1751 malarum
556 1690 692 1752 modicus
715 1689 808 1751 rubor
837 1692 868 1751 iu
891 1691 975 1752 vultu
1000 1698 1100 1752 osten·

80 1778 170 1840 ditur.
208 1787 237 1840 et
260 1781 338 1839 siout
362 1777 519 1840 Galenus
542 1782 573 1839 in
596 1778 780 1858 diagnostice
803 1781 857 1859 ait,
886 1798 922 1840 er
947 1780 1101 1840 stomacho

1 1883 62 1927 ,17³
80 1886 151 1930 rero
176 1876 205 1929 et
227 1876 331 1929 ventre
355 1870 382 1928 si
404 1868 509 1949 luerit,
533 1870 694 1948 evomitur,
718 1871 744 1929 si
767 1885 803 1929 ex
827 1867 952 1929 renibus
971 1868 977 1944 1
997 1879 1028 1930 et
1051 1888 1100 1929 re·

80 1961 154 2040 sica,
181 1960 337 2038 mingitur,
366 1958 391 2017 si
419 1976 454 2018 ex
485 1958 648 2039 intestinis,
677 1959 820 2035 egeritur.
862 1965 893 2018 et
916 1964 986 2018 sunt
1016 1958 1100 2017 dille·

39 2067 66 2106 ao
81 2051 193 2110 rentiae
226 2047 331 2108 lluoris
363 2048 516 2123 sanguinis
546 2063 672 2107 numero
706 2054 849 2124 quattuor
886 2045 995 2124 quibus
1032 2046 1099 2105 fiori

81 2138 165 2199 solet.
196 2135 353 2215 aliquando
373 2134 538 2196 secundum
560 2134 777 2212 disruptionem
796 2151 940 2195 venarum
959 2134 1099 2212 efficitur,

80 2226 236 2308 aliquando
265 2224 430 2285 secundum
458 2222 662 2284 esudationem
696 2223 828 2300 ipsarum
857 2239 1014 2301 venarum,
1048 2223 1100 2281 ali-

155 2500 169 2548 1
199 2504 317 2561 supernp
350 2482 508 2539 donationis
534 2499 565 2553 g,
597 2497 714 2551 superne
748 2479 889 2535 ductionis
917 2497 944 2548 c,
978 2497 1100 2550 superne

82 2562 239 2629 eductionis
252 2577 283 2630 p.
373 2562 390 2609 2
410 2556 517 2610 amatos
535 2570 566 2624 με
586 2552 715 2608 emathos
733 2568 760 2619 c,
780 2550 889 2605 cinctos
903 2568 934 2620 p.
1013 2558 1029 2605 3
1049 2551 1099 2605 Sin

81 2663 127 2720 gc:
147 2639 217 2708 Sip.
290 2636 307 2685 4
322 2626 468 2697 despuitur
480 2642 509 2696 9:
529 2623 670 2695 dispuitur
680 2640 712 2693 p,
731 2621 888 2692 disponitur
902 2638 924 2677 c.
998 2627 1014 2675 6
1029 2621 1100 2703 loeis

82 2738 116 2777 ex
135 2711 235 2785 quibus
253 2720 282 2775 p:
301 2702 380 2758 locus
398 2697 499 2768 quibus
517 2712 547 2763 c,
566 2712 600 2751 ex
619 2694 720 2765 quibus
737 2692 807 2749 locis
821 2709 853 2762 p.
926 2693 1002 2762 quod
1021 2711 1045 2746 sr
1064 2725 1099 2733 -

83 2795 121 2865 (9)
139 2776 336 2843 manifestatur
353 2789 402 2843 pp:
420 2784 471 2825 om.
490 2785 514 2824 c.
613 2774 629 2822 9
648 2766 726 2821 venis
744 2780 833 2834 ontp
852 2766 912 2835 (obt
929 2764 1024 2819 luerit.
1063 2781 1099 2819 ex

82 2857 192 2927 arteriis
211 2866 271 2911 esse
289 2842 471 2903 manifestum
489 2839 552 2909 ost).
632 2842 666 2891 10
684 2837 817 2907 globosus
834 2837 906 2891 male
924 2853 955 2905 p.
1028 2837 1101 2890 tom-

82 2946 222 3001 bumenon
240 2922 305 2993 (sie)
346 2912 532 2973 :tronitenon
554 2926 582 2979 c,
603 2908 756 2963 tribumen
775 2924 806 2978 p.
912 2913 944 2961 11
964 2908 1045 2977 parte
1068 2924 1099 2990 p:

119 3016 211 3072 msc
244 2936 372 3071 partibus
386 3003 416 3058 p.
490 2979 679 3038 lentulorum
697 2996 742 3049 cp:
766 2979 905 3034 molarum
922 2994 940 3048 g
959 2980 1016 3049 (sed
1035 2994 1050 3033 e
1069 2997 1101 3032 an

81 3034 120 3097 pa
155 3098 201 3143 m
213 3045 275 3149 'pop
349 3068 382 3118 17
396 3055 536 3131 gallienus
548 3067 575 3122 9,
594 3049 720 3121 galienus
737 3066 772 3119 cp
788 3051 833 3115 (ln
850 3050 1020 3120 diagnostiee
1037 3051 1063 3105 b.
1079 3066 1100 3103 e.

81 3106 218 3221 smmi}
239 3142 306 3217 ml
331 3136 389 3195 τῶν
415 3118 604 3185 πεπονθότων
625 3117 722 3177 τόπων
750 3120 850 3186 VIII,
874 3124 940 3176 264.
982 3121 1018 3187 cf.
1041 3125 1099 3201 ²⁶¹.

81 3186 122 3255 Μ·
267 3214 510 3281 loetcprexg.
594 3190 1042 3261 aiiueritozom.p(inpaic=
1070 3190 1102 3245 δι

81 3236 221 3363 Μέλώ
256 3292 336 3355 mm
352 3273 462 3341 fuerii.
527 3262 728 3332 vesicamtffa)
743 3280 779 3316 m.
794 3278 818 3320 c.
890 3268 926 3316 20
940 3264 1063 3331 quatuor
1077 3279 1100 3329 c,

162 3346 171 3358 “
236 3276 538 3423 tfflmdelouoo
560 3336 722 3402 meae.
754 3332 991 3401 efi79.X,311.
1065 3338 1099 3386 21

421 3410 610 3489 ὤωρῢίοιιοω
628 3422 651 3463 e.
723 3409 758 3459 22
776 3402 949 3459 enodatione
969 3419 999 3474 g:
1023 3421 1103 3459 reeu-

294 3496 503 3569 mdnlionem
515 3500 546 3557 p.

294 3447 346 3509 affl·
