2414 3924
509 217 725 281 ..60-

117 365 214 423 lactus
242 365 278 423 si.
295 362 371 423 torte
398 364 430 422 in
457 362 642 442 aegritudine
671 371 758 423 acuta
784 362 814 422 id
849 370 894 422 est
926 361 1017 422 celeri
1049 369 1132 424 motu

116 461 184 513 nata
212 452 369 529 contigerit
396 450 445 511 lll.
473 451 519 511 vel
546 451 610 510 llll.
637 450 698 532 die,
725 453 884 530 pessimam
916 450 1133 530 aegritudinem

116 548 147 601 et
173 539 318 620 prolixam
345 538 488 621 ostendit,
504 591 505 594 ,
522 557 610 618 quam
642 539 749 600 Graeci
779 541 985 599 macronosian
1018 550 1133 621 vocant,

101 627 273 708 ,aliquando
292 645 362 688 vero
381 636 412 688 et
430 629 604 689 freneticam
623 631 792 707 passionem
810 627 975 688 denuntiat.
1017 629 1043 688 si
1061 646 1132 689 vero

89 719 147 777 sin
183 718 249 797 ipso
286 718 372 776 initio
410 717 605 796 aegritudinis
641 716 830 796 supradictus
867 718 1019 796 sanguinis
1055 716 1133 777 lluor

116 806 207 867 luerit
230 806 326 865 lactus
348 807 380 865 in
398 805 556 866 iuvenibus
579 804 625 867 vel
647 804 776 885 plurimo
795 807 940 884 sanguine
958 805 1134 866 naturaliter

116 892 349 975 abundantibus,
373 911 448 971 quos
470 895 622 974 polyemos
644 903 762 968 vocant,
786 902 819 955 et
844 912 912 954 cum
935 893 1017 972 largo
1041 912 1132 955 eursu

116 985 304 1064 frequenter,
327 980 436 1042 bonam
458 981 674 1043 discussionem
698 982 837 1043 ostendit.

205 1072 368 1132 curationis
386 1079 485 1131 autem
504 1079 638 1150 tempore
658 1073 683 1131 si
702 1090 737 1131 ex
756 1072 898 1150 proximis
917 1072 1035 1130 narium
1059 1070 1133 1132 locis

77 1168 147 1221 1oet
174 1179 234 1220 non
262 1158 299 1218 de
327 1158 482 1220 altitudine
510 1160 601 1220 luerit
632 1163 784 1239 sanguinis
814 1159 926 1241 fluxus,
956 1167 1074 1239 oportet
1101 1163 1133 1219 in

116 1250 263 1328 principio
286 1246 461 1327 simpliciter
483 1248 564 1309 molli
587 1248 725 1327 penicillo
748 1247 853 1326 irigida
872 1266 948 1326 aqua
967 1247 1131 1309 madefacto

117 1338 195 1396 circa
224 1337 350 1396 maiores
378 1336 501 1415 angulos
529 1337 684 1397 oculorum
712 1339 886 1417 exprimere.
934 1338 961 1396 si
994 1354 1065 1397 vero
1095 1337 1132 1397 de

116 1423 271 1486 altitudine
299 1427 462 1488 manaverit
491 1427 624 1507 sanguis,
659 1427 716 1485 erit
742 1424 939 1503 infrigidanda
971 1425 1063 1486 facies
1096 1444 1133 1485 ex

117 1530 193 1591 aqua
219 1514 308 1574 nimis
335 1510 442 1591 frigida
469 1522 520 1574 aut
549 1532 639 1593 posca
661 1514 775 1592 frigida.
813 1515 902 1574 etiam
925 1523 955 1573 et
977 1513 1132 1592 penicillos

77 1618 102 1658 rs
117 1601 240 1680 frigidos
267 1618 356 1681 posca
385 1601 489 1662 leviter
517 1620 675 1683 expressos
702 1603 793 1663 tronti
822 1610 852 1662 et
881 1601 1004 1662 naribus
1028 1620 1132 1682 super-

115 1691 258 1771 proicies,
286 1697 317 1750 et
344 1707 485 1750 manuum
512 1709 546 1751 ac
569 1691 680 1771 pedum
702 1709 784 1773 aera,
811 1690 840 1751 id
864 1699 910 1751 est
938 1691 1133 1767 summitates,

116 1777 220 1857 ligabis
251 1787 282 1841 et
313 1780 430 1838 narium
457 1797 603 1843 cavernas
636 1779 717 1840 molli
743 1779 864 1840 linteolo
892 1778 1049 1858 diligenter
1080 1778 1131 1840 ob·

116 1867 228 1929 trudes.
266 1866 351 1947 qnod·
369 1869 396 1928 si
413 1870 535 1929 minime
554 1867 731 1930 abstinuerit
749 1871 882 1948 sanguis,
906 1866 1076 1928 cubiculum
1100 1870 1133 1928 in

117 1974 176 2034 quo
205 1950 404 2018 immobiliter
424 1957 540 2019 iaceant
570 1956 710 2036 trigidum
742 1966 772 2018 et
803 1956 993 2036 planipednm
1023 1964 1053 2016 et
1081 1956 1133 2017 ob-

75 2061 102 2101 eo
116 2042 248 2127 scurum]
266 2045 451 2126 procurabis.
493 2049 580 2108 etiam
608 2064 714 2106 manus
741 2053 772 2106 et
798 2044 890 2125 pedes
919 2045 1023 2124 frigida
1056 2062 1133 2123 aqua

117 2132 162 2192 vel
191 2151 282 2211 posca
314 2133 493 2195 fomentabis
521 2143 551 2195 et
583 2136 614 2194 in
644 2153 696 2194 ore
725 2134 862 2195 similiter
894 2140 928 2193 ut
959 2135 1134 2195 contineant

116 2219 208 2281 dabis.
254 2230 285 2282 et
313 2223 339 2282 si
371 2221 462 2282 luerit
489 2230 607 2301 tempus
634 2224 713 2282 veris
741 2221 787 2282 vel
815 2224 948 2300 aestatis,
976 2230 1006 2282 et
1038 2223 1133 2301 ipsius

116 2311 264 2399 patientis¹
280 2310 365 2392 ‘aetas
384 2309 488 2388 *fuerit
517 2310 654 2370 iuvenilis
686 2319 716 2370 et
748 2308 892 2371 febricula
924 2309 1133 2393 modicissima,
1166 2368 1175 2378 ,

189 2457 208 2531 1
222 2453 243 2517 il
253 2449 342 2529 sceleri
358 2463 444 2534 acuto
461 2457 541 2525 motu
557 2463 625 2516 nata
634 2480 666 2533 p,
684 2463 702 2517 i.
723 2462 807 2517 celeri
821 2466 932 2518 mutate
946 2480 961 2518 c
974 2463 1032 2532 (vel
1046 2464 1132 2519 celeri

117 2534 315 2616 motum).
405 2534 487 2589 2111.
511 2535 561 2587 ant
581 2532 643 2590 IllI.
662 2534 721 2589 dies
745 2534 882 2603 pessimas
906 2535 1078 2604 egritudines
1104 2538 1133 2590 et

115 2622 238 2691 prolixas
260 2640 282 2678 c.
391 2629 407 2677 3
430 2621 635 2677 macronosiam
661 2640 688 2692 c,
712 2611 890 2695 magnoxiam
904 2639 935 2693 p.
1044 2624 1132 2678 oali-

116 2693 227 2760 qnando
243 2735 250 2747 .
309 2693 462 2750 denunciat
483 2711 498 2748 c
519 2695 567 2760 (of.
592 2694 690 2763 Petr.):
715 2710 765 2751 orn.
780 2711 811 2763 p.
920 2699 936 2748 5
962 2692 1091 2749 subditus
1110 2713 1132 2750 s.

115 2761 142 2816 fl.
161 2780 184 2818 c.
202 2805 204 2813 .
229 2830 231 2834 λ
255 2763 275 2822 i.
293 2764 385 2820 factus
403 2764 488 2820 fuerit
501 2782 526 2835 pr
544 2764 654 2833 (Pete).
746 2773 762 2821 6
781 2768 811 2820 in
829 2764 977 2820 iuvenibus
996 2767 1036 2834 (m
1054 2764 1133 2820 niue-

114 2833 171 2903 riba
190 2836 214 2903 e)
234 2835 322 2891 Pete:
341 2835 488 2891 iuvenibus
507 2835 547 2904 (in
565 2837 627 2905 om.)
642 2853 673 2905 p.
781 2835 827 2892 vel
848 2836 968 2905 primum
987 2836 1132 2916 sanguinis

114 2922 143 2958 n.
161 2905 330 2962 abundantis
349 2906 434 2970 simus
453 2924 474 2962 e.
549 2912 565 2960 ‘l
584 2907 722 2976 pollienos
736 2924 768 2976 p,
786 2907 965 2978 poliemtnso
985 2907 1132 2977 (pohemos

115 2974 209 3046 Pata).
282 2984 298 3032 9
317 2978 452 3046 proximis
471 2980 558 3052 (pxis)
578 2995 592 3032 e
610 2978 726 3046 (Petr.)2
744 2978 844 3049 primis
858 2994 889 3047 p.
964 2984 997 3032 10
1016 2977 1132 3047 sanguis

115 3045 201 3102 inerit
223 3047 242 3102 f.
264 3052 300 3118 p,
326 3048 411 3104 t'uerit
437 3048 552 3119 sangnis
576 3049 595 3102 i.
615 3065 629 3102 e
652 3048 748 3116 (inerit
770 3047 914 3119 sanguinis
938 3049 1010 3104 fluor
1035 3049 1131 3118 Pete).

116 3124 147 3170 11
168 3119 329 3174 madefacta
346 3122 410 3189 (sie)
428 3137 442 3175 o
458 3120 570 3187 (Patr.):
589 3118 680 3174 infuso
696 3137 724 3188 p.
813 3125 846 3172 12
864 3137 901 3174 m.
922 3120 1066 3175 oculorum
1084 3136 1132 3173 an-

115 3189 196 3257 gulos
211 3197 233 3259 'p
251 3191 356 3263 (Petu).
448 3190 638 3261 exprimerep
656 3190 770 3257 (Patr.):
790 3206 839 3245 om.
860 3207 881 3244 e.
971 3197 1004 3245 13
1023 3189 1133 3260 infrigi·

114 3258 183 3314 data
201 3278 223 3315 o.
273 3288 276 3294 ²
333 3269 366 3317 14
391 3262 475 3317 nimis
494 3264 549 3331 (nis
568 3264 593 3330 c)
611 3261 698 3315 Petra
722 3263 789 3314 urtrs
814 3261 877 3329 (sic)
894 3279 926 3329 p.
1033 3279 1061 3330 p.
1086 3269 1133 3316 nis

114 3329 219 3399 frigida
236 3333 334 3386 iterum
353 3351 374 3388 c.
449 3339 482 3387 15
500 3332 601 3387 leniter
619 3349 640 3387 e.
732 3348 815 3400 super
836 3332 955 3400 proicies
974 3349 1007 3402 cp
1026 3335 1134 3408 (proles

114 3400 155 3455 sic
168 3407 222 3469 pi).
297 3409 329 3458 17
350 3405 496 3458 obstrudes
515 3421 529 3458 o
546 3403 653 3471 (Pete).
738 3408 771 3457 18
790 3402 959 3458 abstinuerit
977 3421 1005 3459 c:
1024 3404 1133 3460 restite·

114 3470 153 3525 rit
166 3489 196 3540 p.
269 3478 303 3527 22
323 3481 369 3529 vei
382 3492 413 3543 p,
432 3473 510 3530 verni
528 3490 550 3529 e.
