2414 3924
435 212 503 258 nus.
520 212 570 257 111.
587 210 662 259 usn.
679 212 751 259 xxr.
1035 205 1094 267 tot
1121 205 1123 211 ’

95 367 179 427 etiam
193 368 222 425 in
240 383 326 425 arena
342 364 445 441 calida,
461 364 508 423 vel
524 365 673 443 laconico,
690 367 737 426 vel
753 367 883 444 clibano,
899 368 1096 448 similibusque

93 451 172 516 aliis;
201 452 381 527 maximeque
404 449 488 508 utiles
510 451 656 511 naturales
678 460 707 511 et
727 451 824 510 siccae
845 450 1010 512 sudationes
1031 463 1095 512 sunt

94 535 149 614 (cl.
167 534 203 612 ΙΙ,
225 535 291 612 17).
322 533 476 608 Balneum,
493 541 581 613 atque
602 537 693 595 omnis
714 534 817 593 humor
834 535 945 595 alienus
961 545 1015 595 est.
1045 538 1093 597 Je-

87 621 160 695 juno
175 627 257 678 recte
275 619 418 696 catapotia
434 616 551 693 dantur,
574 619 651 678 lacta
668 637 706 678 ex
723 617 858 678 absinthii
873 618 997 696 duabus,
1018 638 1093 696 myr-

67 702 162 762 srhae
179 704 262 761 tertia
281 711 372 780 parte.
403 698 490 759 Cibus
502 719 569 762 esse
583 702 670 762 debet
681 721 719 762 ex
730 702 824 761 media
839 702 952 781 quidem
964 706 1093 781 materia,

92 785 144 846 sed
159 795 253 846 tamen
269 787 387 862 generis
402 783 540 846 durioris:
565 789 645 866 potio
661 805 719 847 non
734 786 808 867 ultra
822 786 913 846 danda
931 797 992 862 est,
1009 804 1092 866 quam

90 879 120 930 ut
134 872 222 929 vitam
240 872 392 937 sustineat;
416 870 582 947 optimaque
603 880 663 946 est,
686 889 761 949 quae
777 871 883 930 urinam
897 880 1004 930 movet.
1035 870 1094 932 Sed

91 956 119 1014 id
141 957 234 1032 ipsum
250 963 344 1013 tamen
364 953 458 1011 moliri
477 952 557 1030 cibo,
582 972 665 1032 quam
683 953 894 1014 medicamento
915 955 1016 1017 melius
1037 964 1091 1015 est.

93 1039 123 1097 Si
147 1047 242 1097 tamen
267 1055 316 1096 res
338 1047 441 1113 coget,
466 1056 504 1095 ex
517 1038 618 1097 iisdem
634 1038 760 1116 aliquid,
784 1056 859 1115 quae
883 1038 910 1097 id
933 1048 1091 1117 praestant,

59 1125 149 1182 roerit
165 1121 401 1198 decoquendum,
418 1139 511 1198 eaque
527 1139 601 1200 aqua
617 1125 695 1200 potui
712 1121 814 1182 danda.
846 1123 987 1183 Videntur
998 1132 1092 1183 autem

90 1205 166 1265 hanc
177 1205 342 1264 facultatem
354 1204 462 1264 habere
475 1207 537 1281 iris,
553 1206 681 1281 nardum,
695 1223 811 1265 crocum
814 1207 1002 1283 ,cinnamum
1015 1224 1091 1268 amo·

89 1308 165 1350 mum
166 1290 274 1366 ,casia,
291 1288 414 1364 myrrha,
427 1288 593 1366 balsamum,
604 1289 769 1388 galbanum,
782 1252 923 1367 ladanum,
937 1290 1091 1365 oenanthe,

91 1391 229 1452 panaces,
248 1372 457 1432 cardamomum
459 1372 620 1451 ,hebenus
632 1375 763 1451 cupressi
776 1392 886 1451 semen,
899 1393 953 1435 uva
965 1376 1090 1449 taminia,

91 1476 175 1536 quam
192 1453 337 1535 σταφίδα
355 1418 476 1534 ἀγρίαν
495 1457 598 1518 Graeci
619 1459 781 1536 nominant,
798 1459 982 1534 abrotonum,
1005 1476 1092 1518 rosae

56 1542 171 1616 rsiolia,
190 1558 317 1613 acorum,
337 1558 450 1601 amarae
467 1560 556 1601 nuces
565 1503 821 1640 ,tragorigandm,
837 1553 952 1619 styrax,
970 1540 1090 1617 costum,

85 1626 167 1701 junci
184 1624 313 1702 quadratu
329 1633 358 1683 et
371 1625 484 1685 rotundi
500 1645 613 1695 semen
630 1626 708 1686 illum
723 1618 902 1704 κύπειρον,
917 1626 992 1686 hunc
1006 1633 1090 1704 σχοι

89 1728 153 1769 νον
166 1709 270 1769 Graeci
286 1719 408 1768 vocant
431 1728 504 1787 qnae
523 1712 638 1788 quoties
655 1727 783 1789 posuero
806 1710 859 1788 (cl.
876 1709 927 1786 ΙΙΙ,
946 1710 1018 1788 18),
1033 1727 1095 1770 non-

92 1812 165 1871 quae
180 1793 228 1850 hic
243 1801 407 1867 nascuntur,
425 1792 477 1852 sed
493 1811 565 1872 quae
582 1796 656 1853 inter
671 1803 798 1854 aromata
813 1793 1028 1870 afferuntur,
1004 1794 1090 1870 signi-

92 1876 198 1935 licabo.
231 1876 324 1936 Primo
345 1885 455 1951 temen,
486 1895 560 1955 quae
584 1879 730 1937 levissima
755 1896 793 1937 ex
815 1877 859 1936 his
885 1886 966 1954 sunt,
996 1876 1092 1935 idest

55 1978 178 2020 aorosae
206 1959 292 2035 lolia,
318 1960 365 2019 vel
391 1961 470 2020 nardi
495 1963 592 2041 spica,
629 1961 762 2021 tentanda
782 1971 856 2021 sunt.
893 1961 996 2020 Vinum
1019 1976 1090 2039 quo-

91 2063 147 2123 que
164 2043 231 2102 utile
247 2054 292 2103 est
308 2053 468 2122 austerum,
491 2046 542 2104 sed
565 2065 647 2124 quam
669 2048 873 2105 tenuissimum.
905 2044 1090 2105 Commodum

90 2139 135 2188 est
153 2128 248 2204 etiam,
263 2128 320 2186 lino
338 2130 467 2207 quotidie
485 2140 613 2189 ventrem
629 2131 732 2204 metiri,
749 2140 787 2205 et,
805 2149 860 2208 qua
873 2126 1090 2206 comprehendit

90 2215 193 2287 alvum,
209 2221 305 2272 notam
320 2215 483 2291 imponere;
501 2224 681 2292 posteroque
698 2214 744 2273 die
763 2215 879 2290 videre,
896 2213 1009 2291 plenius
1026 2228 1089 2271 cor-

90 2316 144 2376 pus
159 2299 206 2372 sit,
221 2315 257 2356 an
271 2305 456 2358 extenuetur:
477 2298 504 2357 id
519 2301 609 2374 enim,
626 2299 702 2376 quod
717 2306 903 2372 extenuatur,
921 2296 1089 2356 medicinam

54 2383 185 2440 assentit.
215 2380 318 2458 Neque
334 2381 455 2441 alienum
468 2393 512 2442 est
527 2384 620 2442 metiri
635 2392 664 2441 et
676 2386 822 2462 potionem
833 2383 907 2457 ejus,
925 2391 953 2440 et
964 2383 1088 2460 urinam:

90 2484 153 2524 nam
170 2466 194 2523 si
210 2465 273 2543 plns
288 2464 415 2524 humoris
430 2469 609 2542 excernitur,
634 2485 717 2544 quam
731 2468 898 2543 assumitur,
919 2469 956 2525 ita
979 2466 1090 2524 demum

90 2550 236 2608 secundae
256 2548 428 2608 valetudinis
451 2570 520 2629 spes
544 2561 597 2611 est.
636 2551 829 2630 Asclepiades
849 2553 876 2610 in
901 2568 955 2624 eo,
981 2550 1029 2628 qui
1053 2567 1090 2607 ex
1166 2606 1169 2612 .

91 2643 229 2711 quartana
248 2635 275 2690 in
296 2632 426 2712 hydropa
448 2634 609 2711 deciderat,
634 2655 665 2695 se
682 2636 852 2695 abstinentia
873 2634 967 2709 bidui,
992 2642 1020 2691 et
1041 2633 1089 2691 lri-

93 2720 189 2775 ctione
204 2735 298 2783 usuum
315 2719 401 2777 tertio
419 2718 475 2793 die,
488 2721 547 2793 jam
564 2729 592 2778 et
607 2719 690 2778 lehre
708 2729 736 2778 et
749 2738 822 2797 aqna
839 2719 980 2792 liberato,
997 2715 1089 2775 cibum

55 2822 81 2860 eo
92 2809 120 2858 et
136 2801 230 2858 vinum
244 2801 370 2877 dedisse,
386 2806 542 2864 memoriae
560 2803 695 2880 prodidit.

152 2884 296 2944 Hactenus
314 2889 500 2945 communiter
516 2888 551 2946 de
570 2889 646 2944 omni
662 2889 762 2965 specie
777 2888 909 2966 praecipi
924 2894 1038 2965 potest:
1066 2883 1090 2941 si

90 2969 288 3029 vehementius
308 2970 411 3030 malum
435 2980 494 3045 est,
517 2969 674 3029 diducenda
696 2973 769 3030 ratio
787 2969 904 3029 curandi
924 2980 977 3029 est.
1008 2968 1089 3043 Ergo

47 3099 51 3104 .
89 3054 114 3110 si
130 3053 253 3128 inllatio
277 3063 305 3113 et
322 3074 359 3113 ex
375 3074 408 3113 ea
427 3054 512 3113 dolor
527 3053 631 3112 creber
647 3063 705 3128 est
730 3055 806 3113 utilis
825 3053 1019 3131 quotidianus,
1044 3057 1090 3109 aut

32 3166 45 3188 ·
89 3137 314 3217 alteroquoque
334 3139 379 3198 die
400 3147 467 3217 post
485 3136 595 3211 cibum,
619 3139 743 3195 vomitus
763 3147 821 3195 est:
848 3136 981 3196 lomentis
1002 3135 1089 3193 siccis

54 3240 78 3278 as
90 3222 250 3301 calidisque
265 3223 400 3282 utendum
416 3231 469 3281 est.
500 3223 529 3280 Si
548 3239 599 3298 per
611 3221 684 3280 haec
697 3220 782 3281 dolor
797 3239 855 3280 non
869 3222 973 3294 linitur,
988 3234 1089 3276 neces·

90 3309 183 3365 sariae
206 3316 270 3366 sunt
296 3309 357 3365 sine
377 3308 457 3365 ferro
482 3304 693 3371 cucurbitulae;
724 3307 748 3363 si
769 3324 805 3362 ne
829 3323 882 3383 per
900 3302 952 3361 has
976 3299 1090 3381 quidem

90 3397 260 3449 tormentum
277 3391 396 3467 tollitur,
415 3389 566 3450 incidenda
582 3390 653 3448 cutis
670 3399 730 3465 est,
757 3399 785 3448 et
806 3399 863 3448 tum
878 3389 922 3447 his
944 3384 1089 3445 utendum.

89 3471 225 3534 Ultimum
248 3474 383 3534 auxilium
404 3486 463 3552 est,
485 3476 509 3533 si
531 3472 727 3533 cucurbitulae
746 3472 813 3531 nihil
836 3472 1019 3552 profuerunt,
1038 3482 1093 3544 per
