2414 3924
112 278 116 285 ,
134 206 195 270 288
427 220 460 264 n.
479 216 508 264 c.
525 214 838 264 cnes1u1cnrcnrsn

132 385 192 453 est,
208 373 420 450 illinendusque
435 391 523 433 rosae
538 371 610 432 dore
629 372 761 449 contrito,
776 372 822 430 cui
835 369 933 448 gallae
947 380 1050 450 quarta
1062 390 1132 452 pars

132 458 267 520 etaltera
288 457 421 532 myrrhae
443 459 480 516 sit
498 455 627 531 adjecta:
661 454 920 533 continendiimque
946 471 999 515 ore
1022 455 1131 517 crebro

131 545 227 602 vinum
244 558 398 602 meracum.
428 540 526 620 Atque
545 541 573 598 in
589 557 626 599 co
642 557 711 599 casn
726 538 880 599 uelandum
904 547 1010 618 caput,
1032 539 1130 601 ambu-

131 628 240 687 latione
254 626 357 701 multa,
373 625 506 684 frictione
523 626 643 702 capitis,
668 622 733 682 cibo
755 639 813 682 non
835 625 894 682 acri
917 623 1055 683 utendum
1075 633 1130 684 εει.

132 711 171 770 At
191 712 214 768 si
237 727 274 768 ex
295 711 352 767 ictu
374 708 421 766 ret
443 709 500 768 abo
529 726 596 767 casu
619 708 706 785 aliqui
728 706 827 766 labant
849 706 962 784 dentes,
981 724 1053 768 euro
1067 726 1151 774 cumn

132 796 183 869 iin,
204 794 251 870 qui
268 792 344 852 bene
360 792 491 867 haerent,
508 790 651 851 uinciendi
667 800 746 857 sunt;
764 791 997 870 continendaque
1016 809 1071 852 ore
1083 810 1131 851 re·

132 879 299 956 primentia:
327 885 356 934 ut
370 877 480 952 vinum,
509 877 537 934 in
558 892 615 952 quo
636 875 814 934 malicorium
838 874 1008 951 decoctum,
1030 884 1080 935 aut
1102 877 1132 935 in

131 960 209 1041 quod
229 960 308 1038 galla
324 958 450 1018 candens
467 961 602 1033 conjecta
617 960 662 1017 sit.
693 959 853 1036 Siquando
880 961 964 1018 etiam
986 959 1014 1017 in
1031 961 1132 1038 pueris

132 1054 199 1104 ante
216 1043 289 1102 alter
302 1042 372 1102 dens
388 1045 529 1119 nascitur,
548 1060 630 1121 quam
648 1043 728 1121 prior
744 1042 874 1121 excidat,
888 1044 929 1120 is,
952 1043 1001 1121 qui
1023 1043 1133 1104 cadere

133 1127 240 1203 debuit,
256 1126 531 1204 circumpurgandus
549 1137 576 1186 ει
590 1126 760 1186 evellendus
775 1136 834 1195 est;
853 1129 893 1204 is,
910 1128 958 1204 qui
974 1135 1057 1187 natus
1075 1136 1131 1204 est,
1145 1154 1166 1195 ιε

133 1210 271 1269 inlocum
287 1211 392 1287 prioris
407 1210 534 1289 quotidie
556 1210 645 1286 digito
661 1210 856 1286 adurgendus‚
872 1211 966 1270 donec
975 1210 1010 1270 ad
1021 1211 1133 1285 justam

133 1293 355 1371 magnitudinem
376 1296 536 1373 perveniat.
570 1294 815 1371 Quotiescumque
836 1294 921 1355 dente
944 1304 1061 1355 exemto
1086 1313 1132 1354 ra-

134 1377 183 1436 dix
197 1376 298 1437 relicta
315 1386 374 1454 est,
391 1379 522 1456 protinus
539 1396 572 1436 ea
590 1393 705 1455 quoque
715 1377 749 1438 ad
765 1378 793 1437 id
811 1378 888 1438 iacto
905 1379 1030 1457 forcipe,
1046 1394 1132 1457 quam

134 1451 290 1541 ῥιζᾶγραν
307 1460 412 1522 Graeci
423 1471 539 1536 vocant,
560 1461 710 1521 eximenda
726 1471 780 1521 est.

196 1545 224 1603 2.
249 1543 394 1605 Tonsillas
415 1553 524 1621 autem,
554 1563 628 1623 qnae
649 1555 717 1624 post
738 1546 975 1606 inflammationes
996 1545 1164 1610 induruere

134 1637 216 1705 runt,
241 1616 393 1701 duernione
409 1639 501 1692 autem
517 1648 533 1689 a
549 1628 669 1689 Graecis
684 1631 883 1708 appellantur,
901 1647 985 1709 quum
1001 1628 1056 1688 sub
1072 1630 1133 1690 levi

133 1714 228 1773 tunica
244 1715 317 1790 sint,
348 1722 466 1792 oportet
483 1713 572 1790 digito
592 1712 804 1774 circumradere
823 1723 851 1773 ει
867 1713 1012 1774 evellere:
1046 1715 1071 1773 si
1094 1732 1131 1773 ne

134 1800 176 1856 sic
192 1796 305 1875 quidem
326 1798 520 1874 resolvuntur,
543 1797 658 1856 hamulo
676 1799 826 1876 excipere,
846 1807 874 1857 et
889 1797 1033 1877 scalpello
1051 1800 1131 1858 exci-

134 1882 220 1941 dere:
239 1892 297 1941 tum
309 1897 343 1940 os
360 1891 444 1942 aceto
462 1882 579 1958 eluere,
602 1890 630 1940 et
646 1881 761 1941 illinere
784 1882 887 1942 vulnus
907 1882 1130 1959 medicamento,

135 1983 191 2044 quo
205 1966 322 2041 sanguis
335 1967 529 2044 supprimatur
540 1965 595 2043 (ol.
607 1984 635 2041 p.
648 1966 720 2042 256,
733 1965 820 2034 1.32;
835 1977 863 2025 ει
874 1966 905 2026 P.
915 1965 990 2043 Aeg.
998 1965 1051 2040 vl,
1059 1967 1129 2047 30).
1140 1984 1165 2024 ac

199 2049 227 2107 3.
250 2049 313 2109 Uva
332 2049 379 2129 (Ρ.
398 2049 475 2126 Aeg.
494 2049 546 2125 Vl,
563 2050 629 2128 31),
654 2051 677 2108 si
693 2068 756 2109 cum
771 2051 991 2110 inflammatione
1007 2049 1131 2109 descen-

135 2133 190 2208 dit,
208 2133 360 2211 dolorique
376 2144 434 2210 est,
452 2142 481 2191 et
496 2133 700 2193 subrubicundi
717 2134 838 2210 coloris,
855 2135 984 2214 praecidi
1000 2137 1062 2193 sine
1079 2153 1131 2213 pe·

134 2217 299 2279 riculo-non
314 2226 427 2295 potest:
450 2217 527 2276 solet
549 2218 623 2275 enim
639 2218 754 2277 multum
772 2221 939 2296 sanguinem
962 2218 1130 2278 ellundere:

133 2305 231 2378 itaque
247 2301 348 2360 melius
364 2302 456 2359 estiis
472 2302 528 2375 uti,
546 2319 619 2378 quae
642 2302 713 2362 alias
736 2307 886 2382 proposita
902 2312 966 2361 sunt
980 2301 1046 2380 (Vl,
1063 2304 1130 2382 14).

134 2386 165 2442 Si
180 2401 250 2441 vero
272 2384 453 2443 inflammatio
469 2384 582 2461 quidem
603 2386 680 2447 nulla
701 2395 763 2463 est,
779 2387 960 2447 nihilominus
977 2394 1072 2446 autem
1095 2401 1166 2446 enas

134 2465 207 2525 ultre
220 2467 327 2540 justum
342 2466 488 2526 moduma
510 2469 610 2547 pituita
628 2469 750 2530 deducta
769 2481 830 2547 est,
854 2480 883 2530 ει
905 2472 1016 2546 tenuis,
1031 2479 1131 2546 acuta,

134 2548 199 2608 alba
220 2558 281 2625 est,
303 2551 430 2627 praecidi
447 2550 549 2611 debet:
573 2554 714 2630 itemque,
733 2555 758 2612 si
776 2556 846 2630 ima,
862 2554 947 2615 livida
966 2562 995 2613 et
1011 2571 1130 2624 crassa;

134 2649 241 2691 summa
254 2635 346 2692 tenuis
358 2644 411 2693 εει.
432 2632 535 2714 Neque
547 2638 699 2715 quidquam
713 2638 890 2698 commodius
904 2647 958 2715 est,
972 2655 1055 2716 quam
1067 2638 1131 2697 vul·

134 2716 207 2777 sella
222 2716 420 2794 prehendere,
438 2719 490 2778 sub
505 2739 614 2800 eaque,
638 2721 714 2800 quod
730 2723 877 2800 volumus,
894 2722 1040 2782 excidere.
1071 2721 1131 2781 Ne-

134 2819 190 2880 que
203 2803 277 2861 enim
292 2801 379 2861 ullum
398 2804 555 2881 periculum
568 2814 626 2882 est,
646 2824 682 2864 ne
698 2806 764 2884 plus
780 2808 910 2866 minusve
930 2805 1129 2885 praecidatur:
1141 2826 1166 2867 ao

135 2904 220 2964 quum
232 2886 318 2946 liceat
333 2896 438 2946 tantum
454 2889 528 2948 infra
546 2889 697 2949 vulsellam
712 2891 895 2968 relinquere,
919 2900 1053 2967 quantum
1067 2890 1129 2948 inu-

133 2969 184 3029 tile
203 2989 269 3029 esse
287 2971 466 3031 manifestum
480 2980 536 3041 est;
554 2972 639 3051 idque
655 2974 843 3052 praecidere,
867 2992 924 3053 quo
939 2975 1058 3051 longior
1072 2991 1129 3033 ura

135 3061 199 3129 est,
223 3073 306 3132 quam
331 3074 397 3116 esse
419 3057 587 3116 naturaliter
608 3057 704 3117 debet.
738 3059 808 3119 Post
829 3060 1004 3118 curationem
1026 3056 1129 3118 eadem

134 3136 265 3197 iacienda
281 3148 363 3215 sunt,
380 3158 453 3218 quae
470 3141 498 3198 in
514 3141 636 3200 tonsillis
655 3146 787 3221 proxime
804 3145 887 3221 posui
906 3143 943 3222 (§
959 3143 1004 3222 2).

194 3223 223 3279 4.
246 3221 354 3299 lingua
376 3242 448 3283 vero
468 3224 636 3302 quibusdam
657 3244 719 3285 cum
742 3227 873 3303 subjecta
896 3236 976 3306 parte
997 3245 1014 3286 a
1032 3227 1125 3304 primo
1139 3239 1164 3280 as

135 3303 221 3362 natali
238 3305 283 3364 die
295 3308 393 3381 juncta
410 3318 468 3377 est;
486 3311 533 3385 qui
551 3308 588 3368 ob
607 3308 635 3369 id
651 3329 687 3370 ne
703 3310 784 3389 loqui
805 3312 920 3390 quidem
941 3320 1061 3390 possunt
1078 3309 1127 3389 (P.

135 3385 211 3462 Aeg.
231 3388 282 3464 Vl,
299 3390 365 3467 29).
394 3391 503 3453 Horum
521 3403 649 3452 extrema
665 3394 763 3471 lingua
779 3396 901 3456 vulsella
920 3394 1128 3476 prehendenda

135 3477 193 3538 est;
216 3472 267 3530 sub
284 3492 375 3551 eaque
391 3475 555 3535 membrana
571 3477 736 3539 incidenda:
754 3498 856 3557 magne
874 3498 941 3540 cura
958 3479 1072 3556 habita,
1090 3495 1128 3537 ne
