2414 3924
425 201 492 251 ΗΒ.
508 202 541 250 V.
565 201 640 249 che.
657 202 756 251 V—X.

435 355 616 419 CAPUT
646 358 738 418 VII.

419 471 487 531 Quae
512 471 621 521 exedant
651 486 751 536 corpus.

150 604 285 669 Exedunt
297 623 404 685 corpus
417 609 532 667 acaciae
546 625 661 685 succus,
674 606 813 685 hebenus,
828 625 950 685 aerugo,
966 625 1082 686 squama

91 691 186 767 acris,
208 687 412 765 chrysocolla,
437 691 507 749 cinis
529 693 662 768 cyprius,
687 691 804 768 nitrum,
831 690 955 767 cadmia,
983 708 1083 769 spuma

67 775 220 853 surgenti,
236 773 415 851 hypocistis,
430 773 603 852 diphryges,
620 774 673 850 sal,
689 774 935 851 auripigmentum,
952 773 1082 852 sulphur,

91 860 201 933 cicuta,
219 856 414 932 sandaracha,
432 856 625 934 salamandra,
642 857 820 933 alcyonium,
837 860 911 918 aeris
923 858 988 934 dos,
1006 856 1082 916 chal·

92 943 175 1020 citis,
202 949 389 1000 atramentum
411 943 562 1015 sutorium,
591 940 696 1016 ochra,
724 941 806 1017 calx,
835 941 929 1018 galla,
958 941 1082 1016 alumen,

91 1025 139 1084 lac
151 1024 291 1102 caprilici,
307 1024 354 1083 vel
366 1024 497 1084 lactucae
508 1024 643 1100 marinae,
660 1042 733 1102 quae
744 1016 949 1104 emdpurtog
964 1042 979 1083 a
993 1023 1084 1084 Grae-

92 1109 135 1168 cis
158 1108 334 1184 nominatur,
361 1107 417 1181 iel,
441 1108 511 1167 turis
530 1106 638 1184 fuligo,
661 1107 808 1185 spodium,
839 1107 990 1183 lenticula,
1015 1107 1082 1185 mel,

56 1213 81 1252 ro
92 1192 177 1251 oleae
199 1190 285 1266 lolia,
308 1191 496 1267 marrubium,
520 1191 595 1268 lapis
618 1192 800 1269 haematites,
823 1201 852 1251 et
877 1193 1031 1270 phrygius,
1054 1199 1084 1251 et

92 1277 197 1357 assius,
205 1284 234 1334 et
249 1275 388 1351 scissilis,
407 1276 497 1351 misy,
513 1275 625 1350 vinum,
642 1284 764 1334 acetum.
996 1270 999 1274 ’

422 1453 603 1516 CAPUT
637 1455 756 1515 VIII.

488 1570 555 1630 Quae
574 1571 688 1620 adurant.

154 1704 285 1764 Adurunt
302 1705 556 1781 auripigmentum,
572 1713 757 1764 atramentum
773 1702 925 1776 sutorium,
942 1701 1082 1777 chalcitis,

57 1800 81 1838 1⁵
91 1789 181 1863 misy,
207 1805 332 1865 aerugo,
357 1787 439 1862 calx,
462 1787 560 1847 charta
583 1789 747 1861 combusta,
773 1784 831 1861 sal,
854 1802 970 1862 squama
994 1784 1082 1860 aeris,

92 1872 160 1931 laer
176 1871 340 1946 combusta,
363 1871 494 1947 myrrha,
517 1879 629 1930 stercus
645 1880 673 1930 et
685 1870 802 1943 lacerti,
827 1877 856 1926 et
871 1865 1037 1940 columbae,
1054 1876 1083 1925 et

93 1955 236 2034 palumbi,
270 1963 299 2014 et
325 1953 497 2031 hirundinis,
528 1954 627 2034 piper,
658 1970 778 2012 coccum
802 1950 945 2028 gnidium,
975 1949 1082 2027 allium,

93 2039 266 2118 diphryges,
289 2039 335 2098 lac
355 2048 504 2117 utrumque
532 2037 609 2116 quod
634 2039 765 2116 proximo
788 2036 882 2113 capite
905 2052 991 2112 supra
1007 2051 1082 2092 corn·

93 2123 265 2200 prehensum
288 2130 347 2197 est,
375 2131 517 2181 veratrum
541 2131 569 2181 ct
584 2122 677 2181 album
695 2130 724 2179 et
738 2122 866 2197 nigrum,
891 2116 1082 2194 cantharides,

56 2218 82 2255 20
95 2207 256 2283 corallium,
279 2205 461 2285 pyrethrum,
487 2215 548 2281 tus,
565 2205 756 2279 salamandra,
774 2221 877 2277 eruca,
895 2199 1081 2274 sandaracha,

93 2309 148 2349 uva
170 2292 298 2364 taminia,
328 2288 529 2365 chrysocolla,
552 2290 655 2366 ochra,
681 2290 791 2348 alumen
815 2285 942 2361 scissile,
966 2283 1082 2343 ovillum

93 2384 223 2448 stercus,
241 2371 393 2431 oenanthe.

446 2505 627 2568 CAPUT
663 2509 731 2568 IX.

353 2620 421 2678 Quae
442 2629 539 2670 crustas
558 2623 682 2672 ulceribus
698 2623 826 2671 inducant.

57 2783 83 2820 os
160 2755 267 2813 Eadem
288 2756 350 2816 iere
373 2765 483 2815 crustas
505 2755 649 2815 ulceribus
671 2766 812 2835 tamquam
833 2756 899 2831 igne
920 2753 1027 2812 adustis
1042 2753 1081 2809 in·

94 2839 215 2913 ducunt,
242 2839 293 2898 sed
314 2841 471 2918 praecipue
492 2838 635 2915 chalcitis,
664 2842 761 2916 utique
784 2841 807 2898 si
830 2846 913 2896 cocta
939 2844 997 2908 est,
1027 2832 1083 2891 dos

94 2923 186 2997 aeris,
210 2941 334 3001 aerugo,
362 2923 614 2999 auripigmentum,
641 2925 732 2996 misy,
762 2930 790 2980 et
809 2921 837 2979 id
857 2934 970 2998 quoque
991 2915 1082 2988 magis

94 3016 216 3065 coctum.

461 3120 640 3181 CAPUT
676 3122 717 3180 X.

59 3262 84 3301 to
350 3237 419 3297 Quae
437 3246 534 3288 crustas
552 3238 678 3286 ulceribus
697 3235 833 3284 resolvant.

180 3371 298 3433 Crustas
321 3393 392 3435 vero
414 3375 465 3434 has
487 3374 608 3434 resolvit
623 3374 712 3432 farina
725 3371 838 3429 triticea
854 3384 917 3425 cum
931 3373 1012 3441 ruta,
1034 3360 1082 3422 vol

95 3472 201 3534 porro,
220 3466 266 3515 aut
281 3457 432 3536 lenticula,
450 3459 495 3517 cui
510 3457 603 3516 mellis
619 3454 724 3534 aliquid
739 3452 880 3595 adjpptpm
898 3450 943 3508 sit.
