2414 3924
166 189 207 253 10
426 200 474 247 nn
496 199 558 246 nne
580 198 713 247 ueram
735 197 810 246 exa.
826 198 873 245 vn

167 360 233 404 rum
251 348 279 402 et
295 341 380 418 adipe
396 338 548 417 multaque
560 355 649 399 carne
662 356 760 398 mares
776 337 926 398 exhauriri
941 338 1140 416 respondent.

132 426 241 494 4illud
267 444 385 504 quoque
406 423 574 501 ambiguam
596 423 666 482 lacit
692 424 770 482 inter
790 429 927 482 auctores
953 424 1141 501 opinionem,

167 520 309 573 utrumne
331 527 366 570 ex
388 510 479 588 patris
499 507 705 568 tantummodo
728 508 842 567 semine
861 514 964 585 partus
987 515 1141 579 nascatur,

168 602 201 656 ut
216 595 362 672 Diogenes
384 600 412 653 et
428 593 545 671 Hippon
561 592 704 670 stoicique
719 592 920 669 scripserunt,
943 609 981 652 an
998 594 1089 653 etiam
1106 613 1144 655 ex

168 681 286 748 matris,
310 678 388 756 quod
409 678 600 754 Anaxagorae
622 683 651 737 et
665 675 835 737 Alcmaeoni
856 694 912 736 nec
933 694 993 736 non
1015 677 1177 740 Parme-o

168 764 231 824 nidi
246 761 477 840 Empedoclique
493 766 523 821 et
537 761 666 839 Epicuro
683 761 777 821 visum
793 769 846 820 est.

134 866 149 916 5
232 848 274 908 De
295 847 530 907 conformatione
551 852 647 906 autem
663 853 766 924 partus
787 844 878 905 nihilo
900 847 997 905 minus
1020 847 1144 909 definite

169 950 201 994 se
227 933 303 992 scire
324 931 483 991 Alcmaeon
510 929 664 991 confessus
685 937 742 1000 est,
774 938 856 991 ratus
878 931 1028 992 neminem
1052 950 1143 1011 posse

132 1029 155 1089 6
173 1018 343 1096 perspicere
365 1016 434 1095 quid
457 1016 585 1092 primum
607 1020 635 1074 in
657 1016 769 1075 infante
794 1015 949 1075 formetur.
989 1016 1143 1094 Empedo-

169 1100 243 1170 cles,
261 1119 349 1180 quem
364 1101 394 1160 in
411 1100 469 1159 hoc
484 1098 655 1161 Aristoteles
670 1106 790 1161 secutus
806 1108 864 1168 est,
887 1108 954 1160 ante
970 1102 1072 1160 omnia
1089 1119 1143 1161 cor
1162 1110 1191 1159 10

170 1184 307 1245 iudicavit
327 1186 510 1252 increscere,
535 1184 616 1263 quod
636 1184 763 1244 hominis
784 1185 873 1244 vitam
893 1186 1020 1245 maxime
1043 1190 1142 1248 conti-

168 1274 252 1336 neat3
280 1267 398 1347 llippon
420 1287 490 1329 vero
513 1275 616 1346 caput,
644 1271 754 1347 inquo
777 1276 822 1328 est
843 1270 932 1329 animi
952 1269 1141 1348 principale;

168 1353 353 1413 Democritus
375 1352 469 1413 alvum
487 1370 555 1412 cum
570 1353 681 1430 capite,
704 1370 779 1430 quae
794 1353 954 1431 plurimum
970 1353 1085 1415 hahent
1106 1373 1144 1416 ex

167 1438 261 1505 inani:
291 1439 481 1515 Anaxagoras
504 1436 677 1508 cerebrum,
705 1438 784 1497 unde
810 1455 914 1499 omnes
934 1445 1003 1499 sunt
1023 1456 1141 1500 sensus

168 1522 314 1600 Diogenes
339 1521 538 1602 Apolloniates
568 1541 604 1583 ex
634 1539 739 1582 umore
766 1523 894 1599 primum
926 1540 1048 1584 carnem
1074 1525 1141 1586 lieri
1161 1532 1189 1581 15

168 1608 356 1676 existimavit,
378 1614 440 1667 tum
458 1627 493 1669 ex
509 1623 600 1667 carne
625 1623 690 1667 ossa
707 1604 873 1684 nervosque
894 1614 923 1668 et
938 1615 1054 1669 ceteras
1069 1626 1139 1687 par-

132 1697 212 1752 2tes
235 1693 344 1752 enasci.
390 1699 419 1752 at
439 1693 524 1752 stoici
545 1710 603 1752 uua
626 1700 720 1752 totum
748 1690 890 1751 infantem
913 1692 1036 1768 figurari
1058 1692 1140 1754 dixe·

168 1782 252 1846 runt,
283 1784 317 1838 ut
336 1793 394 1836 una
416 1779 546 1837 nascitur
570 1776 726 1855 aliturque.
771 1785 840 1836 sunt
854 1777 906 1855 qui
926 1776 956 1836 id
977 1779 1141 1854 opinentur

168 1862 231 1938 ipsa
247 1861 311 1921 sieri
328 1867 447 1934 natura,
464 1870 497 1922 ιιι
512 1860 684 1922 Aristoteles
699 1861 795 1938 adque
811 1861 977 1939 Epicurus3
1000 1872 1073 1923 sunt
1089 1864 1140 1941 qui

168 1945 299 2022 potentia
320 1946 442 2023 spiritus
464 1964 566 2006 semen
588 1947 767 2016 comitantis,
796 1953 828 2004 ut
848 1947 932 2006 stoici
954 1945 1050 2006 lerme
1071 1949 1139 2008 uni·
1156 1954 1185 2003 au

168 2031 261 2089 versi:
285 2038 353 2089 sunt
366 2032 415 2109 qui
431 2031 594 2091 aetherium
612 2031 740 2092 calorem
758 2032 854 2091 inesse
871 2029 1070 2101 arbitrentur,
1089 2033 1140 2111 qui

167 2112 302 2174 membra
318 2114 468 2192 disponat,
484 2118 677 2192 Anaxagoran
693 2118 795 2176 secuti.

132 2207 149 2254 3
232 2199 397 2278 Utcumque
425 2207 524 2260 tamen
545 2201 688 2260 formatus
713 2201 809 2260 iulans
831 2199 1080 2278 quemadmodum
1110 2203 1141 2262 in

167 2284 271 2342 matris
286 2292 371 2343 utero
388 2282 496 2351 alatur,
520 2283 627 2361 duplex
644 2286 743 2362 opinio
760 2292 812 2345 est.
848 2285 1040 2362 Anaxagorae
1058 2286 1140 2347 enlm

168 2369 333 2444 ceterisque
354 2365 548 2443 conpluribus
564 2384 618 2444 per
639 2366 809 2428 umbilicum
831 2369 916 2430 cibus
937 2368 1141 2431 administrari
1159 2376 1186 2426 ιι

167 2451 291 2509 videtur.
324 2460 353 2509 at
368 2451 565 2527 Diogenes'et
581 2452 697 2530 Hippon
720 2454 923 2514 existimarunt
940 2472 1004 2514 esse
1024 2455 1055 2513 in
1072 2454 1140 2516 alvo

167 2534 340 2610 prominens
362 2534 516 2612 quiddam,
541 2537 619 2614 quod
641 2538 738 2596 infans
760 2556 812 2598 ore
832 2537 1035 2617 adprehendat
1056 2547 1139 2600 etex

166 2671 360 2678 -—-..-..—-.

236 2738 259 2787 1.
285 2735 389 2802 adipem
412 2738 437 2786 D
505 2740 529 2791 4.
552 2737 673 2804 htoqems
698 2740 722 2786 D
791 2740 903 2805 hrppou
927 2740 1059 2804 arhoictq.
1083 2743 1143 2791 DV

165 2819 352 2855 sonrssenuur
372 2807 396 2854 D
465 2808 489 2858 ὅ.
508 2807 618 2868 matrib;
640 2806 668 2854 V
682 2813 741 2856 ante
759 2823 822 2868 roc,
842 2808 937 2857 matris
955 2824 1023 2858 corr.
1042 2812 1102 2859 lm.

164 2874 189 2922 6.
211 2871 415 2937 eupehocctque
433 2874 487 2923 DV
538 2875 690 2938 epiconol)
760 2878 784 2925 7.
803 2873 835 2925 he
851 2888 1076 2927 conclamauroue
1091 2876 1142 2942 (ric

162 2957 214 3004 pro
227 2942 456 3004 conformatione)
475 2969 509 2976 —
527 2954 615 2991 miuus
629 2942 682 2990 DV
699 2942 793 2992 habent
811 2950 926 2993 extremo
944 2960 1002 3007 cop.
1017 2947 1032 2992 d
1050 2951 1077 2994 et
1086 2962 1140 3009 pro

163 3009 203 3058 dia
221 3009 268 3058 hoc
286 3013 341 3060 loco
357 3014 455 3072 ponunt
474 3024 545 3073 quae
564 3007 702 3059 dissensio
722 3027 757 3060 eac
775 3014 950 3075 cap.17,10‚·
968 3027 1037 3061 corr.
1051 3013 1140 3063 Loeh-

164 3092 268 3125 mannus
291 3083 316 3126 et
339 3077 436 3126 Ichnae
507 3077 548 3130 12,
572 3077 684 3141 huppou
712 3078 740 3126 V
806 3081 846 3131 13.
872 3090 1024 3142 pnummum
1043 3081 1069 3128 D

166 3145 205 3191 14.
230 3145 287 3192 orire
310 3144 339 3192 V
358 3145 431 3207 (nota
448 3146 592 3208 compendii
609 3162 625 3194 a
642 3162 673 3194 m.
693 3143 720 3209 2)
793 3149 832 3199 15.
859 3160 1059 3211 aponmmeres
1083 3148 1145 3197 DV

163 3209 277 3259 humore
300 3211 326 3259 V
394 3214 434 3263 17.
453 3212 555 3262 sthoici
577 3213 604 3261 V
671 3213 711 3264 18.
730 3218 761 3262 ut
778 3229 826 3265 om.
849 3215 895 3271 I)¹
943 3217 983 3263 19.
1004 3217 1091 3277 atque
1115 3216 1145 3263 V

165 3292 296 3343 epteoxus
315 3279 340 3327 D
409 3282 450 3334 20.
470 3280 572 3329 sthoici
594 3280 625 3339 V,
644 3282 690 3330 sed
708 3279 726 3329 h
744 3282 794 3331 del.
813 3285 828 3331 1
846 3299 876 3330 m.
947 3294 1059 3331 erutuem
1084 3283 1143 3332 DV

163 3349 206 3396 21.
224 3345 386 3396 aeahearum
407 3344 439 3409 (a
458 3349 476 3397 d
492 3348 518 3396 io
536 3346 606 3411 rao.)
627 3349 663 3407 D,
690 3348 824 3398 etherium
848 3349 876 3397 V
941 3363 1139 3401 anatrneurun

163 3414 188 3460 D
207 3420 265 3463 ante
284 3430 350 3470 roc,
369 3417 524 3479 vividetur,
545 3416 715 3466 arbitrantur
733 3418 752 3466 d
759 3416 786 3465 V
852 3419 894 3468 26.
913 3416 1025 3482 hyppon
1042 3418 1072 3466 V

162 3481 204 3530 27.
224 3479 439 3544 ahpneeheuoen
456 3484 481 3532 D
551 3485 579 3533 et
596 3498 643 3535 om.
662 3483 718 3533 DV
