<?xml version="1.0" encoding="UTF-8"?>
<!DOCTYPE html PUBLIC "-//W3C//DTD XHTML 1.0 Transitional//EN"
    "http://www.w3.org/TR/xhtml1/DTD/xhtml1-transitional.dtd">
<html xmlns="http://www.w3.org/1999/xhtml" xml:lang="en" lang="en">
 <head>
  <title>
</title>
<meta http-equiv="Content-Type" content="text/html;charset=utf-8" />
  <meta name='ocr-system' content='tesseract 3.04.00' />
  <meta name='ocr-capabilities' content='ocr_page ocr_carea ocr_par ocr_line ocrx_word'/>
</head>
<body>
  <div class='ocr_page' id='page_1' title='image "./cassiifelicisde00rosegoog_0464.png"; bbox 0 0 2414 3924; ppageno 0'>
   <div class='ocr_carea' id='block_1_1' title="bbox 435 218 1080 279">
    <p class='ocr_par' dir='ltr' id='par_1_1' title="bbox 435 218 1080 279">
     <span class='ocr_line' id='line_1_1' title="bbox 435 218 1080 279; baseline 0.006 -6"><span class='ocrx_word' id='word_1_1' title='bbox 435 229 503 274; x_wconf 82' lang='lat' dir='ltr'><strong>nun.</strong></span> <span class='ocrx_word' id='word_1_2' title='bbox 520 228 567 274; x_wconf 82' lang='lat' dir='ltr'><strong>ru.</strong></span> <span class='ocrx_word' id='word_1_3' title='bbox 591 227 665 274; x_wconf 78' lang='lat' dir='ltr'><strong>cna.</strong></span> <span class='ocrx_word' id='word_1_4' title='bbox 683 228 739 274; x_wconf 87' lang='lat' dir='ltr'><strong>xv.</strong></span> <span class='ocrx_word' id='word_1_5' title='bbox 1025 218 1080 279; x_wconf 80' lang='lat'><strong>141</strong></span> 
     </span>
    </p>
   </div>
   <div class='ocr_carea' id='block_1_2' title="bbox 49 380 1085 1633">
    <p class='ocr_par' dir='ltr' id='par_1_2' title="bbox 49 380 1085 1633">
     <span class='ocr_line' id='line_1_2' title="bbox 91 380 1084 459; baseline -0.001 -16"><span class='ocrx_word' id='word_1_6' title='bbox 91 390 256 459; x_wconf 88' lang='lat' dir='ltr'><strong>torquetur;</strong></span> <span class='ocrx_word' id='word_1_7' title='bbox 281 382 383 441; x_wconf 90' lang='lat' dir='ltr'><strong>horror</strong></span> <span class='ocrx_word' id='word_1_8' title='bbox 399 381 509 441; x_wconf 87' lang='lat' dir='ltr'><strong>validus</strong></span> <span class='ocrx_word' id='word_1_9' title='bbox 526 389 585 449; x_wconf 90' lang='lat' dir='ltr'><strong>est;</strong></span> <span class='ocrx_word' id='word_1_10' title='bbox 604 380 652 439; x_wconf 92' lang='lat' dir='ltr'><strong>ubi</strong></span> <span class='ocrx_word' id='word_1_11' title='bbox 665 381 739 440; x_wconf 89' lang='lat' dir='ltr'><strong>male</strong></span> <span class='ocrx_word' id='word_1_12' title='bbox 760 391 822 458; x_wconf 87' lang='lat' dir='ltr'><strong>est,</strong></span> <span class='ocrx_word' id='word_1_13' title='bbox 846 382 911 441; x_wconf 92' lang='lat' dir='ltr'><strong>hilis</strong></span> <span class='ocrx_word' id='word_1_14' title='bbox 929 384 1084 452; x_wconf 67' lang='lat' dir='ltr'><strong>evomitum</strong></span> 
     </span>
     <span class='ocr_line' id='line_1_3' title="bbox 92 463 1085 544; baseline 0 -18"><span class='ocrx_word' id='word_1_15' title='bbox 92 464 232 526; x_wconf 90' lang='lat' dir='ltr'><strong>interdum</strong></span> <span class='ocrx_word' id='word_1_16' title='bbox 253 467 395 542; x_wconf 86' lang='lat' dir='ltr'><strong>singultus</strong></span> <span class='ocrx_word' id='word_1_17' title='bbox 418 482 512 543; x_wconf 83' lang='lat' dir='ltr'><strong>prope</strong></span> <span class='ocrx_word' id='word_1_18' title='bbox 533 464 700 540; x_wconf 75' lang='lat' dir='ltr'><strong>strangulat.</strong></span> <span class='ocrx_word' id='word_1_19' title='bbox 734 463 771 523; x_wconf 81' lang='lat' dir='ltr'><strong>Et</strong></span> <span class='ocrx_word' id='word_1_20' title='bbox 793 465 865 525; x_wconf 86' lang='lat' dir='ltr'><strong>haec</strong></span> <span class='ocrx_word' id='word_1_21' title='bbox 881 465 994 544; x_wconf 89' lang='lat' dir='ltr'><strong>quidem</strong></span> <span class='ocrx_word' id='word_1_22' title='bbox 1009 469 1085 527; x_wconf 89' lang='lat' dir='ltr'><strong>acuti</strong></span> 
     </span>
     <span class='ocr_line' id='line_1_4' title="bbox 91 547 1083 625; baseline -0.002 -16"><span class='ocrx_word' id='word_1_23' title='bbox 91 548 182 609; x_wconf 83' lang='lat' dir='ltr'>morbi</span> <span class='ocrx_word' id='word_1_24' title='bbox 199 560 272 607; x_wconf 90' lang='lat' dir='ltr'><strong>sunt.</strong></span> <span class='ocrx_word' id='word_1_25' title='bbox 308 548 458 625; x_wconf 86' lang='lat' dir='ltr'><strong>Longioris</strong></span> <span class='ocrx_word' id='word_1_26' title='bbox 474 564 561 623; x_wconf 86' lang='lat' dir='ltr'><strong>vero,</strong></span> <span class='ocrx_word' id='word_1_27' title='bbox 584 547 631 606; x_wconf 92' lang='lat' dir='ltr'><strong>ubi</strong></span> <span class='ocrx_word' id='word_1_28' title='bbox 648 550 816 625; x_wconf 89' lang='lat' dir='ltr'><strong>suppuratio</strong></span> <span class='ocrx_word' id='word_1_29' title='bbox 835 550 863 607; x_wconf 95' lang='lat' dir='ltr'><strong>in</strong></span> <span class='ocrx_word' id='word_1_30' title='bbox 873 550 1008 625; x_wconf 81' lang='lat' dir='ltr'><strong>jecinore</strong></span> <span class='ocrx_word' id='word_1_31' title='bbox 1025 559 1083 619; x_wconf 88' lang='lat' dir='ltr'><strong>est;</strong></span> 
     </span>
     <span class='ocr_line' id='line_1_5' title="bbox 92 631 1084 711; baseline -0.002 -17"><span class='ocrx_word' id='word_1_32' title='bbox 92 633 235 711; x_wconf 91' lang='lat' dir='ltr'><strong>dolorque</strong></span> <span class='ocrx_word' id='word_1_33' title='bbox 256 633 341 692; x_wconf 94' lang='lat' dir='ltr'><strong>modo</strong></span> <span class='ocrx_word' id='word_1_34' title='bbox 357 633 466 709; x_wconf 84' lang='lat' dir='ltr'><strong>linitur,</strong></span> <span class='ocrx_word' id='word_1_35' title='bbox 488 631 573 690; x_wconf 91' lang='lat' dir='ltr'><strong>modo</strong></span> <span class='ocrx_word' id='word_1_36' title='bbox 590 632 759 698; x_wconf 91' lang='lat' dir='ltr'><strong>intenditur;</strong></span> <span class='ocrx_word' id='word_1_37' title='bbox 784 632 886 691; x_wconf 87' lang='lat' dir='ltr'><strong>dextra</strong></span> <span class='ocrx_word' id='word_1_38' title='bbox 902 641 983 710; x_wconf 88' lang='lat' dir='ltr'><strong>parte</strong></span> <span class='ocrx_word' id='word_1_39' title='bbox 1000 651 1084 710; x_wconf 87' lang='lat' dir='ltr'><strong>prae·</strong></span> 
     </span>
     <span class='ocr_line' id='line_1_6' title="bbox 64 715 1084 794; baseline -0.001 -18"><span class='ocrx_word' id='word_1_40' title='bbox 64 743 77 780; x_wconf 86' lang='lat'><strong>5</strong></span> <span class='ocrx_word' id='word_1_41' title='bbox 93 717 190 776; x_wconf 87' lang='lat' dir='ltr'><strong>cordia</strong></span> <span class='ocrx_word' id='word_1_42' title='bbox 209 715 277 775; x_wconf 91' lang='lat' dir='ltr'><strong>dura</strong></span> <span class='ocrx_word' id='word_1_43' title='bbox 300 726 379 792; x_wconf 89' lang='lat' dir='ltr'><strong>sunt,</strong></span> <span class='ocrx_word' id='word_1_44' title='bbox 404 726 433 776; x_wconf 87' lang='lat' dir='ltr'><strong>et</strong></span> <span class='ocrx_word' id='word_1_45' title='bbox 450 725 572 783; x_wconf 92' lang='lat' dir='ltr'><strong>tument;</strong></span> <span class='ocrx_word' id='word_1_46' title='bbox 596 726 663 793; x_wconf 91' lang='lat' dir='ltr'><strong>post</strong></span> <span class='ocrx_word' id='word_1_47' title='bbox 682 715 774 774; x_wconf 86' lang='lat' dir='ltr'><strong>cibum</strong></span> <span class='ocrx_word' id='word_1_48' title='bbox 793 718 884 791; x_wconf 90' lang='lat' dir='ltr'><strong>major</strong></span> <span class='ocrx_word' id='word_1_49' title='bbox 900 717 1016 794; x_wconf 91' lang='lat' dir='ltr'><strong>spiritus</strong></span> <span class='ocrx_word' id='word_1_50' title='bbox 1032 716 1084 775; x_wconf 89' lang='lat' dir='ltr'><strong>dii·</strong></span> 
     </span>
     <span class='ocr_line' id='line_1_7' title="bbox 93 799 1084 877; baseline -0.002 -17"><span class='ocrx_word' id='word_1_51' title='bbox 93 800 206 860; x_wconf 85' lang='lat' dir='ltr'><strong>licultns</strong></span> <span class='ocrx_word' id='word_1_52' title='bbox 223 810 283 867; x_wconf 92' lang='lat' dir='ltr'><strong>est;</strong></span> <span class='ocrx_word' id='word_1_53' title='bbox 308 800 421 859; x_wconf 89' lang='lat' dir='ltr'><strong>accedit</strong></span> <span class='ocrx_word' id='word_1_54' title='bbox 436 800 613 859; x_wconf 82' lang='lat' dir='ltr'><strong>maxillarum</strong></span> <span class='ocrx_word' id='word_1_55' title='bbox 633 799 772 877; x_wconf 88' lang='lat' dir='ltr'><strong>quaedam</strong></span> <span class='ocrx_word' id='word_1_56' title='bbox 787 801 937 859; x_wconf 88' lang='lat' dir='ltr'><strong>resolutio.</strong></span> <span class='ocrx_word' id='word_1_57' title='bbox 972 799 1028 859; x_wconf 89' lang='lat' dir='ltr'><strong>Ubi</strong></span> <span class='ocrx_word' id='word_1_58' title='bbox 1045 801 1084 859; x_wconf 92' lang='lat' dir='ltr'><strong>iu·</strong></span> 
     </span>
     <span class='ocr_line' id='line_1_8' title="bbox 91 884 1083 962; baseline -0.001 -17"><span class='ocrx_word' id='word_1_59' title='bbox 91 885 234 945; x_wconf 86' lang='lat' dir='ltr'><strong>veteravit</strong></span> <span class='ocrx_word' id='word_1_60' title='bbox 260 885 380 959; x_wconf 92' lang='lat' dir='ltr'><strong>malum,</strong></span> <span class='ocrx_word' id='word_1_61' title='bbox 411 893 512 943; x_wconf 90' lang='lat' dir='ltr'><strong>venter</strong></span> <span class='ocrx_word' id='word_1_62' title='bbox 538 892 567 942; x_wconf 88' lang='lat' dir='ltr'><strong>et</strong></span> <span class='ocrx_word' id='word_1_63' title='bbox 595 901 678 943; x_wconf 85' lang='lat' dir='ltr'><strong>crura</strong></span> <span class='ocrx_word' id='word_1_64' title='bbox 703 884 853 962; x_wconf 85' lang='lat' dir='ltr'><strong>pedesque</strong></span> <span class='ocrx_word' id='word_1_65' title='bbox 880 885 1083 952; x_wconf 79' lang='lat' dir='ltr'><strong>intumescunt:</strong></span> 
     </span>
     <span class='ocr_line' id='line_1_9' title="bbox 91 967 1083 1047; baseline 0.001 -21"><span class='ocrx_word' id='word_1_66' title='bbox 91 976 194 1047; x_wconf 89' lang='lat' dir='ltr'><strong>pectus</strong></span> <span class='ocrx_word' id='word_1_67' title='bbox 210 977 296 1045; x_wconf 89' lang='lat' dir='ltr'><strong>atque</strong></span> <span class='ocrx_word' id='word_1_68' title='bbox 309 969 436 1042; x_wconf 83' lang='lat' dir='ltr'><strong>humeri,</strong></span> <span class='ocrx_word' id='word_1_69' title='bbox 453 969 589 1045; x_wconf 86' lang='lat' dir='ltr'><strong>circaque</strong></span> <span class='ocrx_word' id='word_1_70' title='bbox 596 967 727 1043; x_wconf 91' lang='lat' dir='ltr'><strong>jugulum</strong></span> <span class='ocrx_word' id='word_1_71' title='bbox 739 977 888 1046; x_wconf 89' lang='lat' dir='ltr'><strong>utrumque</strong></span> <span class='ocrx_word' id='word_1_72' title='bbox 903 977 1083 1029; x_wconf 86' lang='lat' dir='ltr'><strong>extenuatur.</strong></span> 
     </span>
     <span class='ocr_line' id='line_1_10' title="bbox 91 1051 1084 1128; baseline -0.001 -16"><span class='ocrx_word' id='word_1_73' title='bbox 91 1052 174 1112; x_wconf 91' lang='lat' dir='ltr'><strong>lnitio</strong></span> <span class='ocrx_word' id='word_1_74' title='bbox 191 1054 358 1127; x_wconf 92' lang='lat' dir='ltr'><strong>sanguinem</strong></span> <span class='ocrx_word' id='word_1_75' title='bbox 374 1054 487 1111; x_wconf 89' lang='lat' dir='ltr'><strong>mittere</strong></span> <span class='ocrx_word' id='word_1_76' title='bbox 505 1052 640 1128; x_wconf 91' lang='lat' dir='ltr'><strong>optimum</strong></span> <span class='ocrx_word' id='word_1_77' title='bbox 657 1061 717 1118; x_wconf 87' lang='lat' dir='ltr'><strong>est;</strong></span> <span class='ocrx_word' id='word_1_78' title='bbox 735 1061 792 1111; x_wconf 90' lang='lat' dir='ltr'><strong>tum</strong></span> <span class='ocrx_word' id='word_1_79' title='bbox 807 1060 911 1111; x_wconf 89' lang='lat' dir='ltr'><strong>uenter</strong></span> <span class='ocrx_word' id='word_1_80' title='bbox 927 1051 1084 1111; x_wconf 87' lang='lat' dir='ltr'><strong>solvendus</strong></span> 
     </span>
     <span class='ocr_line' id='line_1_11' title="bbox 57 1129 1085 1214; baseline -0.002 -16"><span class='ocrx_word' id='word_1_81' title='bbox 57 1146 154 1210; x_wconf 84' lang='lat' dir='ltr'><strong>aoest,</strong></span> <span class='ocrx_word' id='word_1_82' title='bbox 174 1137 198 1193; x_wconf 91' lang='lat' dir='ltr'><strong>si</strong></span> <span class='ocrx_word' id='word_1_83' title='bbox 221 1153 278 1194; x_wconf 93' lang='lat' dir='ltr'><strong>nou</strong></span> <span class='ocrx_word' id='word_1_84' title='bbox 298 1145 396 1214; x_wconf 87' lang='lat' dir='ltr'><strong>potest</strong></span> <span class='ocrx_word' id='word_1_85' title='bbox 416 1136 515 1211; x_wconf 87' lang='lat' dir='ltr'><strong>aliter,</strong></span> <span class='ocrx_word' id='word_1_86' title='bbox 541 1153 594 1213; x_wconf 93' lang='lat' dir='ltr'><strong>per</strong></span> <span class='ocrx_word' id='word_1_87' title='bbox 607 1136 718 1212; x_wconf 84' lang='lat' dir='ltr'><strong>nigrum</strong></span> <span class='ocrx_word' id='word_1_88' title='bbox 735 1129 893 1195; x_wconf 84' lang='lat' dir='ltr'><strong>veratrum:</strong></span> <span class='ocrx_word' id='word_1_89' title='bbox 914 1135 1085 1213; x_wconf 90' lang='lat' dir='ltr'><strong>imponenda</strong></span> 
     </span>
     <span class='ocr_line' id='line_1_12' title="bbox 92 1219 1084 1299; baseline 0 -19"><span class='ocrx_word' id='word_1_90' title='bbox 92 1221 274 1280; x_wconf 82' lang='lat' dir='ltr'><strong>extrinsecus</strong></span> <span class='ocrx_word' id='word_1_91' title='bbox 297 1220 516 1297; x_wconf 88' lang='lat' dir='ltr'><strong>cataplasmata,</strong></span> <span class='ocrx_word' id='word_1_92' title='bbox 542 1219 661 1297; x_wconf 90' lang='lat' dir='ltr'><strong>primum</strong></span> <span class='ocrx_word' id='word_1_93' title='bbox 686 1238 759 1299; x_wconf 87' lang='lat' dir='ltr'><strong>quae</strong></span> <span class='ocrx_word' id='word_1_94' title='bbox 780 1221 952 1297; x_wconf 86' lang='lat' dir='ltr'><strong>reprimant,</strong></span> <span class='ocrx_word' id='word_1_95' title='bbox 979 1219 1084 1280; x_wconf 88' lang='lat' dir='ltr'><strong>deinde</strong></span> 
     </span>
     <span class='ocr_line' id='line_1_13' title="bbox 49 1302 1084 1382; baseline 0.001 -19"><span class='ocrx_word' id='word_1_96' title='bbox 49 1376 51 1378; x_wconf 7' lang='lat' dir='ltr'>v</span> <span class='ocrx_word' id='word_1_97' title='bbox 92 1303 200 1380; x_wconf 88' lang='lat' dir='ltr'><strong>calida,</strong></span> <span class='ocrx_word' id='word_1_98' title='bbox 225 1322 298 1381; x_wconf 92' lang='lat' dir='ltr'><strong>quae</strong></span> <span class='ocrx_word' id='word_1_99' title='bbox 322 1303 467 1373; x_wconf 89' lang='lat' dir='ltr'><strong>diducant;</strong></span> <span class='ocrx_word' id='word_1_100' title='bbox 490 1303 593 1382; x_wconf 90' lang='lat' dir='ltr'><strong>quibus</strong></span> <span class='ocrx_word' id='word_1_101' title='bbox 617 1311 698 1362; x_wconf 86' lang='lat' dir='ltr'><strong>recte</strong></span> <span class='ocrx_word' id='word_1_102' title='bbox 721 1305 771 1363; x_wconf 90' lang='lat' dir='ltr'><strong>iris</strong></span> <span class='ocrx_word' id='word_1_103' title='bbox 786 1303 833 1362; x_wconf 83' lang='lat' dir='ltr'><strong>vel</strong></span> <span class='ocrx_word' id='word_1_104' title='bbox 850 1302 1020 1363; x_wconf 80' lang='lat' dir='ltr'><strong>absinthium</strong></span> <span class='ocrx_word' id='word_1_105' title='bbox 1035 1303 1084 1364; x_wconf 95' lang='lat' dir='ltr'><strong>ad·</strong></span> 
     </span>
     <span class='ocr_line' id='line_1_14' title="bbox 87 1386 1084 1465; baseline 0.001 -20"><span class='ocrx_word' id='word_1_106' title='bbox 87 1388 200 1463; x_wconf 87' lang='lat' dir='ltr'><strong>jioitur:</strong></span> <span class='ocrx_word' id='word_1_107' title='bbox 222 1397 289 1465; x_wconf 92' lang='lat' dir='ltr'><strong>post</strong></span> <span class='ocrx_word' id='word_1_108' title='bbox 311 1386 384 1445; x_wconf 91' lang='lat' dir='ltr'><strong>haec</strong></span> <span class='ocrx_word' id='word_1_109' title='bbox 409 1387 557 1463; x_wconf 82' lang='lat' dir='ltr'><strong>malagma.</strong></span> <span class='ocrx_word' id='word_1_110' title='bbox 595 1387 713 1447; x_wconf 89' lang='lat' dir='ltr'><strong>Dandae</strong></span> <span class='ocrx_word' id='word_1_111' title='bbox 734 1405 805 1446; x_wconf 83' lang='lat' dir='ltr'><strong>vero</strong></span> <span class='ocrx_word' id='word_1_112' title='bbox 821 1387 995 1447; x_wconf 75' lang='lat' dir='ltr'><strong>sorbitiones</strong></span> <span class='ocrx_word' id='word_1_113' title='bbox 1012 1396 1084 1464; x_wconf 89' lang='lat' dir='ltr'><strong>sunt,</strong></span> 
     </span>
     <span class='ocr_line' id='line_1_15' title="bbox 92 1470 1083 1549; baseline -0.001 -19"><span class='ocrx_word' id='word_1_114' title='bbox 92 1489 251 1549; x_wconf 91' lang='lat' dir='ltr'><strong>omnesque</strong></span> <span class='ocrx_word' id='word_1_115' title='bbox 274 1471 330 1529; x_wconf 93' lang='lat' dir='ltr'><strong>cibi</strong></span> <span class='ocrx_word' id='word_1_116' title='bbox 354 1480 383 1529; x_wconf 91' lang='lat' dir='ltr'><strong>et</strong></span> <span class='ocrx_word' id='word_1_117' title='bbox 405 1470 507 1547; x_wconf 87' lang='lat' dir='ltr'><strong>calidi,</strong></span> <span class='ocrx_word' id='word_1_118' title='bbox 530 1472 627 1549; x_wconf 89' lang='lat' dir='ltr'><strong>etqui</strong></span> <span class='ocrx_word' id='word_1_119' title='bbox 649 1489 705 1530; x_wconf 94' lang='lat' dir='ltr'><strong>non</strong></span> <span class='ocrx_word' id='word_1_120' title='bbox 725 1472 839 1530; x_wconf 91' lang='lat' dir='ltr'><strong>multum</strong></span> <span class='ocrx_word' id='word_1_121' title='bbox 862 1471 955 1547; x_wconf 89' lang='lat' dir='ltr'><strong>alunt,</strong></span> <span class='ocrx_word' id='word_1_122' title='bbox 977 1480 1006 1530; x_wconf 89' lang='lat' dir='ltr'><strong>et</strong></span> <span class='ocrx_word' id='word_1_123' title='bbox 1020 1471 1083 1530; x_wconf 86' lang='lat' dir='ltr'><strong>iere</strong></span> 
     </span>
     <span class='ocr_line' id='line_1_16' title="bbox 59 1554 1084 1633; baseline -0.001 -20"><span class='ocrx_word' id='word_1_124' title='bbox 59 1581 81 1620; x_wconf 74' lang='lat'><strong>15</strong></span> <span class='ocrx_word' id='word_1_125' title='bbox 94 1558 140 1633; x_wconf 91' lang='lat' dir='ltr'><strong>qui</strong></span> <span class='ocrx_word' id='word_1_126' title='bbox 157 1555 299 1632; x_wconf 90' lang='lat' dir='ltr'><strong>pulmonis</strong></span> <span class='ocrx_word' id='word_1_127' title='bbox 315 1573 430 1633; x_wconf 94' lang='lat' dir='ltr'><strong>quoque</strong></span> <span class='ocrx_word' id='word_1_128' title='bbox 447 1554 540 1614; x_wconf 91' lang='lat' dir='ltr'><strong>dolori</strong></span> <span class='ocrx_word' id='word_1_129' title='bbox 554 1557 740 1621; x_wconf 91' lang='lat' dir='ltr'><strong>conveniunt;</strong></span> <span class='ocrx_word' id='word_1_130' title='bbox 759 1564 935 1633; x_wconf 80' lang='lat' dir='ltr'><strong>praeterque</strong></span> <span class='ocrx_word' id='word_1_131' title='bbox 949 1572 1018 1629; x_wconf 91' lang='lat' dir='ltr'><strong>eos,</strong></span> <span class='ocrx_word' id='word_1_132' title='bbox 1037 1556 1084 1633; x_wconf 92' lang='lat' dir='ltr'><strong>qui</strong></span> 
     </span>
    </p>
   </div>
   <div class='ocr_carea' id='block_1_3' title="bbox 92 1637 1193 1716">
    <p class='ocr_par' dir='ltr' id='par_1_3' title="bbox 92 1637 1193 1716">
     <span class='ocr_line' id='line_1_17' title="bbox 92 1637 1193 1716; baseline -0.003 -18"><span class='ocrx_word' id='word_1_133' title='bbox 92 1641 200 1698; x_wconf 89' lang='lat' dir='ltr'><strong>urinam</strong></span> <span class='ocrx_word' id='word_1_134' title='bbox 219 1647 353 1713; x_wconf 91' lang='lat' dir='ltr'><strong>movent,</strong></span> <span class='ocrx_word' id='word_1_135' title='bbox 377 1640 569 1716; x_wconf 76' lang='lat' dir='ltr'><strong>potionesque</strong></span> <span class='ocrx_word' id='word_1_136' title='bbox 590 1638 626 1697; x_wconf 89' lang='lat' dir='ltr'><strong>ad</strong></span> <span class='ocrx_word' id='word_1_137' title='bbox 648 1638 675 1697; x_wconf 93' lang='lat' dir='ltr'><strong>id</strong></span> <span class='ocrx_word' id='word_1_138' title='bbox 700 1638 848 1697; x_wconf 84' lang='lat' dir='ltr'><strong>efficaces.</strong></span> <span class='ocrx_word' id='word_1_139' title='bbox 882 1637 969 1697; x_wconf 93' lang='lat' dir='ltr'><strong>Utilia</strong></span> <span class='ocrx_word' id='word_1_140' title='bbox 985 1639 1012 1696; x_wconf 92' lang='lat' dir='ltr'><strong>in</strong></span> <span class='ocrx_word' id='word_1_141' title='bbox 1028 1638 1085 1696; x_wconf 93' lang='lat' dir='ltr'><strong>hoc</strong></span> <span class='ocrx_word' id='word_1_142' title='bbox 1191 1705 1193 1710; x_wconf 67' lang='lat'><strong>,</strong></span> 
     </span>
    </p>
   </div>
   <div class='ocr_carea' id='block_1_4' title="bbox 57 1722 1085 2806">
    <p class='ocr_par' dir='ltr' id='par_1_4' title="bbox 57 1722 1085 2806">
     <span class='ocr_line' id='line_1_18' title="bbox 92 1722 1083 1799; baseline -0.005 -17"><span class='ocrx_word' id='word_1_143' title='bbox 92 1724 194 1783; x_wconf 93' lang='lat' dir='ltr'><strong>morbo</strong></span> <span class='ocrx_word' id='word_1_144' title='bbox 213 1732 277 1781; x_wconf 89' lang='lat' dir='ltr'><strong>sunt</strong></span> <span class='ocrx_word' id='word_1_145' title='bbox 297 1722 440 1796; x_wconf 75' lang='lat' dir='ltr'><strong>thymum,</strong></span> <span class='ocrx_word' id='word_1_146' title='bbox 463 1724 603 1796; x_wconf 83' lang='lat' dir='ltr'><strong>satureia,</strong></span> <span class='ocrx_word' id='word_1_147' title='bbox 626 1722 798 1799; x_wconf 83' lang='lat' dir='ltr'><strong>hyssopum,</strong></span> <span class='ocrx_word' id='word_1_148' title='bbox 820 1731 941 1799; x_wconf 89' lang='lat' dir='ltr'><strong>nepeta,</strong></span> <span class='ocrx_word' id='word_1_149' title='bbox 965 1723 1083 1794; x_wconf 91' lang='lat' dir='ltr'><strong>anisum,</strong></span> 
     </span>
     <span class='ocr_line' id='line_1_19' title="bbox 93 1802 1083 1883; baseline -0.005 -18"><span class='ocrx_word' id='word_1_150' title='bbox 93 1825 254 1883; x_wconf 89' lang='lat' dir='ltr'><strong>sesamum,</strong></span> <span class='ocrx_word' id='word_1_151' title='bbox 276 1805 346 1865; x_wconf 91' lang='lat' dir='ltr'><strong>lauri</strong></span> <span class='ocrx_word' id='word_1_152' title='bbox 368 1805 492 1880; x_wconf 88' lang='lat' dir='ltr'><strong>baccae,</strong></span> <span class='ocrx_word' id='word_1_153' title='bbox 519 1807 578 1883; x_wconf 91' lang='lat' dir='ltr'><strong>pini</strong></span> <span class='ocrx_word' id='word_1_154' title='bbox 600 1803 654 1863; x_wconf 84' lang='lat' dir='ltr'><strong>flos</strong></span> <span class='ocrx_word' id='word_1_155' title='bbox 676 1803 794 1882; x_wconf 67' lang='lat' dir='ltr'><strong>(foliot</strong></span> <span class='ocrx_word' id='word_1_156' title='bbox 818 1804 855 1863; x_wconf 87' lang='lat' dir='ltr'><strong>oi.</strong></span> <span class='ocrx_word' id='word_1_157' title='bbox 879 1802 959 1864; x_wconf 83' lang='lat' dir='ltr'><strong>Cael.</strong></span> <span class='ocrx_word' id='word_1_158' title='bbox 984 1802 1083 1862; x_wconf 81' lang='lat' dir='ltr'><strong>horel.</strong></span> 
     </span>
     <span class='ocr_line' id='line_1_20' title="bbox 96 1887 1085 1966; baseline -0.006 -17"><span class='ocrx_word' id='word_1_159' title='bbox 96 1888 236 1951; x_wconf 73' lang='lat' dir='ltr'><strong>Chaonio.</strong></span> <span class='ocrx_word' id='word_1_160' title='bbox 254 1889 304 1965; x_wconf 92' lang='lat' dir='ltr'><strong>lll,</strong></span> <span class='ocrx_word' id='word_1_161' title='bbox 321 1892 357 1958; x_wconf 82' lang='grc'><strong>4;</strong></span> <span class='ocrx_word' id='word_1_162' title='bbox 378 1889 476 1948; x_wconf 90' lang='lat' dir='ltr'><strong>Dioso.</strong></span> <span class='ocrx_word' id='word_1_163' title='bbox 494 1887 517 1964; x_wconf 88' lang='lat' dir='ltr'><strong>l,</strong></span> <span class='ocrx_word' id='word_1_164' title='bbox 534 1889 602 1966; x_wconf 80' lang='lat'><strong>74),</strong></span> <span class='ocrx_word' id='word_1_165' title='bbox 620 1887 710 1948; x_wconf 90' lang='lat' dir='ltr'><strong>herba</strong></span> <span class='ocrx_word' id='word_1_166' title='bbox 726 1888 912 1965; x_wconf 85' lang='lat' dir='ltr'><strong>sanguinalis,</strong></span> <span class='ocrx_word' id='word_1_167' title='bbox 929 1896 1032 1963; x_wconf 89' lang='lat' dir='ltr'><strong>menta,</strong></span> <span class='ocrx_word' id='word_1_168' title='bbox 1049 1904 1085 1944; x_wconf 86' lang='lat' dir='ltr'><strong>ex</strong></span> 
     </span>
     <span class='ocr_line' id='line_1_21' title="bbox 58 1971 1083 2048; baseline -0.008 -13"><span class='ocrx_word' id='word_1_169' title='bbox 58 1996 84 2035; x_wconf 79' lang='lat' dir='ltr'><strong>ao</strong></span> <span class='ocrx_word' id='word_1_170' title='bbox 94 1972 168 2032; x_wconf 86' lang='lat' dir='ltr'><strong>malo</strong></span> <span class='ocrx_word' id='word_1_171' title='bbox 192 1984 316 2033; x_wconf 88' lang='lat' dir='ltr'><strong>cotoneo</strong></span> <span class='ocrx_word' id='word_1_172' title='bbox 339 1974 475 2048; x_wconf 91' lang='lat' dir='ltr'><strong>medium,</strong></span> <span class='ocrx_word' id='word_1_173' title='bbox 497 1971 647 2031; x_wconf 90' lang='lat' dir='ltr'><strong>columbae</strong></span> <span class='ocrx_word' id='word_1_174' title='bbox 666 1973 751 2047; x_wconf 91' lang='lat' dir='ltr'><strong>jeour</strong></span> <span class='ocrx_word' id='word_1_175' title='bbox 774 1990 878 2030; x_wconf 90' lang='lat' dir='ltr'><strong>recens</strong></span> <span class='ocrx_word' id='word_1_176' title='bbox 899 1981 928 2031; x_wconf 92' lang='lat' dir='ltr'><strong>et</strong></span> <span class='ocrx_word' id='word_1_177' title='bbox 953 1971 1083 2028; x_wconf 90' lang='lat' dir='ltr'><strong>crudum:</strong></span> 
     </span>
     <span class='ocr_line' id='line_1_22' title="bbox 94 2054 1083 2137; baseline -0.006 -21"><span class='ocrx_word' id='word_1_178' title='bbox 94 2077 131 2116; x_wconf 89' lang='lat' dir='ltr'><strong>ex</strong></span> <span class='ocrx_word' id='word_1_179' title='bbox 157 2058 258 2137; x_wconf 91' lang='lat' dir='ltr'><strong>quibus</strong></span> <span class='ocrx_word' id='word_1_180' title='bbox 282 2056 419 2134; x_wconf 90' lang='lat' dir='ltr'><strong>quaedam</strong></span> <span class='ocrx_word' id='word_1_181' title='bbox 437 2074 490 2133; x_wconf 93' lang='lat' dir='ltr'><strong>per</strong></span> <span class='ocrx_word' id='word_1_182' title='bbox 506 2075 538 2115; x_wconf 93' lang='lat' dir='ltr'><strong>se</strong></span> <span class='ocrx_word' id='word_1_183' title='bbox 555 2073 638 2132; x_wconf 89' lang='lat' dir='ltr'><strong>esse,</strong></span> <span class='ocrx_word' id='word_1_184' title='bbox 663 2056 800 2133; x_wconf 89' lang='lat' dir='ltr'><strong>quaedam</strong></span> <span class='ocrx_word' id='word_1_185' title='bbox 816 2056 943 2132; x_wconf 84' lang='lat' dir='ltr'><strong>adjicere</strong></span> <span class='ocrx_word' id='word_1_186' title='bbox 960 2054 1006 2112; x_wconf 87' lang='lat' dir='ltr'><strong>vel</strong></span> <span class='ocrx_word' id='word_1_187' title='bbox 1023 2071 1083 2111; x_wconf 89' lang='lat' dir='ltr'><strong>sor·</strong></span> 
     </span>
     <span class='ocr_line' id='line_1_23' title="bbox 94 2141 1084 2218; baseline -0.007 -17"><span class='ocrx_word' id='word_1_188' title='bbox 94 2142 209 2216; x_wconf 91' lang='lat' dir='ltr'><strong>bitioni,</strong></span> <span class='ocrx_word' id='word_1_189' title='bbox 232 2142 280 2201; x_wconf 86' lang='lat' dir='ltr'><strong>vel</strong></span> <span class='ocrx_word' id='word_1_190' title='bbox 302 2143 411 2218; x_wconf 90' lang='lat' dir='ltr'><strong>potioni</strong></span> <span class='ocrx_word' id='word_1_191' title='bbox 437 2141 519 2207; x_wconf 90' lang='lat' dir='ltr'><strong>licet;</strong></span> <span class='ocrx_word' id='word_1_192' title='bbox 542 2141 584 2198; x_wconf 91' lang='lat' dir='ltr'><strong>sic</strong></span> <span class='ocrx_word' id='word_1_193' title='bbox 607 2149 717 2213; x_wconf 90' lang='lat' dir='ltr'><strong>tamen,</strong></span> <span class='ocrx_word' id='word_1_194' title='bbox 741 2149 771 2198; x_wconf 93' lang='lat' dir='ltr'><strong>ut</strong></span> <span class='ocrx_word' id='word_1_195' title='bbox 791 2158 879 2217; x_wconf 89' lang='lat' dir='ltr'><strong>parce</strong></span> <span class='ocrx_word' id='word_1_196' title='bbox 897 2146 1084 2198; x_wconf 87' lang='lat' dir='ltr'><strong>assumantur.</strong></span> 
     </span>
     <span class='ocr_line' id='line_1_24' title="bbox 92 2223 1084 2303; baseline -0.003 -21"><span class='ocrx_word' id='word_1_197' title='bbox 92 2225 193 2303; x_wconf 92' lang='lat' dir='ltr'><strong>Neque</strong></span> <span class='ocrx_word' id='word_1_198' title='bbox 210 2225 332 2284; x_wconf 91' lang='lat' dir='ltr'><strong>alienum</strong></span> <span class='ocrx_word' id='word_1_199' title='bbox 349 2234 407 2300; x_wconf 90' lang='lat' dir='ltr'><strong>est,</strong></span> <span class='ocrx_word' id='word_1_200' title='bbox 425 2224 594 2283; x_wconf 88' lang='lat' dir='ltr'><strong>absinthium</strong></span> <span class='ocrx_word' id='word_1_201' title='bbox 612 2226 760 2283; x_wconf 91' lang='lat' dir='ltr'><strong>contritum</strong></span> <span class='ocrx_word' id='word_1_202' title='bbox 777 2243 814 2282; x_wconf 85' lang='lat' dir='ltr'><strong>ex</strong></span> <span class='ocrx_word' id='word_1_203' title='bbox 829 2224 916 2283; x_wconf 92' lang='lat' dir='ltr'><strong>melle</strong></span> <span class='ocrx_word' id='word_1_204' title='bbox 930 2231 958 2281; x_wconf 90' lang='lat' dir='ltr'><strong>et</strong></span> <span class='ocrx_word' id='word_1_205' title='bbox 970 2223 1084 2300; x_wconf 88' lang='lat' dir='ltr'><strong>pipere,</strong></span> 
     </span>
     <span class='ocr_line' id='line_1_25' title="bbox 93 2307 1085 2387; baseline -0.004 -20"><span class='ocrx_word' id='word_1_206' title='bbox 93 2311 213 2387; x_wconf 85' lang='lat' dir='ltr'><strong>ejusque</strong></span> <span class='ocrx_word' id='word_1_207' title='bbox 234 2312 407 2386; x_wconf 81' lang='lat' dir='ltr'><strong>catapotium</strong></span> <span class='ocrx_word' id='word_1_208' title='bbox 432 2309 558 2386; x_wconf 89' lang='lat' dir='ltr'><strong>quotidie</strong></span> <span class='ocrx_word' id='word_1_209' title='bbox 577 2308 728 2368; x_wconf 85' lang='lat' dir='ltr'><strong>deuorare.</strong></span> <span class='ocrx_word' id='word_1_210' title='bbox 764 2307 970 2367; x_wconf 80' lang='lat' dir='ltr'><strong>Abstinendum</strong></span> <span class='ocrx_word' id='word_1_211' title='bbox 987 2307 1085 2384; x_wconf 91' lang='lat' dir='ltr'><strong>utique</strong></span> 
     </span>
     <span class='ocr_line' id='line_1_26' title="bbox 57 2391 1085 2470; baseline -0.007 -17"><span class='ocrx_word' id='word_1_212' title='bbox 57 2415 83 2467; x_wconf 73' lang='lat'><strong>2⁵</strong></span> <span class='ocrx_word' id='word_1_213' title='bbox 96 2403 139 2450; x_wconf 90' lang='lat' dir='ltr'><strong>est</strong></span> <span class='ocrx_word' id='word_1_214' title='bbox 162 2393 197 2451; x_wconf 90' lang='lat' dir='ltr'><strong>ab</strong></span> <span class='ocrx_word' id='word_1_215' title='bbox 221 2392 351 2451; x_wconf 92' lang='lat' dir='ltr'><strong>omnibus</strong></span> <span class='ocrx_word' id='word_1_216' title='bbox 372 2393 499 2469; x_wconf 86' lang='lat' dir='ltr'><strong>frigidis:</strong></span> <span class='ocrx_word' id='word_1_217' title='bbox 529 2411 622 2470; x_wconf 92' lang='lat' dir='ltr'><strong>neque</strong></span> <span class='ocrx_word' id='word_1_218' title='bbox 646 2394 719 2453; x_wconf 90' lang='lat' dir='ltr'><strong>enim</strong></span> <span class='ocrx_word' id='word_1_219' title='bbox 741 2413 789 2452; x_wconf 91' lang='lat' dir='ltr'><strong>res</strong></span> <span class='ocrx_word' id='word_1_220' title='bbox 812 2393 869 2452; x_wconf 92' lang='lat' dir='ltr'><strong>ulla</strong></span> <span class='ocrx_word' id='word_1_221' title='bbox 890 2392 980 2467; x_wconf 90' lang='lat' dir='ltr'><strong>magis</strong></span> <span class='ocrx_word' id='word_1_222' title='bbox 1000 2391 1085 2465; x_wconf 87' lang='lat' dir='ltr'><strong>jecur</strong></span> 
     </span>
     <span class='ocr_line' id='line_1_27' title="bbox 95 2474 1085 2555; baseline -0.004 -21"><span class='ocrx_word' id='word_1_223' title='bbox 95 2477 191 2534; x_wconf 89' lang='lat' dir='ltr'><strong>laedit.</strong></span> <span class='ocrx_word' id='word_1_224' title='bbox 223 2476 416 2535; x_wconf 81' lang='lat' dir='ltr'><strong>Frictionibus</strong></span> <span class='ocrx_word' id='word_1_225' title='bbox 440 2476 575 2536; x_wconf 90' lang='lat' dir='ltr'><strong>utendum</strong></span> <span class='ocrx_word' id='word_1_226' title='bbox 589 2477 617 2535; x_wconf 93' lang='lat' dir='ltr'><strong>in</strong></span> <span class='ocrx_word' id='word_1_227' title='bbox 634 2480 770 2536; x_wconf 87' lang='lat' dir='ltr'><strong>extremis</strong></span> <span class='ocrx_word' id='word_1_228' title='bbox 786 2476 931 2555; x_wconf 87' lang='lat' dir='ltr'><strong>partibus;</strong></span> <span class='ocrx_word' id='word_1_229' title='bbox 954 2474 1085 2534; x_wconf 87' lang='lat' dir='ltr'><strong>vitandus</strong></span> 
     </span>
     <span class='ocr_line' id='line_1_28' title="bbox 94 2557 1085 2639; baseline -0.002 -22"><span class='ocrx_word' id='word_1_230' title='bbox 94 2561 185 2618; x_wconf 92' lang='lat' dir='ltr'><strong>omnis</strong></span> <span class='ocrx_word' id='word_1_231' title='bbox 208 2559 307 2634; x_wconf 90' lang='lat' dir='ltr'><strong>labor,</strong></span> <span class='ocrx_word' id='word_1_232' title='bbox 333 2561 421 2619; x_wconf 93' lang='lat' dir='ltr'><strong>omnis</strong></span> <span class='ocrx_word' id='word_1_233' title='bbox 445 2560 644 2620; x_wconf 87' lang='lat' dir='ltr'><strong>vehementior</strong></span> <span class='ocrx_word' id='word_1_234' title='bbox 659 2571 766 2627; x_wconf 79' lang='lat' dir='ltr'><strong>motus:</strong></span> <span class='ocrx_word' id='word_1_235' title='bbox 788 2579 823 2619; x_wconf 88' lang='lat' dir='ltr'><strong>ne</strong></span> <span class='ocrx_word' id='word_1_236' title='bbox 839 2562 955 2639; x_wconf 90' lang='lat' dir='ltr'><strong>spiritus</strong></span> <span class='ocrx_word' id='word_1_237' title='bbox 971 2557 1085 2636; x_wconf 90' lang='lat' dir='ltr'><strong>quidem</strong></span> 
     </span>
     <span class='ocr_line' id='line_1_29' title="bbox 94 2644 1085 2723; baseline -0.003 -22"><span class='ocrx_word' id='word_1_238' title='bbox 94 2644 197 2701; x_wconf 91' lang='lat' dir='ltr'><strong>diutius</strong></span> <span class='ocrx_word' id='word_1_239' title='bbox 225 2645 411 2703; x_wconf 90' lang='lat' dir='ltr'><strong>continendus</strong></span> <span class='ocrx_word' id='word_1_240' title='bbox 438 2652 492 2702; x_wconf 89' lang='lat' dir='ltr'><strong>est.</strong></span> <span class='ocrx_word' id='word_1_241' title='bbox 537 2645 598 2719; x_wconf 90' lang='lat' dir='ltr'><strong>lra,</strong></span> <span class='ocrx_word' id='word_1_242' title='bbox 630 2647 800 2722; x_wconf 87' lang='lat' dir='ltr'><strong>trepidatio,</strong></span> <span class='ocrx_word' id='word_1_243' title='bbox 827 2645 953 2723; x_wconf 89' lang='lat' dir='ltr'><strong>pondus,</strong></span> <span class='ocrx_word' id='word_1_244' title='bbox 979 2645 1085 2717; x_wconf 87' lang='lat' dir='ltr'><strong>jactus,</strong></span> 
     </span>
     <span class='ocr_line' id='line_1_30' title="bbox 96 2727 1084 2806; baseline 0.001 -25"><span class='ocrx_word' id='word_1_245' title='bbox 96 2744 198 2782; x_wconf 89' lang='lat' dir='ltr'><strong>cursus</strong></span> <span class='ocrx_word' id='word_1_246' title='bbox 210 2728 321 2786; x_wconf 87' lang='lat' dir='ltr'><strong>inimica</strong></span> <span class='ocrx_word' id='word_1_247' title='bbox 335 2737 409 2786; x_wconf 90' lang='lat' dir='ltr'><strong>sunt.</strong></span> <span class='ocrx_word' id='word_1_248' title='bbox 433 2727 565 2786; x_wconf 89' lang='lat' dir='ltr'><strong>Perlusio</strong></span> <span class='ocrx_word' id='word_1_249' title='bbox 576 2731 707 2804; x_wconf 86' lang='lat' dir='ltr'><strong>corporis</strong></span> <span class='ocrx_word' id='word_1_250' title='bbox 720 2729 805 2787; x_wconf 89' lang='lat' dir='ltr'><strong>multa</strong></span> <span class='ocrx_word' id='word_1_251' title='bbox 818 2729 938 2806; x_wconf 90' lang='lat' dir='ltr'><strong>prodest</strong></span> <span class='ocrx_word' id='word_1_252' title='bbox 950 2745 986 2784; x_wconf 84' lang='lat' dir='ltr'><strong>en</strong></span> <span class='ocrx_word' id='word_1_253' title='bbox 1000 2743 1084 2803; x_wconf 84' lang='lat' dir='ltr'><strong>aqua,</strong></span> 
     </span>
    </p>
   </div>
   <div class='ocr_carea' id='block_1_5' title="bbox 60 2807 1084 3210">
    <p class='ocr_par' dir='ltr' id='par_1_5' title="bbox 60 2807 1084 3210">
     <span class='ocr_line' id='line_1_31' title="bbox 60 2807 1084 2889; baseline -0.002 -22"><span class='ocrx_word' id='word_1_254' title='bbox 60 2828 86 2867; x_wconf 84' lang='lat' dir='ltr'><strong>ao</strong></span> <span class='ocrx_word' id='word_1_255' title='bbox 97 2810 120 2865; x_wconf 92' lang='lat' dir='ltr'><strong>si</strong></span> <span class='ocrx_word' id='word_1_256' title='bbox 137 2807 229 2867; x_wconf 89' lang='lat' dir='ltr'><strong>hiems</strong></span> <span class='ocrx_word' id='word_1_257' title='bbox 245 2820 304 2887; x_wconf 88' lang='lat' dir='ltr'><strong>est,</strong></span> <span class='ocrx_word' id='word_1_258' title='bbox 321 2811 427 2879; x_wconf 89' lang='lat' dir='ltr'><strong>calida;</strong></span> <span class='ocrx_word' id='word_1_259' title='bbox 450 2811 474 2867; x_wconf 90' lang='lat' dir='ltr'><strong>si</strong></span> <span class='ocrx_word' id='word_1_260' title='bbox 489 2821 600 2887; x_wconf 89' lang='lat' dir='ltr'><strong>aestas,</strong></span> <span class='ocrx_word' id='word_1_261' title='bbox 616 2812 729 2889; x_wconf 89' lang='lat' dir='ltr'><strong>tepida:</strong></span> <span class='ocrx_word' id='word_1_262' title='bbox 751 2814 817 2870; x_wconf 90' lang='lat' dir='ltr'><strong>item</strong></span> <span class='ocrx_word' id='word_1_263' title='bbox 834 2809 960 2871; x_wconf 89' lang='lat' dir='ltr'><strong>liberalis</strong></span> <span class='ocrx_word' id='word_1_264' title='bbox 978 2810 1084 2880; x_wconf 89' lang='lat' dir='ltr'><strong>unctio,</strong></span> 
     </span>
     <span class='ocr_line' id='line_1_32' title="bbox 96 2892 1084 2970; baseline -0.002 -21"><span class='ocrx_word' id='word_1_265' title='bbox 96 2901 124 2950; x_wconf 92' lang='lat' dir='ltr'><strong>et</strong></span> <span class='ocrx_word' id='word_1_266' title='bbox 150 2893 176 2950; x_wconf 91' lang='lat' dir='ltr'><strong>in</strong></span> <span class='ocrx_word' id='word_1_267' title='bbox 200 2893 304 2954; x_wconf 90' lang='lat' dir='ltr'><strong>balneo</strong></span> <span class='ocrx_word' id='word_1_268' title='bbox 328 2894 424 2953; x_wconf 88' lang='lat' dir='ltr'><strong>sudor.</strong></span> <span class='ocrx_word' id='word_1_269' title='bbox 463 2895 492 2951; x_wconf 91' lang='lat' dir='ltr'><strong>Si</strong></span> <span class='ocrx_word' id='word_1_270' title='bbox 515 2912 586 2953; x_wconf 87' lang='lat' dir='ltr'><strong>vero</strong></span> <span class='ocrx_word' id='word_1_271' title='bbox 606 2897 691 2970; x_wconf 87' lang='lat' dir='ltr'><strong>jecur</strong></span> <span class='ocrx_word' id='word_1_272' title='bbox 706 2897 817 2955; x_wconf 89' lang='lat' dir='ltr'><strong>vomica</strong></span> <span class='ocrx_word' id='word_1_273' title='bbox 833 2895 959 2967; x_wconf 86' lang='lat' dir='ltr'><strong>laborat,</strong></span> <span class='ocrx_word' id='word_1_274' title='bbox 984 2892 1084 2950; x_wconf 86' lang='lat' dir='ltr'><strong>eadem</strong></span> 
     </span>
     <span class='ocr_line' id='line_1_33' title="bbox 94 2972 1083 3056; baseline -0.006 -22"><span class='ocrx_word' id='word_1_275' title='bbox 94 2977 226 3035; x_wconf 85' lang='lat' dir='ltr'><strong>facienda</strong></span> <span class='ocrx_word' id='word_1_276' title='bbox 249 2989 327 3052; x_wconf 84' lang='lat' dir='ltr'><strong>suut,</strong></span> <span class='ocrx_word' id='word_1_277' title='bbox 351 2997 424 3056; x_wconf 88' lang='lat' dir='ltr'><strong>quae</strong></span> <span class='ocrx_word' id='word_1_278' title='bbox 448 2979 474 3034; x_wconf 93' lang='lat' dir='ltr'><strong>in</strong></span> <span class='ocrx_word' id='word_1_279' title='bbox 499 2978 605 3036; x_wconf 89' lang='lat' dir='ltr'><strong>ceteris</strong></span> <span class='ocrx_word' id='word_1_280' title='bbox 623 2978 806 3037; x_wconf 90' lang='lat' dir='ltr'><strong>interioribus</strong></span> <span class='ocrx_word' id='word_1_281' title='bbox 823 2972 1083 3055; x_wconf 87' lang='lat' dir='ltr'><strong>suppurationibus.</strong></span> 
     </span>
     <span class='ocr_line' id='line_1_34' title="bbox 94 3055 1084 3139; baseline -0.006 -22"><span class='ocrx_word' id='word_1_282' title='bbox 94 3060 215 3132; x_wconf 81' lang='lat' dir='ltr'><strong>Quidam</strong></span> <span class='ocrx_word' id='word_1_283' title='bbox 240 3063 323 3122; x_wconf 88' lang='lat' dir='ltr'><strong>etiam</strong></span> <span class='ocrx_word' id='word_1_284' title='bbox 347 3070 446 3120; x_wconf 89' lang='lat' dir='ltr'><strong>contra</strong></span> <span class='ocrx_word' id='word_1_285' title='bbox 469 3060 496 3118; x_wconf 94' lang='lat' dir='ltr'><strong>id</strong></span> <span class='ocrx_word' id='word_1_286' title='bbox 519 3059 663 3137; x_wconf 88' lang='lat' dir='ltr'><strong>scalpello</strong></span> <span class='ocrx_word' id='word_1_287' title='bbox 678 3063 824 3139; x_wconf 89' lang='lat' dir='ltr'><strong>aperiunt,</strong></span> <span class='ocrx_word' id='word_1_288' title='bbox 848 3069 876 3118; x_wconf 91' lang='lat' dir='ltr'><strong>et</strong></span> <span class='ocrx_word' id='word_1_289' title='bbox 890 3060 980 3136; x_wconf 90' lang='lat' dir='ltr'><strong>ipsam</strong></span> <span class='ocrx_word' id='word_1_290' title='bbox 996 3055 1084 3113; x_wconf 91' lang='lat' dir='ltr'><strong>vomi·</strong></span> 
     </span>
     <span class='ocr_line' id='line_1_35' title="bbox 93 3144 302 3210; baseline 0 -7"><span class='ocrx_word' id='word_1_291' title='bbox 93 3162 154 3203; x_wconf 86' lang='lat' dir='ltr'><strong>cam</strong></span> <span class='ocrx_word' id='word_1_292' title='bbox 172 3144 302 3210; x_wconf 85' lang='lat' dir='ltr'><strong>adurunt.</strong></span> 
     </span>
    </p>
   </div>
   <div class='ocr_carea' id='block_1_6' title="bbox 0 0 1212 3924">
    <p class='ocr_par' dir='ltr' id='par_1_6' title="bbox 0 0 1212 3924">
     <span class='ocr_line' id='line_1_36' title="bbox 0 0 1212 3924; baseline 0 0"><span class='ocrx_word' id='word_1_293' title='bbox 0 0 1212 3924; x_wconf 95' lang='lat' dir='ltr'><strong> </strong></span> 
     </span>
    </p>
   </div>
  </div>
 </body>
</html>
