2414 3924
448 219 686 285 -117-

143 365 267 426 sicem
290 362 389 425 atonia
417 362 508 424 luerit
530 364 644 424 vesicae
673 364 703 424 id
727 372 773 424 est
796 363 944 446 debilitas,
973 365 1072 429 subito

56 455 159 515 urinae
179 450 347 530 egerendas
367 449 592 514 delectationem
610 454 779 532 patiuntur,
802 462 920 514 etcum
939 456 1072 534 mingere

57 543 213 622 coeperint
236 557 305 600 cum
328 541 442 618 ingenti
465 548 573 606 conatu
592 547 622 601 et
640 543 752 620 gemitu
775 539 951 603 humerosae
969 545 1072 605 urinas

57 628 234 710 excludunt,
270 635 322 689 aut
353 646 408 706 per
440 646 577 690 somnum
609 628 807 690 involuntario
838 628 924 709 lapsu
955 632 1073 693 urinam

57 721 207 781 amittunt.
248 724 279 778 et
302 713 477 795 lrequenter
499 716 573 778 haec
595 719 694 797 passio
716 716 865 797 paralysin
888 720 1003 779 vesicae
1026 719 1099 780 lue

57 817 153 869 turam
177 805 334 884 signifieat.

144 894 296 972 contingit
321 895 432 953 iterum
459 893 580 973 dysuria
607 895 637 954 in
666 896 762 956 vesica
790 894 921 955 ulcerata
953 902 1005 957 aut
1035 913 1073 956 ex

56 983 182 1045 renibus
210 984 346 1043 irruente
373 980 470 1061 lapide
498 991 633 1061 extensa,
660 991 711 1043 aut
737 982 841 1044 limosa
868 991 920 1045 aut
948 1000 1073 1045 arenosa

56 1072 200 1152 qualitate
219 1069 345 1132 solidate
365 1076 395 1131 et
413 1068 534 1149 globoso
552 1072 709 1152 sanguine,
728 1089 817 1151 quem
836 1070 942 1132 Graeci
960 1071 1071 1133 throm-

54 1160 114 1222 bon
138 1157 303 1239 appellant,
325 1159 357 1218 in
379 1159 445 1237 ipso
468 1157 576 1220 urinali
598 1167 699 1220 meatu
721 1159 852 1223 obtrusa.
1087 1175 1114 1216 re

144 1248 294 1325 contingit
311 1248 421 1307 iterum
440 1246 559 1327 dysuria
582 1248 613 1307 in
634 1247 820 1326 aegritudine
842 1250 981 1331 pessima,
1003 1266 1072 1310 cuum

55 1338 147 1399 luerit
171 1343 277 1396 natura
301 1352 356 1395 suo
379 1334 478 1395 officio
501 1336 624 1414 privata.

146 1424 312 1486 curationis
333 1440 403 1483 vere
426 1431 560 1503 tempore
579 1425 605 1483 si
628 1423 719 1485 luerit
737 1442 773 1484 ex
796 1425 907 1504 frigore
930 1434 982 1487 eut
1003 1444 1072 1505 pro·

54 1513 147 1577 funda
176 1511 370 1593 perfrictione
398 1510 536 1591 dysuriae
565 1513 696 1573 causatio
725 1530 794 1575 cuum
820 1515 934 1591 ingenti
960 1513 1072 1595 dolore,

55 1602 157 1664 oleum
171 1607 327 1662 rutaeeum
345 1618 400 1680 per
413 1600 551 1679 podicem
564 1600 738 1680 frequenter
752 1609 873 1680 aegroto
890 1601 1072 1664 iniciendum
1087 1615 1113 1656 1⁵

55 1699 110 1751 est
154 1691 185 1751 in
214 1689 333 1750 leminis
356 1705 427 1748 vero
450 1685 566 1749 matrici
590 1696 637 1750 est
663 1688 889 1751 infundendum.
931 1692 1018 1751 ctiam
1043 1701 1074 1752 et

56 1780 247 1840 extrinsecus
264 1775 433 1856 pubetenus
449 1794 589 1857 praeraso
608 1779 719 1857 pectini
734 1776 780 1838 vel
798 1777 970 1856 inguinibus
989 1777 1072 1839 lanae

56 1865 251 1946 apponendae
279 1884 317 1925 ox
344 1864 409 1925 oleo
433 1867 556 1945 cyprino
579 1865 734 1946 calefacto,
761 1864 919 1943 aliquande
941 1865 1072 1927 admixto

56 1963 209 2036 castoreo,
237 1955 263 2015 si
290 1954 367 2014 sorte
394 1953 462 2033 plus
490 1953 619 2015 calefieri
647 1955 823 2032 oportuerit.
866 1962 896 2013 et
919 1955 945 2013 si
960 1961 1072 2013 uenter

55 2042 250 2122 abstinuerit,
277 2041 403 2121 clystere
432 2044 490 2103 erit
517 2042 709 2103 deducendus
732 2059 768 2101 ex
797 2041 970 2103 decoctione
994 2042 1073 2102 laeui
1087 2055 1114 2095 ao

55 2132 157 2212 graeci
180 2139 232 2192 aut
254 2129 362 2190 radicis
385 2129 496 2190 malvae
519 2129 584 2190 oleo
608 2130 746 2193 admixto.
789 2128 971 2190 adhibendae
1002 2139 1073 2191 sunt

56 2222 148 2281 etiam
180 2220 353 2280 insessienis
386 2220 627 2299 fomentationes‚
659 2235 726 2279 nam
755 2217 860 2279 Graeci
891 2219 1073 2280 encathisma

97 2376 290 2518 sn1m-1utlionie
308 2422 338 2475 p.
447 2406 594 2476 3ceperit
617 2423 658 2475 cp.
766 2413 862 2476 uper
889 2409 1072 2476 somnum(p

107 2491 120 2518 ο

56 2531 182 2609 Q
192 2530 222 2598 p)
238 2546 259 2598 p
278 2528 388 2600 (Pecu
408 2547 524 2599 sompno
543 2546 564 2585 c.
643 2536 657 2584 7
679 2531 751 2599 (item
772 2536 812 2585 11.
833 2532 876 2597 14)
895 2528 1013 2585 dissuuia
1031 2544 1072 2596 cp.

57 2625 73 2672 8
92 2620 204 2675 irueute
222 2633 249 2685 c,
267 2617 384 2672 irruenti
397 2634 427 2686 p.
506 2620 556 2673 aut
578 2619 714 2688 (limosa):
741 2620 836 2672 autem
855 2635 896 2686 ep.
970 2622 986 2671 8
1005 2614 1072 2670 soli-

57 2691 124 2745 data
147 2691 197 2745 aut
220 2687 385 2758 globosae,
408 2688 550 2744 sordidata
572 2691 624 2744 aut
645 2689 762 2758 glebosa
778 2704 809 2757 p.
918 2703 1004 2757 quam
1029 2703 1071 2755 cp.

56 2759 189 2816 trombon
206 2775 233 2814 c:
252 2759 384 2814 trumbon
398 2776 428 2828 p.
503 2764 536 2813 10
552 2760 681 2815 obstrusa
699 2776 740 2829 cp.
815 2765 846 2813 11
867 2756 1072 2829 egritudinibus

56 2831 185 2901 pessimis
203 2847 244 2900 cp.
319 2836 351 2884 13
370 2846 437 2885 vero
455 2846 482 2884 c:
505 2846 555 2886 om.
571 2848 601 2899 p.
674 2833 724 2886 aut
741 2846 767 2884 c:
792 2830 838 2885 vel
853 2847 883 2898 p.
958 2834 992 2882 14
1009 2845 1072 2897 por-

56 2902 166 2958 strictio
180 2918 212 2971 p.
285 2905 319 2954 15
337 2900 508 2957 iniciendum
526 2903 624 2972 egroto
644 2903 704 2968 (em.
719 2902 768 2968 est)
778 2917 808 2970 p.
884 2905 916 2954 16
930 2897 1034 2954 matrix
1049 2915 1072 2954 c.

58 2979 90 3029 17
104 2973 262 3042 pubetenus
277 2987 303 3026 c:
322 2986 372 3027 om.
382 2988 413 3040 p.
486 2973 597 3041 pectine
611 2989 652 3040 cp.
727 2976 759 3025 18
775 2970 866 3026 calide
878 2987 910 3040 p.
982 2968 1072 3023 mixte

56 3060 83 3110 c,
101 3041 208 3100 amixto
222 3059 254 3112 ρ.
364 3048 397 3096 19
416 3042 442 3095 si
459 3041 532 3098 ferte
552 3042 669 3097 calidius
687 3041 747 3096 fieri
761 3058 805 3111 op.
823 3058 847 3111 p
864 3042 900 3109 (si
916 3039 989 3094 forte
1007 3040 1071 3108 plus

57 3114 180 3169 calidum
202 3113 263 3168 fieri
285 3128 330 3181 op.
350 3112 447 3182 Petu),
472 3113 502 3167 Si
524 3129 590 3168 vere
613 3115 676 3182 plus
696 3112 818 3169 calefieri
841 3129 885 3181 op.
905 3127 927 3165 c.
1036 3115 1071 3162 20

58 3185 162 3240 clisteri
180 3201 203 3240 c.
293 3186 339 3238 est
351 3201 381 3253 p.
468 3189 501 3238 21
520 3182 623 3239 radicis
641 3200 664 3253 c,
687 3184 763 3238 indie
778 3199 800 3251 p
818 3182 956 3249 (radicum
975 3179 1070 3246 Petu).

58 3256 163 3311 amixte
182 3255 246 3311 oleo
260 3271 291 3322 Ρ·
399 3256 465 3310 sunt
486 3255 574 3309 etiam
590 3272 622 3324 p:
646 3270 696 3309 em.
716 3271 731 3309 c
748 3253 809 3321 (ubi
830 3251 975 3306 adhfidum
994 3248 1011 3303 i.
1031 3247 1070 3313 1.).

57 3332 90 3381 22
103 3325 275 3382 lacessiones
287 3324 504 3380 fomentatione·
514 3341 541 3379 c:
555 3324 696 3381 sensiones
706 3323 826 3451 palme
839 3319 1070 3402 dementationem

57 3397 239 3466 piscaciones
258 3395 344 3465 Sim).
434 3413 499 3452 nam
519 3413 546 3451 c:
569 3412 676 3464 quase
693 3398 709 3462 (
727 3397 793 3465 im).
883 3393 1071 3447 enectusmac

60 3467 254 3533 (enmtmmate
273 3465 360 3536 Sim).
