2414 3924
353 216 422 262 nnn.
440 217 497 262 vn.
520 215 594 263 cnr.
611 217 734 264 xxvm.
750 219 847 266 xx1x.
1043 211 1105 272 317

119 369 166 449 (P.
181 367 257 446 Aeg.
274 371 325 446 vl,
343 371 394 444 74,
411 371 476 448 75).
507 370 578 429 Nam
596 379 625 428 et
647 388 782 430 summam
805 372 983 448 prudentiam
1005 375 1103 435 mode·

117 452 314 532 rationemque
331 452 491 528 desiderat,
521 461 550 512 et
576 454 899 532 maximumpericulum
923 456 1014 516 offert.
1045 457 1105 518 Sed

117 536 221 596 volvae
239 545 339 597 natura
352 534 505 611 mirabilis,
522 554 606 614 quum
620 538 649 595 in
667 537 762 596 multis
779 536 858 611 aliis,
881 547 938 597 tum
959 539 1105 600 inhaere

117 637 234 718 quoque
250 620 336 679 facile
352 619 550 696 cognoscitur.
582 618 704 697 Oportet
718 629 811 680 autem
826 630 892 681 ante
909 624 1002 682 omnia
1023 641 1104 683 resn-

78 705 214 801 spinam
228 704 376 762 mulierem
391 711 557 761 transverso
573 703 651 762 lecto
667 705 710 763 sic
727 703 892 779 collocare,
908 714 939 764 nt
954 705 1105 766 feminibus

118 787 180 861 ejus
197 787 288 865 ipsius
304 785 351 845 ilia
367 786 603 863 comprimantur:
626 804 682 865 quo
705 788 750 863 fit,
767 796 797 846 ut
820 789 876 846 et
867 806 940 847 rmus
961 790 1085 848 venter
1076 808 1105 848 ιιι

119 879 277 949 conspectu
298 868 401 928 medici
428 871 479 946 sit,
505 878 534 928 et
554 869 646 929 inians
667 869 702 929 ad
722 886 756 928 os
773 871 877 930 vulvae
899 871 1104 951 compellatur:

118 972 201 1031 quae,
218 962 347 1012 emortuo
364 961 464 1028 partu,
478 952 505 1012 id
521 954 696 1030 comprimit:
721 971 758 1012 ex
773 955 925 1014 intervallo
947 972 1018 1015 vero
1036 973 1104 1033 pau·

117 1037 174 1096 lum
196 1037 326 1096 dehiscit.
358 1035 419 1095 Hac
440 1039 595 1096 occasione
616 1054 685 1095 usus
711 1036 854 1113 medicus,
878 1047 980 1098 unctae
1005 1056 1105 1098 manns

83 1131 108 1170 ¹⁰
117 1121 240 1180 indicem
255 1119 373 1196 digitum
392 1118 511 1196 primum
525 1119 613 1178 dehet
627 1120 774 1196 inserere,
789 1129 874 1199 atque
891 1121 930 1180 ihi
947 1123 1105 1197 continere,

118 1204 211 1262 donec
225 1205 326 1262 iterum
339 1204 368 1263 id
385 1219 419 1261 os
437 1204 597 1279 aperiatur,
612 1221 769 1281 rursusque
784 1204 905 1263 alterum
925 1204 1042 1281 digitum
1057 1204 1105 1263 de·

118 1288 247 1362 mittere,
275 1295 303 1344 et
328 1304 382 1364 per
404 1284 521 1344 easdem
542 1288 714 1346 occasiones
736 1286 829 1362 alios,
852 1286 947 1346 donec
962 1297 1021 1347 tota
1039 1304 1106 1347 esse

118 1371 192 1427 intus
209 1386 308 1427 manns
331 1370 432 1448 possit.
462 1366 507 1427 hd
523 1370 603 1444 cnjus
615 1370 659 1428 rei
677 1369 842 1430 facultatem
861 1371 977 1430 multum
995 1371 1108 1431 confert

119 1461 148 1510 et
162 1451 326 1527 magnitudo
342 1453 463 1528 vulvae,
488 1462 516 1512 et
535 1456 579 1512 uis
602 1470 755 1512 nervorum
771 1455 845 1529 ejus,
867 1463 897 1514 et
914 1455 1049 1532 corporis
1064 1462 1106 1513 to·

84 1546 108 1585 ¹⁵
121 1536 176 1594 tius
191 1533 319 1610 habitus,
342 1545 372 1594 et
395 1538 497 1595 mentis
519 1539 603 1596 etiam
623 1535 726 1596 robur:
747 1554 831 1613 quum
847 1539 1016 1616 praesertim
1032 1538 1107 1596 intus

117 1635 326 1696 nonnumquam
343 1620 427 1678 etiam
443 1619 516 1679 duae
534 1637 632 1679 manns
649 1618 709 1678 dari
723 1618 856 1679 debeant.
874 1619 1001 1679 Pertinet
1022 1622 1106 1680 etiam

117 1702 244 1775 adrem,
261 1719 345 1781 quam
363 1702 563 1762 calidissimum
577 1720 644 1761 esse
659 1703 742 1760 imum
757 1711 903 1779 ventrem,
927 1712 955 1761 et
977 1712 1106 1761 extrema

119 1786 268 1862 corporis;
297 1785 458 1863 nequedum
478 1786 724 1845 inflammationem
747 1787 901 1863 coepisse,
928 1786 981 1845 sed
994 1787 1106 1845 recenti

118 1886 151 1926 re
174 1867 304 1947 protinus
327 1868 457 1928 adhiberi
478 1869 656 1928 medicinam.
681 1868 769 1944 Nam,
793 1871 815 1927 si
839 1886 947 1946 corpus
958 1870 1019 1944 jam
1034 1870 1105 1927 intu-

84 1950 312 2030 somniumque
331 1951 571 2029 demittimanns,
592 1970 685 2030 neque
707 1951 790 2011 educi
814 1952 906 2011 infans
922 1954 976 2011 nisi
1001 1969 1105 2027 aeger·

118 2036 188 2093 rime
205 2043 319 2112 potest:
339 2037 523 2114 sequiturque
539 2053 627 2114 saepe
641 2053 704 2094 cum
720 2037 843 2111 vomitu,
856 2043 885 2093 et
900 2053 963 2095 cum
979 2045 1105 2095 tremore

116 2118 265 2178 mortifera
278 2135 431 2178 nervorum
446 2120 590 2179 distentio.
619 2118 727 2178 Verum
744 2120 819 2177 intus
840 2127 970 2178 emortuo
987 2119 1105 2197 corpori

116 2220 214 2260 manus
241 2201 346 2276 injecta
366 2204 495 2280 protinus
516 2202 641 2262 habitum
663 2202 727 2277 ejus
743 2202 845 2261 sentit:
869 2219 932 2261 nam
951 2205 1042 2262 autin
1060 2218 1106 2261 ca·

117 2293 185 2362 put,
212 2293 260 2342 aut
283 2285 310 2343 in
334 2284 426 2363 pedes
449 2303 618 2345 conversum
640 2295 698 2354 est;
727 2294 774 2345 aut
796 2294 991 2345 transversum
1009 2286 1105 2361 jacen

82 2386 108 2424 es
118 2368 181 2426 iere
197 2376 291 2427 tamen
305 2369 364 2443 sic,
380 2377 409 2427 ut
422 2369 470 2428 vel
486 2387 585 2428 manus
603 2371 681 2445 eJus,
696 2369 744 2428 vel
761 2387 814 2446 pes
832 2370 861 2427 in
878 2370 1042 2448 propinquo
1059 2369 1105 2427 sit.

116 2441 246 2510 Medici'
237 2469 309 2511 vero
327 2453 506 2530 propositum
525 2463 589 2530 est
610 2463 640 2512 ut
658 2471 721 2511 eum
736 2470 819 2511 manu
836 2450 940 2528 dirigat
955 2453 1025 2512 vel'
1017 2470 1046 2512 m
1061 2470 1107 2512 ca·

79 2565 82 2570 ·
119 2542 183 2611 put,
206 2534 253 2592 vel
276 2536 361 2593 etram
377 2554 405 2593 ιιι
425 2536 531 2614 pedes,
552 2538 575 2595 si
596 2537 672 2596 forte
691 2536 775 2595 ahter
788 2538 967 2613 compositus
983 2546 1037 2596 est
1053 2536 1107 2612 hc,

118 2619 142 2676 si
160 2616 228 2676 nihil
244 2617 320 2677 aliud
336 2627 390 2694 est,
405 2637 503 2678 munus
518 2620 631 2698 volpes
647 2618 858 2697 apprehensos,
875 2637 982 2698 corpus
999 2621 1107 2680 rectius

118 2698 229 2760 reddit:
259 2719 323 2759 nam
347 2719 445 2760 manus
463 2704 608 2780 incepit,
635 2721 688 2780 pes
705 2704 733 2760 in
752 2702 845 2779 pedes
868 2721 930 2762 eum
955 2704 1106 2763 convertit

83 2783 204 2857 Quium
228 2784 252 2841 si
275 2793 360 2861 caput
382 2786 540 2863 proximum
560 2796 620 2860 est,
643 2786 750 2845 demitti
767 2784 855 2844 debet
869 2804 959 2845 uncus
983 2785 1107 2883 undique

118 2867 226 2940 laevis,
244 2868 379 2926 acuminis
396 2867 556 2947 brevisqui
575 2869 623 2928 vel
642 2869 741 2943 oculo,
762 2868 810 2927 vel
827 2870 904 2943 auri,
921 2868 1045 2941 veleri,
1066 2868 1106 2924 in·

117 2946 227 3008 terdum
251 2951 335 3010 etiam
356 2949 443 3011 fronti
466 2963 547 3011 recte
569 2953 706 3027 injicitur;
731 2949 834 3009 deinde
857 2959 995 3009 attractus
1018 2949 1106 3009 inian-

118 3042 175 3092 tem
193 3032 299 3093 educit.
330 3033 433 3113 Neque
450 3045 542 3094 tamen
558 3033 710 3113 quolibet
702 3053 726 3092 rs
743 3043 874 3111 ternpore
889 3032 998 3091 extrahi
1010 3030 1106 3096 debet.

116 3115 203 3193 Nam,
227 3118 251 3175 si
275 3135 445 3196 compresso
468 3117 572 3177 vulvae
594 3134 644 3176 ore
664 3117 692 3178 id
710 3125 846 3176 tentatum
869 3124 928 3191 est,
953 3133 1011 3176 non
1028 3119 1106 3176 emit·

83 3209 196 3264 adtente
222 3219 274 3276 eo,
297 3201 389 3259 inians
417 3202 609 3279 abrumpitur,
633 3209 661 3258 et
680 3200 744 3258 unci
769 3217 888 3258 acumen
906 3201 934 3257 in
956 3200 1049 3278 ipsum
1073 3218 1107 3259 os

117 3283 221 3342 vulvae
239 3283 395 3353 delabitur;
412 3286 596 3363 sequiturque
611 3299 765 3342 nervorum
781 3282 932 3360 distentio,
956 3293 985 3342 et
1004 3285 1108 3359 ingens

118 3367 276 3443 periculum
299 3370 408 3426 mortis.
441 3368 546 3444 lgitur,
573 3384 741 3446 compressa
760 3366 860 3443 vulva,
883 3368 1110 3444 conquiescero;

118 3448 229 3526 hiante,
248 3449 354 3510 leniter
371 3451 486 3511 trahere
503 3460 635 3529 oportet;
652 3461 680 3510 et
696 3467 750 3529 per
764 3448 816 3509 has
844 3450 1019 3510 occasiones
1040 3468 1111 3530 pan·

1061 3554 1171 3575 a*
