2414 3924
74 191 137 254 274
367 200 400 247 n.
418 198 448 247 c.
465 197 564 247 cunsr
577 198 772 247 crumenam

75 355 158 418 llunc
173 361 321 414 recentem
335 370 393 413 non
409 352 527 414 difficile
543 360 589 411 est
605 351 752 414 discutere
768 351 996 429 medicamentis,
1011 353 1073 430 qni·

76 439 130 500 bns
146 437 299 497 cicatrices
317 436 346 496 in
365 437 457 497 oculis
475 444 679 496 extenuantur:
703 439 728 494 si
750 436 937 511 inveteravit,
953 435 1074 515 iamque

77 524 105 583 ei
120 519 281 582 crassitudo
297 537 413 599 qunque
427 519 571 594 accessit,
593 517 689 578 excidi
707 515 804 578 debet.
840 518 912 578 Post
927 517 1073 578 abstinen-

76 607 143 667 tiam
157 619 229 663 vero
247 605 329 662 unius
343 604 416 681 diei,
441 604 488 662 vel
503 602 643 662 adversus
664 604 692 662 in
711 602 795 662 sedili
814 611 914 662 contra
930 601 1075 662 medicum

27 761 31 771 1
76 693 102 750 is
117 688 204 749 homo
223 685 411 747 collocandus
430 697 485 763 cst,
502 684 549 745 vel
564 687 607 746 sic
619 704 750 761 auersus,
765 687 837 745 utin
851 687 993 762 gremium
1011 687 1095 762 ejusu

78 782 164 853 caput
178 771 331 848 resupinus
347 770 481 831 effundat.
505 768 642 845 Quidam,
658 772 681 828 si
699 772 727 829 in
741 771 858 828 sinistro
874 769 961 828 oculo
977 770 1075 828 vitium

78 864 140 932 est,
165 854 331 914 aduersum:
360 854 385 914 si
406 856 434 913 in
463 855 582 929 dextro,
609 856 776 932 resupinum
799 852 940 912 collocari
963 851 1074 912 volunt.

77 937 207 1000 Alteram
226 945 319 996 autem
335 936 504 1016 palpebram
520 938 677 996 aministro
689 936 784 996 diduci
801 944 937 1014 oportet,
953 934 1075 996 alteram

78 1041 94 1084 a
112 1020 239 1082 medico:
262 1020 314 1080 sed
333 1019 369 1080 ab
389 1021 460 1094 hoc,
485 1023 508 1080 si
532 1020 583 1080 ille
603 1019 742 1080 adversus
757 1029 819 1095 est,
841 1019 1025 1087 inferiorem
1049 1019 1074 1077 si

78 1106 215 1184 supinus,
232 1105 424 1181 superiorem.
463 1105 532 1163 Tum
548 1103 624 1164 idem
639 1103 768 1163 medicus
782 1102 924 1163 hamulum
945 1111 1073 1177 acutum,
1085 1125 1108 1165 sn

78 1189 192 1269 paulum
213 1204 351 1247 mucrone
376 1190 450 1247 intus
474 1197 646 1264 recurvato,
671 1186 816 1263 subjicere
835 1195 966 1245 extremo
984 1187 1075 1263 ungui

78 1269 181 1346 debet,
198 1288 320 1349 eumque
336 1271 473 1348 inligare:
498 1280 583 1349 atque
606 1289 668 1330 cam
688 1287 805 1350 qunque
826 1268 996 1348 palpebram
1019 1279 1075 1328 tra·

78 1356 149 1416 dere
165 1353 263 1413 alteri:
283 1355 362 1432 ipsc,
377 1353 491 1413 hamulo
505 1355 707 1432 apprehenso,
723 1354 822 1413 levare
835 1371 975 1430 unguem,
995 1371 1075 1411 eum-

79 1455 135 1517 que
152 1454 205 1496 acu
220 1436 357 1511 trajicere
372 1437 459 1497 linum
478 1436 627 1497 trahente:
651 1436 755 1497 deinde
776 1455 859 1497 acum
877 1453 1006 1514 ponere,
1024 1435 1075 1494 lini

78 1521 133 1581 dun
150 1521 243 1597 capita
262 1519 497 1600 apprehendere,
521 1529 550 1581 et
571 1539 624 1600 per
645 1540 679 1581 ea
706 1530 806 1581 erecto
827 1538 944 1596 ungue,
966 1521 992 1578 si
1017 1536 1073 1597 qua
1086 1542 1108 1584 u

79 1612 161 1685 parte
177 1603 263 1664 oculo
279 1604 426 1683 inhaeret,
442 1602 621 1664 manubriolo
648 1603 782 1683 scalpelli
804 1603 955 1680 diducere,
978 1601 1075 1662 donec

78 1687 113 1750 ad
135 1688 268 1764 angulum
289 1689 401 1748 veniat:
427 1686 531 1748 deiude
554 1689 675 1747 inuicem
689 1686 775 1746 modo
796 1688 960 1760 remittere,
986 1685 1074 1745 modo

77 1770 238 1845 attrahere,
259 1780 289 1831 ut
311 1773 353 1831 sic
378 1780 407 1830 et
428 1771 534 1831 initium
551 1773 630 1847 ejus,
647 1780 676 1830 et
698 1771 760 1830 huis
777 1770 874 1847 anguli
899 1770 1073 1847 reperiatur.

77 1854 195 1933 Duplex
210 1856 283 1914 enim
302 1854 460 1932 periculum
477 1864 534 1922 est;
556 1872 592 1913 ne
613 1855 660 1915 vel
681 1873 718 1914 ex
741 1873 836 1932 ungue
858 1852 965 1932 aliquid
986 1852 1073 1912 relin-

78 1948 196 2018 quatur,
214 1937 290 2015 quod
307 1938 501 1998 exulceratum
517 1940 566 1997 uir
581 1937 666 1997 ullam
681 1938 804 2015 recipiat
819 1939 1009 2005 curationem
1026 1934 1109 2001 velas

79 2041 116 2082 ex
133 2021 239 2098 angulo
256 2022 408 2082 caruncula
425 2039 541 2100 quoque
551 2020 752 2096 abscindatur,
770 2039 860 2100 quae,
880 2021 904 2078 si
921 2018 1074 2078 uehemen-

78 2107 133 2165 tius
146 2106 250 2184 unguis
267 2105 393 2182 ducitur,
410 2107 552 2182 sequitur;
569 2105 693 2183 ideoque
706 2103 823 2182 decipit.
848 2102 1006 2177 Abscissa,
1025 2120 1075 2181 pa·

77 2194 139 2253 tellt
159 2192 306 2264 foramen,
329 2208 382 2268 per
406 2189 483 2266 quod
509 2196 611 2267 postea
638 2203 754 2266 semper
778 2186 880 2247 humor
905 2185 1074 2246 descendit:

78 2265 188 2357 duride
210 2274 313 2335 Graeci
337 2281 451 2331 vocant.
489 2273 585 2331 Verus
606 2289 678 2348 ergo
699 2271 795 2348 anguli
817 2271 887 2329 finis.
903 2272 1000 2348 utique
1023 2287 1074 2327 nn·

78 2356 203 2416 scerrdus
220 2367 281 2431 est,
303 2356 350 2433 qui
363 2354 411 2413 ubi
427 2356 497 2413 satis
514 2355 656 2428 constitit,
678 2373 736 2415 non
753 2355 865 2414 nimium
881 2343 1006 2412 adducto
1024 2370 1074 2411 un·
1085 2379 1111 2419 aa

79 2457 155 2516 gua,
184 2439 342 2517 scalpellus
367 2436 543 2497 adhibendus
569 2447 627 2506 est;
653 2437 756 2496 deinde
783 2438 825 2496 sic
851 2434 1011 2497 excidenda
1040 2454 1076 2495 ea

79 2520 290 2597 membranula,
317 2538 354 2580 ne
383 2520 449 2599 quid
475 2521 640 2597 exangula
664 2521 802 2580 laedatur.
846 2521 890 2580 Eo
913 2519 1016 2578 deinde
1038 2538 1076 2579 ex

79 2603 166 2664 melle
183 2603 362 2663 linamentum
379 2605 590 2683 superdandum
611 2613 671 2679 est,
696 2621 841 2681 supraque
859 2602 1023 2676 linteolum,
1047 2612 1076 2661 ει

79 2696 127 2750 aut
141 2688 264 2766 spongia
280 2697 326 2747 aut
342 2688 405 2747 lana
422 2688 553 2749 succida:
572 2688 768 2765 proximisque
783 2687 883 2746 diebus
896 2685 1075 2746 diducendus

80 2770 207 2852 quotidie
230 2770 331 2831 oculus
355 2781 414 2846 est,
441 2791 476 2832 ue
499 2772 634 2831 cicatrice
655 2772 729 2829 inter
751 2789 783 2829 se
807 2770 966 2849 palpebrae
987 2768 1111 2844 gluti-³0

80 2864 197 2924 nentur;
221 2855 361 2934 siquidem
383 2855 410 2914 id
433 2872 547 2932 quoque
565 2855 677 2912 tertium
696 2854 854 2931 periculum
875 2853 1004 2928 accedit,
1024 2868 1073 2911 eo·

80 2939 203 3018 demque
220 2938 305 2999 modo
322 2939 502 2998 linamentum
525 2937 739 3014 imponendum,
763 2955 797 2996 ac
818 2938 975 2996 novissime
996 2937 1073 2993 inun-

81 3024 204 3101 gendum
222 3024 360 3098 cnllyrio‚
378 3039 434 3098 quo
450 3021 548 3080 ulcera
564 3019 599 3079 ad
616 3022 780 3080 cicatricem
795 3020 996 3099 perducantur.
1016 3017 1075 3076 Sed

82 3122 116 3165 ea
133 3108 242 3166 curatio
264 3125 333 3165 vere
350 3122 417 3164 esse
436 3103 539 3178 debet,
564 3112 610 3162 aut
631 3113 711 3163 certe
727 3114 792 3165 aute
808 3105 944 3164 hiemem:
967 3102 1002 3160 de
1018 3118 1074 3178 qua

83 3206 114 3247 re
132 3188 167 3247 ad
184 3189 264 3267 plura
283 3190 348 3248 loca
373 3188 548 3265 pertinente,
570 3189 660 3246 semel
683 3188 791 3247 dixisse
812 3191 879 3247 satis
901 3187 964 3245 erit.
1003 3182 1111 3243 Namnr

83 3269 138 3332 duo
151 3290 261 3348 genera
283 3273 458 3330 curationum
480 3279 558 3329 sunt:
583 3270 638 3329 alia
663 3273 691 3329 iu
712 3271 814 3349 quibus
831 3272 943 3348 eligere
961 3277 1074 3346 tempus

82 3356 240 3429 nonlicet,
259 3352 458 3413 seducendum
477 3362 522 3413 est
537 3370 589 3430 ec,
611 3354 686 3433 quod
708 3355 819 3422 irrcidit;
840 3357 913 3414 sicut
931 3354 958 3412 iu
974 3351 1074 3411 vulne-

82 3437 174 3498 ribus:
192 3438 257 3513 alia,
274 3439 302 3496 in
318 3436 419 3516 quibus
436 3437 530 3496 nullus
545 3435 607 3495 dies
623 3446 717 3514 urget,
737 3447 767 3497 et
782 3447 955 3517 exspectare
968 3435 1074 3495 tutissi-
