2414 3924
340 236 445 282 arnna
460 236 494 281 v.
514 234 589 283 car.
605 236 701 282 xxrv.
722 235 800 283 xxv.
1029 220 1089 284 183

415 389 439 449 Ο
451 389 481 446 Α
491 390 517 447 Ρ
529 389 560 449 U
570 390 599 448 Τ
628 389 661 447 Χ
671 390 703 447 Χ
715 391 754 450 V.

492 505 529 555 De
544 505 690 570 Catapotiis.

156 647 183 699 1.
203 637 354 717 Catapotia
367 659 483 720 quoque
493 642 580 701 multa
595 649 678 717 sunt,
694 641 839 719 variisque
851 639 887 700 dc
900 640 996 699 causis
1009 640 1087 701 hunt.

88 713 262 786 Ἀνώδυνα
276 733 399 801 vocant,
415 743 490 803 quae
507 742 606 784 somno
626 725 757 784 dolorem
773 725 885 784 levant:
908 722 1011 801 quibus
1036 726 1087 801 nti,

69 807 149 869 anisi
162 807 247 866 nimia
265 809 426 866 necessitas
441 818 544 887 urget,
562 809 686 868 alienum
702 817 756 867 est.
795 809 867 867 Sunt
883 808 957 865 enim
979 825 1018 866 ex
1037 827 1087 867 vc-

93 890 274 951 hementibns
287 891 520 969 medicamentis,
543 900 572 952 ct
594 891 742 952 stomacho
765 891 876 954 alienis.
919 889 1021 950 Potest
1046 899 1087 952 ta·

92 991 159 1033 men
172 974 304 1035 etiamad
321 977 575 1054 concoquendum,
588 976 665 1055 quod
676 975 763 1035 habet
773 974 929 1053 papaveris
939 973 1086 1052 lacrimae,

92 1057 223 1134 galbani,
246 1057 424 1135 singulorum
447 1079 477 1138 p.
499 1061 557 1139 )·(.
580 1073 602 1118 1.
618 1060 767 1135 myrrhae,
791 1059 934 1134 castorei,
964 1058 1086 1137 piperis,

93 1140 271 1217 singulorum
291 1160 319 1219 p.
341 1142 398 1222 )·(.
419 1157 455 1203 11.
478 1163 515 1203 cx
535 1142 654 1222 quibus,
682 1142 759 1220 qnod
782 1142 844 1201 ervi
865 1141 1088 1218 magnitudinem

56 1245 82 1286 ro
94 1225 197 1302 babet,
213 1225 284 1284 satis
302 1235 347 1284 est
362 1227 530 1287 devorasse.

92 1312 95 1316 ’
155 1307 184 1367 2.
206 1307 338 1368 Alterum
358 1310 508 1370 stomacho
530 1313 631 1388 pejus,
654 1311 689 1370 ad
712 1327 840 1369 somnum
866 1309 1027 1388 valentius,
1050 1328 1088 1369 ex

91 1391 137 1451 his
153 1391 199 1450 lit:
216 1392 426 1470 mandragorae
442 1413 471 1472 p.
485 1393 543 1474 )·(.
565 1413 590 1453 z.
608 1395 665 1473 apii
681 1395 813 1470 seminis,
835 1395 903 1452 item
917 1393 1088 1468 hyoscyami

93 1476 227 1553 seminis,
253 1477 431 1554 singulorum
461 1477 645 1557 p.)·(.1v.
680 1495 754 1556 quae
782 1495 820 1537 cx
846 1478 913 1537 vino
947 1485 1086 1537 teruntur.

91 1558 184 1618 Unum
201 1568 294 1619 autem
315 1561 445 1636 ejusdem
465 1561 682 1639 magnitudinis,
704 1579 778 1640 quae
803 1578 890 1639 supra
911 1561 1007 1639 posita
1031 1570 1086 1640 cst,

57 1659 82 1698 rs
95 1641 206 1702 abunde
225 1653 269 1702 cst
285 1645 433 1703 sumsisse.
547 1694 549 1698 .

157 1726 186 1788 3.
210 1727 278 1785 Sive
296 1736 389 1787 autem
413 1729 515 1806 capitis
530 1729 665 1806 dolores,
686 1731 748 1788 sive
772 1727 887 1804 ulcera,
913 1728 976 1786 sive
1001 1728 1087 1806 lippi·

93 1808 179 1886 tudo,
210 1812 272 1868 sive
295 1812 411 1888 spiritus
432 1811 604 1888 difficultas,
623 1814 686 1872 sire
701 1812 912 1871 mtcstmorum
927 1819 1085 1887 tormenta,

92 1893 156 1951 sive
175 1892 359 1953 inflammatio
385 1895 489 1956 malvae
517 1904 580 1972 est,
611 1896 673 1955 sire
701 1912 791 1972 coxa,
822 1894 883 1953 sive
903 1896 1003 1970 jecur,
1038 1901 1086 1953 aut

93 1975 195 2054 lienis,
213 1986 259 2036 aut
271 1978 345 2037 latus
361 1988 493 2057 torquet,
508 1982 569 2037 sive
584 1980 654 2038 vitio
667 1979 798 2038 locorum
810 1978 907 2055 aliquo
925 1976 1087 2055 prolabitur

55 2078 82 2118 ao
95 2067 124 2118 ει
139 2059 328 2137 obmutescit,
356 2064 483 2121 occurrit
505 2063 599 2122 dolori
621 2081 675 2141 per
696 2063 822 2140 quietem
845 2061 986 2136 ejusmodi
1009 2068 1086 2119 cata·

94 2144 213 2220 potium.
249 2145 335 2222 Silis,
359 2148 457 2222 acori,
479 2155 560 2206 rutae
584 2146 727 2206 silvestris
749 2146 883 2222 seminis,
907 2143 1086 2222 singulorum

93 2245 121 2304 p.
138 2226 194 2305 )·(.
210 2241 233 2287 1.
252 2231 394 2307 castorei,
418 2231 603 2306 cinnamomi,
625 2230 802 2306 singulorum
821 2246 850 2307 p.
867 2228 924 2309 )·(.
941 2241 977 2287 11.
995 2243 1085 2305 papa·

91 2311 171 2369 veris
198 2310 352 2388 lacrimae,
383 2315 501 2390 panacis
529 2315 650 2391 radicis,
684 2312 915 2390 mandragorae,
947 2311 1087 2371 malorum

93 2394 256 2472 aridorum,
267 2398 347 2471 Junci
359 2398 472 2455 rotundi
485 2396 583 2475 doris,
600 2398 776 2474 singulorum
791 2415 819 2474 p.
837 2396 894 2476 )·(.
910 2409 960 2455 111.
976 2395 1087 2473 piperis

55 2495 183 2553 asgrana
200 2492 270 2538 Lvr.
305 2479 385 2539 Haec
400 2498 454 2558 pcr
470 2500 503 2539 sc
519 2483 657 2558 contrita,
681 2492 780 2540 rursus
804 2480 941 2540 instillato
965 2477 1087 2538 subinde

94 2577 182 2636 passo
201 2562 284 2621 simul
301 2565 393 2623 omnia
410 2573 555 2641 teruntur,
577 2566 671 2624 donec
695 2565 856 2625 crassitudo
878 2562 1005 2643 sordium
1028 2562 1086 2621 fiat.

92 2641 187 2784 glxeo
212 2646 327 2724 paulum
354 2657 401 2706 aut
428 2647 600 2725 devoratur,
627 2657 674 2708 aut
698 2664 772 2724 aqua
796 2648 928 2723 diluimur,
954 2655 983 2704 et
1007 2647 1088 2723 potui

113 2735 184 2787 atur.

152 2812 181 2870 4.
202 2811 278 2884 Quin
296 2815 380 2873 etiam
397 2814 540 2874 silvestris
555 2815 726 2892 papaveris,
745 2831 829 2891 quum
843 2814 903 2888 jam
920 2812 955 2872 ad
977 2813 1087 2889 excipi-

55 2915 82 2957 ce
94 2893 195 2953 endam
217 2895 363 2959 lacrimam
383 2908 521 2957 maturum
540 2906 600 2973 est,
624 2897 784 2974 manipulus
805 2898 833 2954 in
853 2899 905 2954 'vas
922 2894 1086 2970 demittimur,

94 2987 122 3035 ct
144 2979 386 3054 superinfunditur
402 2999 492 3059 aqna,
514 2997 589 3059 quae
605 2980 633 3039 id
650 2989 801 3056 contegat,
826 2988 912 3056 atque
932 2980 970 3037 ita
989 2976 1087 3053 coqui·

92 3069 155 3119 tur,
173 3060 228 3120 Ubi
239 3064 299 3137 jam
313 3064 388 3125 benc
404 3064 563 3141 manipulus
576 3065 600 3122 is
618 3073 718 3122 coctus
738 3073 797 3139 cst,
812 3063 916 3122 ibidem
929 3078 1087 3138 expressus

93 3145 258 3222 projicitur,
277 3155 307 3205 ει
324 3167 387 3207 cum
403 3165 439 3207 co
454 3148 574 3206 humore
592 3165 708 3224 passum
722 3148 784 3223 pari
796 3163 929 3205 mcnsrtra
940 3146 1087 3218 miscetur,

92 3227 295 3306 inferretque,
324 3232 419 3290 donec
443 3230 659 3290 crassitudinem
684 3230 808 3289 sordium
832 3229 947 3289 habeat.
994 3227 1087 3300 Quum

56 3310 216 3388 asinirixit‚
242 3318 385 3392 catapotia
405 3332 495 3374 exeo
518 3315 587 3374 liunt
610 3315 645 3374 ad
666 3323 784 3375 nostrae
808 3314 894 3374 labae
919 3309 1087 3388 magnitudi-

92 3412 172 3471 nem,
188 3394 353 3477 habentque
371 3417 451 3457 usnm
467 3399 664 3477 multiplicem.
694 3397 767 3458 Nam
783 3408 812 3457 et
827 3415 955 3459 soranum
970 3394 1084 3456 tactum

92 3478 141 3536 vel
162 3496 216 3555 per
236 3498 270 3538 se
295 3491 436 3559 assuunta,
457 3483 506 3541 vel
528 3501 566 3542 err
588 3500 661 3561 aqua
685 3483 766 3542 data:
792 3491 821 3541 et
842 3482 950 3541 aurium
968 3480 1048 3542 dolor
