2414 3924
147 193 205 255 ¹04
235 209 238 216 ·
414 240 416 245 .
437 203 471 251 Δ.
489 202 843 251 o.cuus1uumcruss

144 361 234 434 ciunt,
257 367 288 417 ut
300 360 394 418 viuum
415 359 443 416 in
460 356 608 417 stomacho
625 359 819 434 contineatur,
840 377 935 437 exque
953 375 989 418 eo
1006 359 1057 418 toti
1076 374 1141 417 cor-

144 444 215 522 pori'
228 442 323 519 calor,
338 442 477 520 venisque
505 444 548 516 vis
572 440 681 500 redeat.
714 441 848 502 Ultimum
870 444 1004 502 auxilium
1026 451 1087 517 est,
1113 443 1142 501 in

144 529 243 588 aluum·
257 528 386 605 ptisanae
410 525 457 584 vel
471 525 564 585 alicae
581 541 740 584 cremorem
758 543 795 585 ex
810 526 995 586 inferioribus
1012 525 1142 605 partibus

144 610 259 670 indere:
276 610 416 688 siquidem
432 609 459 668 id
475 626 589 688 quoque
604 609 682 667 vires
697 618 800 668 tuetur.
832 610 933 689 Neque
948 611 1072 670 alienum
1083 611 1140 685 est,

90 760 95 770 ‚
143 693 260 755 naribus
284 712 399 773 quoque
422 695 576 752 aestuantis
589 692 765 773 admovere,
790 694 867 772 quod
891 696 1015 762 reliciat3
1043 694 1072 756 id
1095 702 1165 752 estu

144 796 240 839 rosam
257 787 286 838 et
303 779 412 836 vinum:
427 785 456 836 et
472 777 496 835 si
511 778 607 854 quain
625 779 761 835 extremis
774 778 902 855 partibus
914 779 1031 856 frigent,
1047 778 1141 836 unctis

144 873 173 924 ct
197 861 296 923 calidis
316 861 445 922 manibus
465 860 577 919 fovere.
609 860 665 920 Per
684 879 759 939 quae
780 863 804 920 si
826 866 964 941 consequi
987 864 1139 940 potuimus,

38 971 41 977 ·
145 957 174 1008 ut
196 955 225 1006 et
245 946 357 1005 sudoris
379 948 501 1022 impetus
521 946 676 1020 minuatur,
698 954 726 1004 et
746 946 803 1004 vita
828 956 1019 1025 prorogetur,
1040 945 1142 1024 incipit

140 1034 200 1108 jam
216 1041 329 1110 tempus
347 1031 439 1107 ipsum
457 1046 525 1087 esse
547 1028 702 1107 praesidio.
735 1028 791 1089 Ubi
808 1047 874 1089 esse
896 1032 1000 1090 intuto
1016 1029 1140 1103 videtur,

144 1115 299 1175 verendum
314 1123 408 1173 tamen
424 1120 484 1188 est,
505 1130 542 1170 ne
561 1114 588 1170 in
610 1112 737 1172 eamdem
752 1113 977 1174 imbecillitatem
993 1115 1050 1174 cito
1066 1115 1141 1172 reci·
1153 1123 1177 1163 1⁰

144 1199 206 1260 dat:
233 1201 344 1276 itaque,
367 1198 431 1255 vino
456 1196 648 1256 tantummodo
671 1206 799 1273 remoto,
822 1199 948 1276 quotidie
972 1197 1142 1258 validiorem

146 1283 238 1343 cibum
253 1281 339 1340 debet
355 1297 518 1356 assumere,
535 1280 628 1340 donec
642 1283 711 1340 satis
727 1282 826 1340 virium
841 1284 958 1362 corpori
974 1281 1084 1341 redeat.
1149 1344 1151 1349 ,

495 1518 519 1578 C
531 1519 596 1577 ΑΡ
611 1519 637 1578 U
648 1520 676 1578 Τ
705 1521 735 1578 X
747 1520 789 1579 X.
817 1472 819 1475 v

537 1634 573 1683 De
585 1633 749 1699 Lethargicis.

203 1785 286 1845 Alter
301 1784 548 1866 quoque-morbus
567 1795 619 1862 est,
637 1786 721 1846 aliter
736 1787 905 1865 phrenetico
925 1789 1092 1847 contrarius.
1109 1787 1142 1846 ln
1153 1806 1175 1846 rs

145 1889 180 1930 eo
196 1868 341 1930 difficilior
356 1887 486 1946 somnus,
504 1879 614 1948 promta
635 1869 670 1929 ad
688 1887 799 1928 omnem
818 1869 963 1930 audaciam
978 1889 1059 1930 mens
1080 1880 1140 1930 est:

144 1956 170 2013 iu
186 1953 243 2013 boc
260 1971 383 2029 marcor,
399 1962 427 2011 et
441 1954 672 2033 inexpugnabilis
688 1973 780 2032 paene
798 1953 956 2012 dormiendi
968 1957 1140 2014 necessitas.

144 2029 327 2118 Λήθαργον
343 2037 446 2097 Graeci
462 2041 648 2098 nominarunt.
685 2039 780 2116 Atque
795 2037 822 2096 id
838 2055 953 2116 quoque
969 2056 1062 2114 genus
1075 2057 1141 2097 acu-

144 2133 201 2182 tum
223 2131 283 2196 est,
306 2131 334 2180 et
355 2123 407 2180 nisi
431 2124 620 2197 succurritur,
643 2122 778 2181 celeriter
794 2121 918 2198 jugulat.
948 2121 1009 2181 llos
1034 2139 1141 2200 aegros

145 2206 256 2285 quidam
272 2204 391 2263 subinde
407 2206 534 2264 excitare
548 2208 688 2282 nituntur,
706 2205 826 2265 admotis
840 2206 890 2280 iis,
913 2224 966 2285 per
978 2224 1052 2284 quae
1068 2215 1140 2265 ster·
1151 2221 1176 2261 ao

144 2298 305 2349 notamenta
324 2297 496 2365 evocantur,
522 2297 549 2346 et
564 2290 598 2347 iis
615 2308 688 2367 quae
705 2291 796 2348 odore
813 2289 901 2348 ioedo
918 2299 1048 2359 moveut;
1074 2309 1141 2368 qua-

144 2374 179 2433 lis
196 2381 241 2431 est
259 2373 307 2449 pix
323 2372 426 2446 cruda,
443 2373 507 2431 lana
523 2374 656 2448 succida,
677 2375 777 2453 piper,
794 2382 948 2448 ueratrum,
966 2382 1140 2447 castoreum,

144 2466 272 2530 acetum,
288 2455 400 2531 allium,
422 2473 503 2534 cepa.
542 2457 627 2516 Juxta
642 2460 727 2517 etiam
741 2457 892 2533 galbanum
907 2457 1077 2533 incendunt,
1094 2468 1142 2517 aut

144 2540 236 2617 pilos,
259 2547 305 2597 aut
328 2557 416 2597 cornu
438 2541 598 2606 cervinum
627 2543 650 2599 si
673 2541 700 2599 id
720 2558 777 2599 non
798 2550 858 2617 est,
885 2540 1033 2618 quodlibet
1055 2541 1141 2600 aliud.

144 2623 278 2683 Tharrias
294 2641 365 2682 vero
383 2623 506 2700 quidam,
523 2627 702 2684 accessionis
716 2625 745 2683 id
759 2625 862 2683 malum
879 2643 944 2683 esse
960 2623 1045 2699 dixit,
1061 2624 1139 2683 leva·
1151 2644 1176 2682 as

143 2711 225 2785 rique
249 2724 332 2785 quum
354 2725 387 2765 ea
409 2706 550 2767 decessit:
573 2710 668 2787 itaque
691 2726 759 2783 eos,
787 2712 834 2786 qui
860 2709 980 2768 subinde
1002 2711 1140 2782 excitant,

111 2790 112 2794 ’
144 2794 205 2850 siue
222 2809 273 2849 usu
291 2789 365 2849 male
383 2790 500 2868 babere.
532 2791 655 2852 Interest
676 2802 785 2866 autem,
801 2794 829 2850 in
846 2793 1019 2853 decessione
1038 2810 1141 2870 exper-

143 2877 271 2953 giscatur
286 2892 389 2951 aeger,
411 2893 447 2935 an
463 2893 546 2953 quum
563 2876 653 2936 febris
668 2895 725 2936 non
746 2878 873 2951 levetur,
897 2885 944 2935 aut
959 2876 1052 2936 levata
1072 2893 1140 2954 quo-

144 2977 199 3037 que
225 2977 259 3018 ea
283 2976 399 3019 somnus
421 2969 532 3036 urgeat.
563 2960 635 3020 Nam
657 2962 680 3019 si
702 2961 931 3038 expergiscitur,
949 2959 1086 3019 adhibere
1102 2961 1139 3032 ei,

143 3053 172 3102 ut
186 3045 292 3122 sopito,
309 3062 517 3122 supervacuum
534 3054 592 3104 est:
615 3063 708 3122 neque
724 3045 798 3103 enim
814 3043 960 3121 vigilando
977 3046 1079 3104 melior
1094 3045 1175 3110 iit;ao

143 3128 194 3187 sed
213 3146 266 3207 per
281 3147 323 3202 se,
341 3129 364 3186 si
379 3128 480 3186 melior
497 3137 556 3201 est,
579 3130 689 3206 vigilat.
722 3130 752 3187 Si
769 3147 838 3188 vero
856 3129 1006 3187 continens
1022 3131 1048 3187 ei
1067 3147 1141 3188 som·

75 3228 76 3232 ’
142 3231 194 3272 nus
218 3222 276 3287 est,
300 3213 396 3290 utique
419 3212 587 3272 excitandus
609 3221 667 3280 es,t;
693 3212 744 3271 sed
760 3215 803 3284 ,iis
828 3211 1022 3290 temporibus,
1039 3212 1142 3290 quibus

142 3297 233 3356 febris
248 3296 395 3356 levissima
411 3305 464 3370 est,
481 3305 554 3363 utet
570 3305 708 3356 excernat
724 3295 840 3373 aliquid,
857 3305 886 3354 et
904 3305 1003 3354 sumat.
1026 3295 1142 3354 Excitat

143 3391 236 3440 autem
257 3379 432 3440 validissime
454 3389 575 3458 repente
597 3397 670 3458 aqua
693 3378 795 3455 frigida
818 3379 919 3440 inlusa.
952 3378 1021 3438 Post
1042 3382 1141 3438 remis-

142 3466 251 3523 sionem
266 3465 379 3542 itaque,
396 3472 565 3542 perunctum
581 3464 646 3523 oleo
662 3461 750 3521 multo
765 3478 884 3540 corpus,
902 3462 993 3522 tribus
1008 3472 1056 3522 aut
1071 3481 1138 3540 qua·
1150 3475 1175 3515 tt
