2414 3924
453 219 520 268 nus.
536 220 568 268 v.
585 218 659 268 oss.
675 218 802 269 xxv111.
889 180 892 184 ⁵
1051 208 1114 272 tce

120 393 196 456 qnae
208 373 306 434 uitium
316 382 473 451 receptura
484 380 540 450 est,
552 373 685 433 tumidior
699 382 729 434 ει
739 374 838 435 durior
853 384 909 452 est,
925 376 1115 457 coloremque

120 458 208 521 babet
224 475 262 518 ex
273 456 361 518 rubro
375 455 551 534 subnigram.
576 457 675 536 Atque
686 456 743 518 boo
754 476 872 538 qnoque
885 459 961 519 malo
973 459 1038 520 iere
1050 476 1113 521 oer-

120 560 195 625 pora
212 543 328 603 seniora
353 549 513 614 tentantur,
536 548 584 600 aut
604 556 679 620 quae
701 541 769 602 mali
782 541 896 604 habitus
912 552 992 614 suut;
1018 542 1116 605 sedin

121 625 253 688 cruribus
268 625 401 686 maxime.
433 621 531 684 Omnis
545 633 640 684 autem
655 643 741 686 sacer
754 627 846 705 ignis,
863 636 892 687 ut
906 628 1049 688 minimum
1064 642 1115 707 pe·

96 711 242 772 tricolum
256 708 343 771 babet
358 726 396 768 ex
407 709 456 784 iis,
473 725 547 787 quae
562 718 696 786 serpunt;
712 709 756 770 sio
767 727 862 790 prope
875 711 1044 772 difficillime
1059 710 1115 771 tol·

121 797 197 857 litor.
223 793 462 856 Medicamentum
474 793 536 869 ejus
548 791 695 853 fortuitum
711 803 772 872 est,
789 811 845 854 uuo
858 795 905 856 die
919 794 1025 872 febris,
1042 811 1116 874 quae

121 880 270 940 humorem
282 877 398 938 noxium
413 876 551 936 absumat.
577 875 646 953 Pus,
663 893 720 956 (guo
734 879 861 940 crassius
876 887 906 939 et
921 877 1043 940 albidius
1059 886 1116 954 est,

123 981 160 1023 eo
186 960 308 1040 periculi
332 962 424 1020 minus
460 970 514 1022 est.
568 961 694 1023 Prodest
718 962 805 1021 etiam
829 961 903 1020 inira
928 979 961 1021 os
986 962 1114 1025 ulcerum

121 1045 230 1128 laedi,
244 1061 300 1124 quo
324 1043 390 1122 plus
405 1045 486 1124 puris
502 1052 601 1114 exeat;
628 1053 657 1104 et
672 1043 717 1123 id,
733 1063 791 1125 quo
807 1045 847 1106 ibi
869 1055 1036 1127 corruptum
1052 1064 1116 1109 cor·

88 1145 179 1210 lopus
200 1136 260 1206 est,
284 1127 460 1188 extrahatur.
499 1127 558 1188 Sed
580 1136 691 1207 tamen,
707 1131 732 1189 si
746 1128 889 1191 febricula
908 1132 1050 1209 accessit,
1066 1129 1116 1191 ab·

123 1213 272 1289 stineutia,
289 1211 413 1288 lectulo,
433 1211 490 1275 alvi
506 1211 642 1274 ductione
660 1231 734 1292 opus
751 1221 806 1274 est.
835 1213 868 1275 ln
890 1217 966 1276 omni
981 1232 1055 1277 vero
1072 1232 1116 1276 sa·

123 1314 174 1359 cro
190 1296 269 1374 igni,
289 1313 385 1373 neque
406 1294 519 1355 lenibus
535 1304 564 1357 et
579 1297 734 1374 glutinosis
755 1297 845 1375 cibis,
867 1317 963 1378 neque
986 1299 1072 1361 salsis
1088 1306 1118 1358 et

122 1380 238 1443 neribus
250 1378 384 1440 utendum
395 1388 455 1450 est;
471 1378 524 1440 sed
539 1380 590 1457 iis,
611 1381 659 1459 qui
674 1383 749 1441 inter
762 1390 914 1463 utrumque
929 1392 1006 1444 sunt:
1023 1382 1117 1462 qualis

123 1473 169 1527 est
194 1464 278 1543 panis
298 1464 360 1523 siue
382 1463 545 1541 fermento,
565 1467 671 1544 piscis,
687 1463 815 1543 hoedus,
834 1467 910 1544 avis,
932 1476 1116 1546 exceptoque

87 1561 113 1602 ιε
125 1565 213 1628 apro,
229 1549 322 1610 omnis
338 1547 402 1608 iere
419 1548 544 1608 venatio.
582 1549 614 1609 Si
630 1566 688 1610 uon
704 1557 749 1610 est
770 1549 928 1627 febricula,
944 1559 973 1611 et
989 1550 1116 1628 gestatio

121 1633 199 1693 utilis
215 1641 261 1692 est
274 1640 303 1692 et
319 1631 474 1692 ambulatio
493 1640 521 1692 et
532 1633 627 1693 vinum
642 1641 785 1694 austerum
801 1643 830 1694 et
846 1633 989 1695 balneum.
1019 1635 1116 1713 Atque

121 1717 150 1776 in
160 1716 220 1777 boo
232 1733 348 1795 quoque
360 1733 470 1793 genere
486 1717 566 1795 potio
577 1719 669 1794 magis
685 1716 815 1778 liberalis
829 1736 913 1794 esse,
928 1735 1012 1799 quam
1024 1717 1117 1793 cibus,

123 1799 220 1861 debet.
251 1798 320 1877 Ipsa
339 1808 434 1859 autem
448 1799 563 1876 ulcera,
580 1803 604 1860 si
619 1801 804 1862 mediocriter
821 1811 957 1882 serpunt,
976 1818 1049 1881 aqua
1067 1817 1115 1861 ca·

122 1884 194 1952 lida;
216 1884 241 1943 si
261 1882 477 1960 vehementius,
498 1885 566 1944 vino
585 1883 679 1944 calido
695 1883 821 1945 fovenda
838 1896 918 1946 sunt:
943 1883 1047 1946 deinde
1062 1901 1114 1944 aon

86 1991 113 2034 oo
125 1967 264 2047 pusulae,
286 1985 483 2046 quaecumque
497 1976 579 2044 suut,
595 1967 785 2047 aperiendae:
807 1977 865 2028 tum
881 1968 1055 2048 imponenda
1069 1985 1114 2045 ea,

122 2069 197 2132 quae
215 2059 328 2131 putrem
348 2069 463 2111 carnem
483 2050 618 2111 exedunt.
658 2051 715 2112 Ubi
731 2051 913 2113 inflammatio
929 2051 1058 2130 sublata,
1074 2051 1114 2112 ul·

122 2153 234 2214 cosque
249 2143 400 2214 purgatum
416 2144 476 2210 est,
493 2135 602 2214 imponi
616 2134 682 2195 leue
698 2135 936 2197 medicamentum
957 2136 1054 2200 debet.
1083 2134 1116 2213 ln

121 2221 215 2280 altero
234 2227 328 2278 autem
343 2237 454 2296 genere
469 2227 592 2297 possunt
608 2219 754 2297 prolicere
768 2219 842 2280 mala
861 2230 985 2281 cotonea
1004 2220 1034 2280 in
1048 2221 1115 2279 vino

123 2312 208 2364 cocta
220 2311 305 2382 atque
320 2303 455 2362 coutrita:
471 2311 570 2380 potest
582 2303 768 2382 emplastrum
778 2303 825 2364 vel
837 2303 933 2365 Herae
942 2304 997 2385 (ci.
1006 2302 1058 2380 22,
1069 2303 1115 2383 3),

86 2386 172 2449 asael
191 2386 450 2466 tetrapharmacum
471 2385 544 2464 (19,
562 2387 622 2466 9),
647 2388 693 2447 oui
715 2389 810 2467 quinta
832 2389 986 2468 paraturis
1003 2387 1118 2465 adjecta

121 2473 173 2532 sit:
196 2479 296 2549 potest
315 2471 398 2547 nigra
415 2469 523 2530 bedera
541 2489 579 2530 ex
595 2472 663 2531 vino
679 2481 796 2532 austero
813 2481 911 2542 cocta;
929 2490 979 2549 ac,
996 2475 1020 2532 si
1038 2471 1117 2532 cele·

121 2556 191 2614 riter
205 2553 309 2614 malum
325 2556 432 2632 serpit,
449 2570 507 2613 non
522 2554 599 2614 aliud
613 2556 705 2632 magis
716 2557 842 2634 prolicit.
868 2555 995 2634 Purgato
1008 2556 1118 2632 ulcere,

122 2637 201 2718 quod
216 2638 244 2697 in
260 2655 367 2700 summa
382 2646 448 2697 oute
464 2656 531 2698 esse
550 2640 709 2718 proposui,
725 2640 794 2700 satis
807 2639 842 2701 ad
854 2641 1006 2701 sanitatem
1018 2640 1118 2700 eadem

122 2721 200 2783 lenia
217 2722 423 2783 medicamenta
440 2721 603 2799 proficient.

86 2828 112 2868 ao
186 2806 215 2866 5.
243 2806 408 2867 Chironium
428 2814 522 2866 autem
543 2805 625 2865 ulcus
647 2805 826 2884 appellatur,
850 2806 926 2886 quod
943 2816 973 2866 et
985 2822 1119 2882 magnum

123 2898 184 2967 est,
212 2900 242 2950 et
261 2889 349 2949 habet
369 2907 436 2949 oras
458 2889 560 2964 duras,
585 2887 727 2965 callosas,
748 2897 902 2950 tumentes.
931 2889 1000 2950 Exit
1021 2889 1118 2948 sanies

122 2991 181 3033 non
196 2974 299 3050 multa,
316 2973 368 3033 sed
384 2973 493 3041 tenuis;
510 2973 584 3033 odor
595 2971 687 3031 malus
699 2990 795 3052 neque
808 2975 837 3033 in
848 2973 966 3048 ulcere,
984 2989 1079 3050 neque
1090 2973 1120 3030 in

123 3059 187 3135 ejus
202 3057 322 3118 humore
340 3066 399 3127 est;
418 3057 496 3116 nulla
512 3056 713 3133 inflammatio,
730 3055 815 3117 dolor
826 3055 957 3115 modicus
974 3063 1032 3123 est;
1048 3053 1117 3113 nibil

123 3143 230 3220 serpit:
253 3141 379 3220 ideoque
399 3141 505 3200 nullum
521 3139 679 3219 periculum
695 3138 804 3209 adfert:
826 3138 877 3198 sed
895 3155 952 3198 non
970 3137 1058 3199 facile
1073 3154 1118 3197 sa·

87 3226 228 3292 sanescit.
267 3223 411 3285 Interdum
438 3225 530 3284 tenuis
558 3224 678 3283 cicatrix
702 3222 859 3298 inducitur,
887 3221 991 3282 deinde
1018 3223 1122 3281 iterum

122 3311 281 3389 rumpitur,
309 3309 450 3388 ulcusque
475 3316 641 3368 renovatur.
680 3307 725 3368 llit
748 3307 871 3367 maxime
894 3307 924 3365 in
947 3304 1064 3386 pedibus

123 3393 267 3453 cruribus.
298 3394 393 3472 Super
413 3394 441 3452 id
462 3392 571 3471 imponi
591 3390 696 3466 debet,
718 3389 795 3470 quod
816 3397 845 3450 et
859 3389 926 3451 lene
949 3384 1056 3470 aliquit*

132 3477 301 3554 vehemens,
325 3486 354 3537 et
369 3477 531 3555 reprimens
547 3474 667 3545 habeat;
686 3475 771 3554 quale
786 3476 849 3552 ejus
865 3477 908 3535 rei
932 3491 1019 3535 causa
1035 3470 1048 3533 l

180 3580 288 3622 causus.
875 3560 913 3620 14
