2414 3924
438 215 742 264 mmmm
1036 205 1093 266 m

93 373 144 434 vel
159 373 186 432 in
202 389 305 450 aquam
324 371 458 445 calidam,
483 371 511 430 in
527 389 581 450 qua
596 371 711 431 foenum
727 389 864 448 graecum
879 372 1031 431 decoctum
1046 371 1093 447 sit,

97 467 128 518 et
143 456 258 533 adjecta
275 454 333 512 olei
349 471 417 532 pars
434 455 528 514 tertia.
562 454 654 514 Alvus
670 473 785 534 quoque
801 457 886 516 ducta
901 474 991 534 saepe
1007 473 1092 533 supe-

97 543 191 602 riores
219 547 318 617 partes
344 538 477 597 resolvit.
521 539 552 598 Si
577 555 648 598 vero
675 541 758 599 etiam
784 539 991 600 vehementius.
1009 539 1094 599 dolor

99 625 206 699 crevit,
223 621 421 682 admovendae
437 621 601 683 cervicibus
617 623 812 684 cucurbitulae
828 632 908 700 sunt,
925 626 967 682 sic
978 633 1008 684 ut
1021 625 1093 683 cutis

73 707 257 769 sincidatur:
281 706 383 766 eadem
398 714 446 766 aut
462 705 661 781 ferramentis,
679 717 726 766 aut
740 708 833 785 sinapi
851 707 1004 768 adurenda.
1038 705 1094 766 Ubi

96 795 212 854 levatus
237 801 282 851 est
307 789 412 865 dolor,
445 793 614 869 moverique
644 792 744 850 cervix
769 793 887 870 coepit,
920 792 996 851 scire
1025 791 1094 850 licet

97 876 206 937 cedere
228 874 363 933 remediis
380 874 517 935 morbrun.
555 874 614 933 Sed
633 873 677 933 diu
697 876 826 935 vitandus
845 874 941 950 cibus,
965 875 1093 955 quisquis

97 958 273 1020 mandendus
289 966 343 1016 est.
377 957 590 1018 Sorbitionibus
606 959 755 1036 utendum,
778 962 903 1039 itemque
922 962 985 1018 ovis
1001 959 1092 1018 sorbi-

99 1043 192 1116 libus,
215 1049 261 1100 aut
281 1041 432 1111 mollibus;
457 1045 506 1118 jus
528 1041 644 1120 aliquod
670 1044 878 1103 assumendum.
917 1042 949 1103 ld
971 1045 995 1103 si
1017 1043 1093 1103 bene

60 1143 88 1184 ro
101 1126 297 1204 processerit,
316 1126 434 1204 jamque
457 1145 495 1185 ex
515 1135 576 1186 toto
594 1135 675 1184 recte
691 1145 723 1186 se
740 1126 849 1187 babere
865 1128 999 1187 cervices
1015 1127 1093 1186 vide·

98 1211 218 1284 buntur,
234 1209 426 1285 incipiendum
442 1211 495 1270 erit
510 1228 525 1269 a
542 1210 694 1289 pulticula,
712 1211 759 1270 vel
774 1213 868 1272 intrita
884 1211 958 1271 bene
971 1211 1093 1272 madida.

99 1293 234 1354 Celerius
253 1301 347 1351 tamen
363 1294 448 1353 etiam
465 1296 546 1372 panis
562 1294 752 1370 mandendus,
771 1313 854 1374 quam
869 1295 964 1354 vinum
977 1305 1093 1372 gustan-

99 1380 180 1438 dum:
209 1376 348 1455 siquidem
372 1377 455 1453 buJus
478 1397 547 1437 usus
567 1379 726 1456 praecipue
750 1380 948 1459 periculosum
969 1380 1094 1459 ideoque

98 1464 126 1520 in
142 1462 256 1537 longius
271 1469 382 1538 tempus
398 1461 573 1520 differendus
590 1471 643 1520 est.

64 1717 89 1755 15
217 1670 219 1674 ’
374 1696 557 1758 curun
590 1697 757 1776 vunnu,
778 1698 819 1775 11.

289 1815 324 1863 De
343 1813 453 1863 lancium
468 1815 575 1865 morbis:
594 1823 618 1863 et
635 1816 743 1880 primum
759 1815 790 1863 de
807 1815 908 1879 angina.

166 1964 202 2024 Ut
223 1966 279 2025 boc
303 1975 397 2026 autern
417 1966 509 2025 morbi
532 1984 624 2042 genus
649 1968 726 2026 circa
751 1975 837 2025 totam
861 1966 1021 2041 cervicem,
1054 1964 1096 2024 sio

100 2049 237 2124 alterum,
255 2068 348 2128 aeque
365 2051 533 2128 pestilerrun
549 2059 735 2127 acutumque,
750 2052 778 2108 in
792 2050 924 2109 faucibus
943 2067 1009 2107 esse
1028 2066 1095 2107 oon·

101 2136 204 2192 suevit.
235 2132 333 2192 Nostri
352 2134 497 2212 anginam
512 2143 632 2193 vocant:
654 2135 729 2211 apud
746 2133 875 2194 Graecos
891 2150 994 2191 nornen
1011 2141 1097 2211 prout

63 2237 89 2275 so
102 2219 219 2295 species
234 2226 288 2276 est.
323 2217 466 2277 Interdum
482 2219 555 2278 enim
569 2237 665 2296 neque
679 2218 785 2294 rubor,
804 2235 898 2295 neque
914 2227 1006 2276 tumor
1020 2216 1096 2275 ullus

100 2310 237 2378 apparet;
260 2301 312 2361 sed
332 2319 439 2378 corpus
455 2304 562 2362 aridum
579 2311 639 2376 est,
663 2303 712 2361 vix
727 2304 844 2380 spiritus
859 2302 995 2376 trabitur,
1009 2318 1095 2359 mem·

101 2384 153 2443 bra
169 2384 332 2446 solvuntur:
350 2386 378 2444 id
392 2379 563 2465 συνάγχην
580 2396 691 2448 vocant.
714 2386 857 2447 lnterdum
870 2386 968 2462 lingua
981 2385 1095 2444 fauces·

102 2486 160 2546 que
177 2487 240 2526 cum
254 2469 360 2528 rubore
377 2471 581 2546 intumescunt,
604 2489 662 2530 vox
678 2472 746 2531 nibil
762 2471 920 2548 significat,
938 2469 1015 2528 oculi
1032 2488 1095 2528 ver·

101 2562 213 2626 tuntur,
231 2552 321 2611 iacies
338 2553 444 2631 pallet,
460 2555 660 2634 singultusque
674 2564 734 2614 est:
758 2555 786 2614 id
798 2546 969 2633 κυνάγχην
981 2561 1095 2613 vocant.

65 2635 155 2694 csllla
179 2638 336 2696 communia
356 2646 434 2698 sunt:
456 2657 546 2715 aeger
568 2657 624 2698 non
641 2638 733 2697 cibum
749 2639 906 2713 devorare,
932 2656 988 2696 non
1004 2639 1097 2714 potio·

103 2736 168 2775 nem
184 2726 295 2794 potest;
314 2722 431 2799 spiritus
444 2724 506 2798 ejus
520 2721 727 2786 intercluditur.
748 2721 852 2781 Levius
866 2731 925 2796 est,
943 2721 991 2780 ubi
1005 2731 1097 2779 tumor

103 2802 297 2862 tantummodo
319 2805 465 2883 ruborque
484 2817 544 2880 est,
571 2816 670 2866 cetera
685 2823 742 2864 non
760 2815 932 2882 sequuntur:
953 2804 981 2862 id
996 2822 1097 2883 παρα-

103 2877 275 2965 συνάγχην
290 2891 445 2967 appellant.
485 2890 629 2968 Quidquid
645 2898 705 2963 est,
724 2891 748 2948 si
764 2890 841 2947 vires
857 2891 1017 2966 patiuntur,
1034 2905 1097 2947 san·

102 2970 166 3045 guis
182 2972 335 3032 mittendus
352 2982 410 3033 est:
429 2973 584 3032 secundum
602 2981 646 3031 est
662 2972 770 3032 ducere
783 2973 875 3031 alvum
891 2971 945 3048 (ci.
958 2971 1035 3043 Vlll,
1052 2970 1096 3045 9).

66 3073 91 3112 so
104 3051 288 3116 Cucurbitula
309 3076 424 3136 quoque
442 3067 521 3117 recte
540 3057 593 3115 sub
608 3065 723 3130 mento,
747 3065 775 3114 et
792 3056 869 3114 circa
886 3056 985 3113 lauces
1002 3051 1098 3111 admo-

101 3148 201 3214 vetur,
229 3148 258 3198 ut
280 3142 308 3200 id
332 3142 408 3219 quod
425 3142 599 3218 strangulat,
625 3148 740 3198 evocet.
779 3137 857 3216 Opus
875 3146 919 3197 est
934 3137 1037 3196 deinde
1055 3136 1098 3194 io·

101 3225 204 3281 mentis
221 3223 360 3285 humidis:
383 3243 445 3284 narn
461 3228 539 3286 sicca
556 3225 686 3303 spiritum
705 3222 821 3281 elidunt.
845 3221 925 3298 Ergo
943 3222 1098 3280 admovere

101 3308 240 3383 spongias
265 3319 398 3386 oportet:
421 3329 495 3388 quae
520 3311 620 3369 melius
644 3308 672 3366 in
694 3306 815 3365 calidum
837 3305 948 3381 oleum,
973 3324 1054 3384 quam
1072 3307 1099 3363 in

104 3389 225 3450 calidam
253 3411 356 3470 aquam
383 3394 503 3454 subinde
528 3395 724 3454 demittuntur:
754 3390 1031 3468 efficacissimusque
1055 3399 1099 3450 est

66 3488 91 3528 aa
103 3471 149 3532 bic
165 3492 280 3552 quoque
298 3477 366 3535 salis
383 3477 492 3537 calidus
508 3497 612 3537 succus
629 3474 781 3556 (ciflipp.
803 3473 877 3620 Vic9t.
893 3481 953 3535 rot.
968 3475 999 3534 in
1017 3481 1097 3534 ucat.

142 3578 248 3617 CELSUS.
