2414 3924
548 208 766 276 ..66-

148 356 249 418 oleum
275 357 437 435 myrtinum
465 353 548 418 dabis
576 352 765 416 colluendum
793 362 824 416 et
856 362 1015 434 postquam
1047 353 1166 417 dederis

147 445 269 506 alumen
291 447 419 508 scissum
441 462 509 507 cum
532 444 670 505 limatura
693 442 785 504 carali
807 445 912 504 tritum
934 461 1075 524 appones.

238 533 317 595 aliud
341 533 377 594 ad
400 533 506 596 dentes
531 535 676 612 agitantes
698 532 889 611 stringendos
909 540 940 593 et
962 534 1088 612 gingivis
1110 535 1164 594 im·

147 620 281 702 plendos.
322 621 414 702 gallae
443 630 473 684 et
499 621 641 684 acanthae
665 622 817 700 aegyptiae
840 633 875 682 ÷
898 621 1043 700 singulas,
1074 622 1165 682 corali

121 709 220 780 5311
247 712 278 772 in
306 729 366 772 uno
390 711 548 791 diligenter
570 710 679 771 tundes
702 718 733 770 et
755 710 930 772 tenuissime
955 712 1033 771 tritis
1060 713 1164 771 uteris.

237 799 316 860 aliud
339 798 376 862 ad
399 799 505 861 dentes
527 817 564 860 ex
586 815 732 878 percussu
755 799 910 877 agitantes.
947 797 992 859 lac
1015 800 1164 860 asininum

148 896 200 950 aut
226 890 381 968 caprinum
408 890 440 949 in
468 887 628 949 collatione
658 889 719 947 oris
752 886 854 948 datum
882 887 987 947 dentes
1019 890 1166 966 agitantes

148 979 252 1038 statuit
278 977 324 1038 rel
352 976 471 1058 solidat,
499 984 529 1037 et
555 975 704 1036 ulceratas
731 977 863 1054 gingivas
891 983 921 1036 et
949 978 1010 1036 oris
1033 978 1103 1037 ritia
1127 994 1164 1037 ex

148 1065 287 1126 acredine
309 1065 444 1131 humoris
467 1071 536 1127 nata
559 1063 704 1125 medetur.

108 1169 134 1208 10
235 1154 452 1233 dentifricium,
475 1151 555 1233 quod
576 1152 682 1212 Graeci
700 1152 931 1214 odontotrimma
948 1160 1063 1214 vocant.
1100 1156 1163 1233 gin·

147 1244 229 1321 giras
251 1242 384 1320 turgidas
411 1244 474 1303 sive
497 1240 737 1320 sanguinolentas
760 1243 825 1301 sine
852 1241 911 1303 ulla
934 1243 1088 1302 vexatione
1112 1242 1162 1302 de·

148 1332 253 1412 siccat,
289 1332 391 1409 nigros
428 1330 533 1393 dentes
569 1328 738 1391 incandidet
774 1337 804 1390 et
840 1332 887 1390 ori
924 1329 1016 1391 letidc
1050 1330 1163 1391 bonum

36 1450 38 1455 .
147 1418 270 1481 odorem
309 1419 396 1501 iacit,
431 1419 538 1481 dentes
573 1417 699 1478 mobiles
734 1418 781 1478 vel
816 1420 962 1497 agitantes
998 1419 1164 1480 confirmat

147 1509 255 1587 recipit
282 1525 378 1568 cornu
404 1509 517 1568 cervini
544 1506 694 1568 combusti
723 1513 753 1566 et
780 1506 944 1587 specularis
971 1509 1031 1567 assi
1059 1510 1163 1568 uncias

107 1599 134 1652 ti
147 1593 246 1678 binas,
268 1595 338 1657 salis
361 1598 535 1657 ammoniaci
557 1594 579 1662 3
601 1595 628 1676 l,
656 1597 794 1679 mastices
808 1597 838 1664 '3
861 1594 888 1676 1,
914 1595 1053 1657 aluminis
1075 1595 1163 1675 lipari

148 1685 220 1746 sicci
248 1691 278 1746 et
305 1685 367 1746 lolii
394 1682 431 1746 dr
453 1692 621 1765 quaternas.
663 1683 771 1744 tuudes
799 1691 829 1745 at
856 1702 977 1764 ceram,
1006 1691 1037 1745 et
1059 1687 1163 1745 uteris.

236 1776 355 1835 sivero
379 1791 539 1835 cancerosa
561 1772 705 1834 ulceratio
729 1772 821 1833 luerit
845 1775 1044 1852 gingivarum,
1074 1790 1162 1852 quam

148 1860 253 1923 Graeci
271 1863 449 1924 carcinoden
468 1869 587 1943 vocant,
610 1859 745 1923 dentium
763 1861 887 1940 nigredo
905 1861 952 1921 vel
969 1861 1044 1921 livor
1063 1869 1163 1922 osten·

148 1951 228 2012 ditur
242 1969 311 2012 cum
327 1951 510 2013 ulceratione
527 1949 648 2030 putrida
666 1951 850 2030 gingivarum
865 1968 902 2010 ex
921 1949 1163 2028 supradictorum

106 2038 280 2099 rodentium
304 2042 461 2118 agitatione
486 2047 517 2101 et
539 2040 600 2099 oris
622 2045 745 2118 putore,
767 2038 905 2100 adluncta
929 2040 1064 2118 corperis
1086 2038 1163 2098 mala

146 2124 320 2188 habitudine
344 2145 433 2205 quam
456 2127 561 2188 Graeci
584 2125 744 2186 cachexian
767 2134 881 2188 vocant.
917 2126 955 2187 ob
980 2125 1163 2206 diligentiam

219 2372 233 2420 1
254 2366 399 2420 oleum
418 2364 572 2422 dederisa.
591 2382 618 2421 c:
643 2365 704 2421 oleo
728 2366 843 2422 mirtino
865 2367 971 2423 colluea
993 2369 1023 2424 et
1048 2366 1162 2422 collutis

146 2436 357 2506 dentibusaffp
431 2437 540 2504 Mitem
553 2441 580 2506 4)
600 2435 728 2507 corelia,
747 2437 847 2494 coralli
854 2455 885 2509 p
958 2437 1118 2508 tagitnies
1135 2454 1160 2492 c·

146 2528 269 2597 agitatas
288 2527 349 2596 (aio)
368 2530 432 2581 onte
450 2541 519 2582 corr.
533 2541 557 2595 p
576 2526 618 2595 (-
589 2514 699 2585 -eaeia
712 2527 767 2596 φο).
841 2524 1033 2596 stringendum
1052 2528 1082 2581 et
1099 2526 1161 2596 gin·

145 2616 225 2686 giras
243 2614 390 2685 iplendum
415 2613 654 2698 c,etst1·ingere
679 2616 707 2670 et
729 2598 852 2685 gingivis
878 2614 1034 2685 replerep.
1144 2619 1162 2668 4

146 2688 230 2756 agate
248 2703 289 2756 cp.
394 2691 508 2741 binio
526 2684 654 2756 (vinclo.
759 2691 1001 2768 opercusaurap.
1097 2687 1162 2740 'lin

443 2757 567 2883 ra
586 2755 926 2898 enarrante
950 2757 1162 2931 arana

144 2871 347 3020 addimitrap.
430 2937 459 2989 et
476 2934 553 3004 ging.
567 2951 610 3016 p..
682 2939 714 2987 11
734 2932 916 3017 sanguinosas
930 2950 960 3002 p.
1046 2933 1160 2989 dietae

144 3005 300 3074 (venatione
318 3008 443 3075 conada)
531 3010 564 3058 12
583 3005 724 3076 nigeuno,
742 3004 780 3060 ni.
800 3005 906 3074 (simp.
995 3004 1163 3060 incandidet

144 3093 172 3133 c:
190 3077 367 3147 eandidatp.
442 3082 475 3132 13
495 3078 523 3131 ei
541 3076 638 3131 dentes
656 3093 698 3146 cp.
786 3080 820 3129 14
838 3076 864 3178 ll
882 3091 924 3144 cp.
1006 3075 1161 3145 specularia

144 3185 200 3240 assi
219 3185 305 3254 (otc.
325 3187 386 3253 39).
406 3181 601 3253 spedanmic,
620 3177 766 3270 spela(lar
775 3139 890 3253 ,apleli
902 3187 939 3264 ρο
956 3197 1012 3251 pro
1034 3182 1160 3251 eplorant)

144 3272 282 3326 aasump
356 3260 389 3310 ld
408 3254 574 3323 manticae,
593 3272 692 3324 —cp
783 3231 898 3308 alumen
915 3252 1078 3323 liparam
1055 3269 1161 3308 siccum

144 3327 173 3382 et
190 3326 289 3382 lolium
306 3333 324 3390 3
342 3326 355 3380 Ι
375 3327 456 3395 (corr.
476 3325 584 3396 IIHJp.
659 3332 692 3381 16
712 3325 830 3381 uberae.
900 3331 941 3379 11
963 3323 994 3379 Si
1012 3339 1162 3380 cancerosa

142 3413 294 3539 {barbae
309 3397 456 3537 „wopand
475 3398 603 3523 (odibant
611 3403 680 3537 1418
700 3395 1045 3536 eiicbbbgssrgm-cssonp
1125 3400 1161 3450 ²0
