2414 3924
124 218 187 281 tta
415 230 444 278 c.
462 229 496 277 s.
512 227 611 276 oansr
625 227 821 276 maurorum

470 381 654 444 CAPUT
688 383 771 442 XV.

511 498 547 546 De
566 511 656 546 cancro
675 497 733 554 oris.

187 636 218 695 Si
244 632 357 712 quando
384 643 478 693 autem
506 634 606 694 ulcera
633 634 692 692 oris
718 650 823 692 cancer
843 631 965 706 invasit,
997 633 1119 710 primum

124 717 363 780 considerandum
383 726 444 794 est,
465 736 530 777 num
551 718 641 777 malus
665 719 797 794 corporis
819 715 933 775 habitus
954 716 1004 792 sit,
1033 717 1118 794 eique

124 800 347 870 occurrendum
364 800 468 862 deinde
483 804 547 880 ipsa
562 802 660 861 ulcera
678 802 813 860 curanda.
836 798 920 875 Quod
932 799 956 858 si
968 799 996 857 in
1009 815 1140 860 summas

20 948 23 953 .
125 895 207 966 parte
223 884 251 945 id
265 886 360 944 uitium
372 894 427 961 est,
440 886 510 946 satis
523 885 637 965 prolicit
646 873 790 964 beappo,
807 882 922 943 humido
934 882 1027 942 ulceri
1039 882 1120 943 arida

125 971 275 1049 inspersa;
297 970 428 1045 sicciori,
451 987 514 1028 cum
536 970 641 1045 exigua
664 976 746 1045 parte
766 967 861 1026 mellis
881 966 969 1026 illita:
991 967 1015 1024 si
1031 967 1119 1045 paulo

124 1054 225 1130 altius,
254 1052 370 1113 chartae
392 1052 560 1113 combustae
581 1061 680 1131 partes
705 1052 794 1128 duae,
824 1051 1026 1129 auripigmenti
1050 1068 1119 1129 pars

124 1155 192 1198 una:
216 1139 240 1197 si
263 1138 379 1215 penitus
392 1137 497 1196 malum
511 1135 678 1213 descendit,
701 1135 818 1195 chartae
837 1133 1004 1194 combustae
1019 1142 1119 1213 partes

124 1230 202 1296 tres,
234 1221 436 1298 auripigmenti
457 1238 524 1299 pars
548 1228 662 1297 quarta;
695 1229 742 1279 aut
763 1236 849 1297 pares
872 1218 1022 1298 portiones
1048 1217 1119 1278 salis
1130 1234 1155 1277 ro

124 1304 216 1379 lricti,
238 1311 267 1362 et
286 1303 367 1362 iridis
389 1303 506 1371 frictam
530 1313 577 1363 aut
592 1305 659 1362 item
676 1319 761 1382 pares
778 1304 929 1381 portiones
944 1300 1118 1376 chalcitidis,

127 1386 230 1461 calcis,
254 1386 465 1465 auripigmenti.
505 1385 709 1447 Necessarium
724 1395 818 1446 autem
835 1395 879 1445 est
894 1385 1076 1445 linamentum
1090 1387 1120 1444 in

123 1487 194 1530 rosa
209 1472 338 1546 tingere,
365 1480 394 1530 ει
408 1490 498 1550 super
512 1470 660 1530 adurentia
674 1470 881 1532 medicamenta
896 1470 1063 1547 imponere;
1081 1488 1119 1528 ne

125 1554 249 1614 vicinum
264 1563 293 1613 et
308 1572 406 1614 sanum
422 1555 518 1614 locum
535 1553 658 1615 laedant.
680 1552 801 1629 Quidam
816 1555 901 1614 etiam
916 1554 944 1611 in
955 1553 1032 1612 acris
1042 1553 1120 1613 aceti

125 1639 267 1699 heminam
282 1638 396 1698 frictum
411 1639 502 1699 salem
519 1639 691 1715 conjiciunt,
713 1637 806 1697 donec
821 1637 975 1697 tabescere
990 1637 1103 1698 desinat
1109 1661 1116 1707 ;
1131 1659 1156 1698 ιε

124 1723 228 1783 deinde
245 1721 272 1780 id
288 1732 400 1782 acetum
416 1732 557 1802 coquunt,
576 1723 669 1783 donec
684 1724 863 1789 exsiccatum
890 1738 1011 1798 eumque
1027 1720 1119 1781 salem

124 1808 276 1867 contritum
292 1808 472 1885 inspergunt.
496 1806 617 1881 Quoties
630 1816 723 1866 autem
735 1805 973 1865 medicamentum
985 1805 1120 1880 injicitur,

123 1900 152 1951 et
171 1899 237 1950 ante
261 1899 290 1949 et
306 1899 372 1969 post
388 1906 422 1949 os
438 1889 589 1950 eluendum
607 1900 650 1950 est
666 1890 714 1949 vel
732 1907 864 1949 cremore
877 1888 1047 1964 lenticulae,
1070 1888 1120 1948 vel

123 1993 213 2054 aqua,
237 1975 265 2032 in
287 1991 343 2052 qua
359 1982 538 2051 autentum,
562 1983 609 2035 aut
625 1973 725 2049 oleae,
751 1982 798 2033 aut
813 1973 960 2033 verbenae
975 1971 1117 2031 decoctae

123 2061 194 2135 sint,
211 2059 268 2134 sic,
286 2067 314 2118 ut
330 2057 449 2118 cuilibet
466 2076 565 2118 eorum
578 2058 691 2136 paulum
703 2058 798 2116 mellis
809 2059 972 2116 misceatur.
993 2056 1155 2119 Acetumro

123 2160 239 2221 quoquc
261 2160 298 2200 ex
318 2142 401 2202 scilla
423 2151 564 2201 retentum
588 2159 640 2202 ore
663 2144 733 2202 satis
759 2141 898 2202 aduersus
924 2140 996 2201 haec
1020 2140 1120 2202 ulcera

123 2229 250 2303 prolicit:
274 2231 304 2283 et
328 2241 366 2281 ex
386 2233 470 2284 aceto
491 2231 577 2284 cocto
615 2226 685 2302 sali,
706 2227 779 2285 sicut
794 2245 881 2304 supra
896 2225 1120 2286 demonstratum

122 2318 178 2384 est,
194 2326 294 2368 rursus
309 2310 426 2368 mixtum
440 2316 560 2367 acetum.
596 2308 654 2368 Sed
671 2319 700 2368 et
715 2309 762 2369 diu
779 2311 928 2370 continere
943 2308 1119 2384 utrumlibet,

123 2400 153 2450 et
170 2391 199 2450 id
221 2390 265 2448 bis
289 2400 336 2450 aut
360 2401 404 2450 ter
426 2390 472 2451 dle
493 2391 608 2467 iacere,
644 2403 728 2472 prout
752 2393 908 2453 vehemens
934 2393 1037 2453 malum
1064 2402 1117 2468 est,

123 2474 317 2532 necessarium
332 2483 386 2534 est.
420 2474 505 2548 Quod
523 2476 546 2533 si
562 2494 635 2554 puer
649 2486 710 2553 est,
729 2479 776 2537 cui
792 2477 819 2536 id
834 2477 947 2553 incidit,
964 2476 1118 2555 specillum
1127 2498 1154 2538 aa

122 2558 185 2617 lana
207 2556 365 2616 involutum
381 2559 409 2616 in
426 2557 661 2619 medicamentum
678 2560 880 2621 demittendum
897 2570 957 2639 est,
985 2570 1013 2621 et
1030 2577 1120 2638 super

123 2637 204 2700 ulcus
227 2641 396 2710 tenendum;
428 2660 464 2700 ne
488 2661 541 2721 per
567 2644 785 2722 imprudentiam
811 2645 960 2705 adurentIa
986 2644 1119 2703 devoret.

122 2725 153 2783 Si
167 2723 251 2783 dolor
266 2726 294 2782 in
309 2725 436 2802 gingivis
454 2736 512 2804 est,
528 2738 737 2805 moventurque
751 2729 837 2806 aliqui
850 2727 1057 2807 dentes,reiigi
1067 2745 1120 2787 eos

123 2815 255 2887 oportet:
283 2826 348 2869 nam
372 2812 548 2871 curationem
575 2812 762 2873 vehementer
786 2813 952 2891 impediunt.
995 2813 1026 2872 Si
1051 2810 1119 2872 nihil

125 2892 333 2954 medicamenta
350 2895 521 2970 proficient,
537 2896 637 2955 ulcera
653 2905 736 2955 erunt
748 2895 903 2956 adurenda.
924 2896 1010 2970 Quod
1023 2905 1118 2955 tamen
1128 2915 1155 2955 eo

122 2979 150 3037 in
170 2976 260 3037 labris
277 2978 345 3038 ideo
363 2996 421 3038 non
437 2987 483 3038 est
499 2980 709 3055 necessarium,
732 2981 866 3058 quoniam
885 2979 1025 3039 excidere
1042 2995 1119 3038 conn-

122 3062 234 3122 modius
251 3071 304 3122 est.
328 3061 366 3122 Et
380 3062 408 3121 id
425 3063 539 3140 quidem
554 3081 648 3142 aeque
665 3063 795 3122 adustum
812 3072 898 3141 atque
914 3065 1044 3123 excisum
1056 3062 1119 3122 sine

121 3163 156 3205 ea
172 3147 331 3220 curatione,
348 3165 421 3224 quae
438 3165 521 3205 manu
537 3146 697 3222 adhibetur,
712 3148 827 3226 impleri
842 3164 899 3206 non
917 3156 1023 3225 potest.
1053 3145 1119 3206 Gin-

121 3230 251 3306 givarum
267 3247 337 3289 vero
354 3248 438 3306 ossa,
457 3249 530 3308 quae
546 3229 660 3290 hebetia
677 3240 758 3307 sunt,
772 3232 801 3289 in
817 3239 988 3308 perpetuum
1007 3229 1120 3289 ustione

121 3312 275 3373 nudantur·
292 3331 386 3390 neque
404 3315 478 3372 enim
495 3322 598 3391 postea
613 3331 681 3374 caro
699 3315 845 3375 increscit.
880 3313 1059 3393 Imponenda
1077 3321 1117 3373 ta·
1128 3336 1155 3377 as

120 3413 185 3454 men
204 3395 312 3456 adustis
328 3396 464 3456 lenticula
477 3407 531 3473 est,
545 3396 638 3458 donec
652 3400 812 3474 sanitatem,
826 3397 919 3478 qualis
930 3416 998 3458 esse
1011 3405 1121 3476 potest,

120 3479 270 3557 recipiant.
