2414 3924
426 218 495 266 nun.
511 218 558 266 vu.
582 216 658 266 car.
674 216 774 266 xvur.
1038 207 1099 270 aot

103 389 178 452 quae
196 389 253 432 non
270 374 407 450 sentitur,
423 371 476 432 sed
497 374 604 451 serpit,
621 391 673 448 ac,
697 374 722 432 si
738 373 938 448 sustinuimus,
957 374 1100 454 usquead

104 458 231 515 vesicam
245 455 349 525 tendit;
366 474 462 534 neque
474 458 604 517 succurri
619 465 722 536 postea
736 465 842 535 potest.
864 458 897 517 Si
912 458 941 517 id
951 458 979 516 in
991 476 1100 523 summa

102 538 209 618 glande
230 540 309 599 circa
325 540 446 599 listulam
463 541 563 601 urinae
579 549 639 617 est,
659 541 738 619 prius
754 543 783 600 in
802 558 865 612 eam
885 550 973 600 tenue
992 541 1100 622 specil·

101 625 159 684 lum
174 622 377 682 demittendum
393 632 454 699 cst,
472 643 509 683 ne
531 623 692 693 claudatur;
712 624 815 687 deinde
833 625 861 685 id
882 626 962 686 forro
978 625 1099 686 aduren-

78 707 183 770 adum:
200 707 225 765 si
240 723 313 766 vero
329 707 386 767 alte
403 710 583 786 penetravit,
600 708 736 806 quidquid
752 717 925 808 occupatum
940 718 999 787 est,
1016 727 1099 788 prae-

102 789 252 851 cidendum
268 800 322 849 est.
349 789 455 850 Cetera
472 791 590 867 eadem,
609 794 726 869 quaein
743 792 807 852 aliis
822 794 951 870 cancris,
967 793 1099 865 iacienda

34 883 37 890 '
101 882 175 935 sunt.

164 960 193 1018 5.
228 958 405 1019 Occallescit
436 959 520 1017 etiam
547 959 576 1018 in
603 959 670 1019 cole
697 960 837 1020 interdum
863 961 987 1039 aliquid;
1013 960 1100 1040 idque

101 1044 176 1103 omni
197 1061 290 1120 paene
315 1060 401 1101 sensu
426 1051 520 1101 caret:
542 1042 651 1121 quod
643 1061 735 1121 ipsum
758 1062 874 1123 quoque
891 1044 986 1105 excidi
1001 1043 1098 1106 dehet.

65 1152 90 1192 ιο
102 1122 301 1188 Carbunculus
317 1135 411 1186 autem
425 1126 464 1184 ihi
482 1135 578 1203 natus,
595 1136 625 1187 ut
641 1128 761 1205 primum
777 1137 915 1208 apparet,
937 1145 992 1207 per
1004 1129 1099 1189 oricu-

99 1213 200 1272 larium
216 1210 372 1285 clysterem
390 1208 530 1269 eluendus
548 1219 606 1271 est:
626 1210 762 1271 deinde
754 1230 819 1291 rpse
841 1229 959 1291 quoque
974 1211 1098 1280 medica.-

99 1297 203 1355 mcntis
221 1295 360 1371 urendus,
377 1296 557 1372 maximeque
576 1294 728 1354 chalcitide
747 1314 810 1355 cum
825 1296 930 1371 melle,
954 1305 1001 1357 aut
1016 1313 1098 1356 aeru-

99 1381 167 1457 gine
183 1397 246 1438 cum
263 1388 349 1439 cocto
370 1379 477 1454 melle,
497 1388 544 1439 aut
560 1379 651 1438 ovillo
673 1389 808 1439 stercore
823 1379 910 1439 fricto
929 1389 958 1439 et
973 1381 1098 1441 contrito

100 1480 164 1523 cum
178 1463 282 1523 eodem
294 1462 391 1523 r'nelle.
414 1463 471 1524 Ubi
486 1465 512 1522 is
523 1463 648 1538 excidit,
664 1462 779 1542 liquidis
791 1461 1008 1524 medicamentis
1019 1473 1098 1524 nten-

65 1565 90 1604 ιι
100 1547 165 1608 dum
181 1557 239 1623 est,
257 1564 330 1625 quae
346 1547 381 1608 ad
397 1549 457 1608 oris
472 1547 572 1606 ulcera
588 1557 807 1625 componuntur.

162 1631 192 1695 6.
215 1631 248 1690 ln
266 1631 406 1690 testiculis
428 1649 516 1706 vero,
538 1632 563 1689 si
587 1648 643 1709 qua
665 1631 851 1691 inflammatio
870 1630 932 1691 sine
956 1631 1015 1691 ictu
1033 1639 1097 1692 orta

31 1764 33 1768 a
100 1724 161 1790 cst,
180 1717 299 1792 sanguis
315 1734 352 1773 ex
367 1715 425 1774 talo
442 1713 593 1773 mittendus
610 1723 668 1774 est:
692 1733 708 1774 a
731 1714 797 1774 oiho
813 1713 1028 1784 abstinendum;
1047 1717 1097 1773 im·
1186 1748 1191 1755 ·

99 1798 234 1877 ponenda
247 1817 285 1858 ex
299 1798 366 1858 laha
384 1799 474 1857 farina
490 1816 528 1856 en
543 1798 635 1857 mulso
654 1807 738 1858 cocta
762 1816 825 1857 cum
843 1799 954 1859 cumrino
972 1799 1098 1858 contrito

100 1891 182 1941 etex
197 1882 283 1941 melle
304 1891 426 1951 coacto;
453 1891 501 1942 aut
522 1884 674 1942 contritum
697 1884 838 1942 cuminum
859 1901 923 1942 cum
944 1890 1044 1942 cerato
1058 1899 1100 1943 ex

64 1982 167 2028 aurosa
181 1965 273 2033 lacto;
301 1975 348 2026 aut
368 1966 418 2025 lini
438 1982 538 2025 semen
559 1964 689 2042 frictum,
713 1966 884 2042 contritum,
901 1974 929 2026 et
951 1968 980 2025 in
1003 1964 1098 2026 mulso

98 2059 227 2119 coctum;
251 2059 297 2109 aut
313 2051 399 2109 tritici
417 2050 509 2110 lerina
525 2067 562 2108 er
577 2049 669 2110 mulso
688 2059 772 2111 cocta
790 2068 853 2110 cum
870 2067 1029 2127 cupresso;
1051 2057 1099 2110 aut

97 2134 151 2194 lilii
165 2134 246 2194 radix
265 2135 400 2193 contrita:
420 2133 459 2193 ht
475 2135 498 2192 si
511 2133 595 2192 iidem
609 2133 805 2210 induruerunt,
824 2136 933 2212 imponi
945 2133 1034 2194 dehet
1045 2132 1095 2193 lini

97 2218 146 2277 vel
161 2218 242 2278 foeni
255 2219 355 2294 graeci
370 2235 469 2276 semen
484 2235 522 2277 err
530 2217 624 2277 mulso
642 2228 772 2288 coctum;
791 2228 839 2278 aut
855 2236 892 2277 ex
909 2220 1031 2297 cyprino
1049 2235 1097 2277 ce-

97 2311 204 2370 ratum;
222 2311 270 2362 aut
286 2301 377 2361 simila
400 2320 438 2361 ex
459 2303 525 2361 vino
549 2304 687 2379 contrita,
705 2305 750 2361 cui
769 2302 885 2380 paulum
899 2303 980 2363 croci
996 2303 1033 2362 sit
1048 2299 1096 2363 ad·

61 2388 214 2463 sujectum.
246 2386 277 2444 si
292 2387 432 2444 vetustior
442 2388 502 2462 jam
518 2385 637 2445 durities
659 2395 718 2463 est,
740 2388 862 2445 maxime
882 2387 999 2465 prolicit
1014 2403 1098 2445 cncu-

97 2471 185 2529 meris
199 2470 324 2546 agrcstis
339 2468 421 2529 radix
442 2487 480 2527 ex
496 2470 589 2529 mulso
607 2480 709 2545 cocta,
726 2469 830 2530 deinde
851 2473 983 2530 contrita.
1015 2470 1047 2528 Si
1061 2486 1100 2528 cx

97 2556 155 2613 iotu
170 2562 296 2629 tument,
313 2553 482 2630 sanguinem
498 2554 569 2613 mitti
587 2556 783 2614 necessarium
805 2563 864 2622 est:
881 2556 1051 2632 magisque,
1074 2554 1099 2611 si

98 2639 183 2697 etiam
198 2637 305 2697 livent:
326 2637 528 2714 imponendum
550 2654 622 2695 vero
640 2636 805 2697 utrumlibet
820 2656 858 2698 en
873 2640 925 2713 iis,
943 2653 1097 2716 quaecum

97 2721 210 2781 cumino
226 2730 452 2798 componuntur,
469 2738 614 2799 supraque
632 2723 728 2799 posita
749 2731 828 2789 suut;
859 2731 907 2782 aut
924 2740 959 2782 ea
980 2737 1098 2817 compo·

62 2806 179 2880 ausitio,
196 2823 271 2883 quae
287 2804 374 2863 habet
389 2806 454 2863 nitri
469 2806 546 2864 cocti
563 2821 591 2881 p
606 2805 634 2882 J·
638 2805 662 2882 (
680 2818 703 2864 1
720 2807 834 2865 resinae
854 2807 968 2882 pineae,
985 2803 1098 2878 cumini,

97 2888 277 2965 singulorum
291 2907 320 2967 p
331 2888 526 2966 )··.11(.uvae
543 2889 675 2947 taminiae
692 2890 754 2947 sine
766 2887 924 2946 seminibus
938 2905 967 2966 p
982 2886 1098 2964 )·.lv(

97 2972 192 3032 mellis
211 2981 344 3050 quantum
361 2975 432 3031 satis
449 2973 486 3031 sit
500 2972 536 3030 ad
551 2989 586 3031 ea
604 2971 745 3047 cogenda
779 2970 864 3045 Quod
887 2971 912 3030 si
931 2987 969 3028 ex
983 2970 1042 3028 ictu
1056 2976 1098 3027 te·

98 3057 209 3116 sticulls
226 3056 334 3155 aliquid
350 3056 458 3131 haesit,
475 3055 538 3114 lere
555 3073 608 3133 pus
624 3071 740 3153 quoque
755 3054 906 3121 increscit:
930 3069 1026 3152 neque
1047 3049 1097 3111 ali-

97 3148 142 3199 ter
156 3141 287 3199 succurri
304 3148 416 3217 potest,
432 3157 573 3238 quarn,
532 3141 556 3198 si
589 3139 681 3197 inciso
697 3147 812 3214 scroto,
829 3145 859 3196 ct
881 3155 935 3216 pus
952 3138 1097 3210 emissum,

62 3232 126 3286 anet
140 3224 205 3302 ipse
221 3223 371 3282 testiculus
387 3224 504 3282 excisus
522 3231 576 3282 est.

159 3309 189 3367 7.
209 3307 290 3366 Anus
309 3324 427 3385 quoque
439 3307 525 3366 multa
540 3305 685 3383 taediique
701 3305 788 3404 plena
809 3302 883 3364 mala
904 3305 1027 3382 recipit,

73 3408 154 3490 qne
169 3391 243 3451 inter
255 3409 288 3450 se
300 3391 416 3450 multum
428 3389 618 3450 abhorrentes
631 3390 795 3449 curationes
807 3385 903 3447 hahet
921 3387 967 3446 hc
978 3384 1020 3464 pri

97 3474 127 3533 in
140 3492 178 3535 eo
194 3493 302 3554 saepe,
323 3483 352 3533 ct
366 3474 481 3553 quidem
502 3473 631 3554 plurihus
648 3473 739 3549 locis,
763 3472 836 3532 cutis
859 3470 1015 3538 scinditnnr

141 3578 247 3618 onasus.
851 3557 890 3616 17
