2414 3924
509 222 748 288 -108-

124 370 214 429 sacies
247 376 278 430 et
309 371 340 429 in
373 367 447 428 lanis
478 367 633 430 redactum
669 369 793 448 patienti
827 366 892 428 loco
925 385 1070 450 appones,
1107 377 1138 428 et

123 454 268 516 lasciabis.

211 543 291 605 aliud
327 544 522 624 spleneticum
560 544 808 606 medicamentum
844 545 1072 606 desiccatorium
1107 552 1138 604 et

124 633 369 694 confortatorium
401 633 438 694 ad
470 632 581 713 splenis
613 630 795 693 debilitatem
827 651 864 692 ex
894 632 1044 693 infusione
1081 631 1136 693 hu·

96 723 228 804 tmoris,
260 739 278 781 a
307 720 428 782 Graecis
460 719 604 781 cedrinon
636 718 822 799 appellatum.
871 721 978 798 recipit
1009 720 1137 800 cedriae,

122 811 297 870 ammoniaci
324 816 425 888 guttae
453 810 557 870 uncias
584 826 685 889 senas,
716 810 834 869 resinae
863 809 956 869 frixae
981 807 1087 869 libram
1114 809 1136 890 l,

122 899 344 980 auripigmenti,
367 896 504 958 aluminis
528 898 627 977 scissi,
655 895 713 957 olei
734 899 861 977 veteris,
888 899 1022 957 omnium
1044 900 1136 958 trium

121 987 224 1046 uncias
248 986 379 1065 singulas
402 994 433 1046 et
455 987 560 1066 semis,
581 987 659 1046 aceti
680 986 805 1046 acrioris
828 984 908 1064 quod
931 985 1092 1046 sulieoerit.

210 1073 289 1135 aliud
299 1074 335 1135 ad
349 1075 557 1136 ventositatem
571 1073 691 1154 splenis.
715 1073 888 1152 epithimate
902 1071 950 1134 dia
964 1083 1136 1153 spermaton

82 1175 108 1215 10
122 1169 174 1222 aut
195 1161 244 1223 dia
267 1180 406 1224 samsucu
428 1165 523 1225 uteris
546 1163 687 1242 superius
709 1162 745 1223 ad
768 1162 975 1223 ventositatem
1000 1164 1061 1223 sive
1090 1166 1135 1224 in·

120 1249 271 1312 dationem
294 1250 438 1312 stomachi
461 1252 590 1330 scriptis.

209 1338 289 1400 aliud
307 1339 344 1400 ad
362 1339 502 1401 duritiam
521 1338 633 1418 splenis
650 1337 698 1398 vel
716 1340 898 1421 serietatem,
921 1356 1010 1418 quam
1028 1338 1134 1400 Graeci

122 1428 264 1488 scirrosin
306 1426 419 1489 dicunt.
476 1426 620 1507 malagma
655 1427 846 1506 Amythaonis
887 1445 1018 1507 appones
1055 1428 1134 1507 quod

120 1517 259 1595 superius
282 1516 319 1577 ad
342 1515 482 1577 duritiam
506 1515 651 1577 stomachi
673 1517 857 1595 scripsimus.

81 1617 106 1657 1⁵
209 1603 288 1665 aliud
320 1604 356 1665 ad
388 1605 528 1665 duritiam
559 1603 680 1683 splenis.
731 1611 781 1664 tus
812 1604 979 1666 masculum
1011 1613 1041 1665 et
1073 1622 1133 1664 am-

121 1694 248 1753 moniaci
274 1700 388 1771 guttam
416 1691 532 1771 aequali
558 1691 690 1772 pondere
718 1699 799 1759 teres
827 1691 998 1775 diligenter,
1021 1700 1051 1753 et
1074 1692 1132 1753 ire-

120 1788 248 1860 quenter
280 1799 386 1842 sucum
422 1782 615 1860 supermittes
651 1779 769 1841 coliculi
801 1799 838 1842 ex
875 1781 953 1842 loliis
989 1779 1133 1841 viridibus

120 1886 295 1947 expressum
326 1878 361 1932 ut
399 1869 545 1930 efficiatur
581 1871 613 1929 in
645 1868 871 1931 similitudinem
902 1869 1067 1950 emplastri,
1103 1878 1134 1930 et

119 1955 274 2020 inductum
297 1960 328 2019 in
352 1957 454 2019 charta
475 1957 522 2018 rel
545 1956 624 2018 aluta
647 1957 744 2037 spleni
766 1976 906 2038 appones.

79 2059 104 2098 2⁰
208 2048 322 2107 sivero
345 2049 377 2107 in
396 2045 580 2126 aegritudine
603 2063 672 2106 cum
695 2045 779 2107 lehre
798 2054 884 2107 acuta
907 2046 999 2107 luerit
1021 2045 1132 2126 splenis

119 2135 264 2212 causatio,
293 2132 391 2195 tribus
405 2130 518 2195 ‘diehus
542 2132 766 2214 cataplasmahis
789 2153 825 2195 ex
847 2135 926 2195 faeni
948 2137 1048 2213 graeei
1069 2133 1132 2213 pol·
1183 2151 1187 2159 ¹

117 2219 177 2279 line
205 2228 235 2280 et
261 2219 367 2282 hordei
393 2220 529 2300 partibus
557 2221 681 2302 singulis
710 2229 740 2282 et
767 2221 820 2282 lini
847 2224 969 2283 seminis
995 2222 1132 2302 partibus

118 2305 233 2367 duabus
260 2325 330 2368 cum
357 2327 432 2387 aqua
460 2318 491 2371 et
518 2328 641 2371 rosaceo
669 2318 699 2371 et
721 2310 837 2371 modico
861 2309 947 2370 melle
971 2313 1131 2372 concoctis.

190 2459 292 2515 llanis
307 2476 330 2530 e,
343 2461 418 2516 lutus
427 2478 458 2530 p.
530 2461 675 2518 redactum
689 2479 730 2532 cp.
800 2461 919 2532 epponis
933 2479 955 2517 c.
1028 2464 1132 2533 3sple-

116 2529 265 2600 netioonp
283 2531 345 2599 (—t
364 2532 396 2601 c).
497 2538 567 2589 tex
584 2533 736 2588 infusione:
756 2535 786 2588 et
802 2533 972 2589 infusionem
991 2550 1031 2602 op.
1114 2540 1130 2587 5

117 2600 250 2657 cedrinon
271 2601 318 2669 (os.
339 2601 402 2658 Gal.
428 2602 533 2669 XIII,
551 2608 633 2673 249)2
661 2602 751 2659 citron
773 2621 789 2658 o
810 2603 919 2670 (Simon
939 2620 961 2659 s.
979 2608 1028 2672 a),
1053 2604 1130 2658 citri-

115 2687 172 2726 non
181 2688 211 2740 p.
285 2672 459 2742 appellatum
478 2690 504 2729 o:
525 2675 606 2729 -tur
619 2691 650 2744 p.
723 2677 804 2744 ΜΡ.
876 2674 998 2730 oedriae:
1026 2691 1088 2731 cere
1107 2692 1130 2744 c,

116 2751 194 2829 disp.
267 2759 692 2830 6⁷5senosozafi.·;·VI.p.
778 2761 1027 2833 lb'l.o‚l'I.p.
1114 2770 1129 2817 7

116 2848 141 2889 ο.
159 2833 194 2887 tr.
214 2831 240 2899 Ἰ,-
258 2831 384 2902 singulus
402 2834 432 2887 et
450 2833 534 2888 semis
553 2847 579 2887 c:
607 2837 652 2888 eh.
671 2837 699 2901 -;·
716 2833 737 2889 I.
758 2833 776 2888 S
790 2851 822 2904 p.
930 2835 1071 2891 8suificit
1088 2851 1129 2902 cp.

115 2908 132 2957 9
151 2900 288 2972 epithima
306 2919 333 2973 e,
351 2901 476 2959 -th'ate
490 2919 521 2985 p.
609 2909 642 2960 10
660 2903 825 2960 diasonsuoo
843 2922 885 2976 cp.
975 2905 1129 2959 inflamme-

114 2971 220 3029 tionem
245 2989 286 3044 cp.
396 2980 429 3028 11
453 2976 588 3044 comptum
611 2991 638 3044 o,
662 2973 734 3031 —tis
752 2992 783 3044 p.
893 2983 925 3030 12
951 2975 1083 3030 duritiem
1096 2991 1128 3041 p.

114 3044 281 3101 soxietatem
295 3061 330 3115 p,
349 3044 514 3101 sscietstem
532 3061 555 3102 c.
642 3044 743 3102 Graeci
759 3047 872 3102 addidi:
894 3062 945 3102 om.
965 3061 1006 3114 cp.
1094 3049 1126 3097 13

113 3116 230 3173 smroein
248 3133 275 3173 e:
294 3114 459 3186 selirosinp
481 3116 526 3184 (cf.
545 3116 643 3172 Simon
660 3133 682 3172 s.
701 3116 841 3186 scirodes).
931 3113 1086 3170 emichonis
1104 3131 1126 3182 c,

113 3187 259 3245 mimos
271 3204 303 3259 p.
384 3188 504 3257 apponis
523 3203 546 3244 o,
637 3193 671 3243 11
693 3187 731 3242 ed
753 3185 892 3242 stomachi
914 3185 1046 3241 duritiem
1066 3201 1126 3240 oon.

113 3256 276 3383 mm
289 3274 320 3329 p.
394 3265 427 3314 16
446 3261 476 3314 et
493 3275 553 3343 sup.
572 3275 669 3315 sucum
683 3274 706 3314 e.
725 3258 786 3339 (om.
800 3257 972 3340 frequenter)
986 3274 1016 3326 p.
1092 3262 1124 3309 17

37 3408 40 3413 -
112 3400 149 3451 22
166 3398 198 3453 e
214 3335 627 3525 difficillimi.
642 3443 649 3455 .
664 3440 671 3453 .
688 3325 1088 3468 itipitctiltittt
1103 3343 1125 3453 ἒς

112 3470 148 3525 ao
165 3472 242 3525 molt
258 3484 288 3523 m
364 3484 396 3539 p.
