2414 3924
435 205 505 251 nin.
520 205 579 251 vnn
597 204 672 252 cnr.
692 205 762 251 unx.
1024 194 1086 259 297

94 368 235 437 tamquam
250 359 278 418 in
289 358 363 418 vitro
373 374 499 418 cornuve
515 377 569 438 per
587 367 713 418 scrotum
728 367 863 437 apparet;
884 358 979 438 isque,
995 377 1086 437 quan-
1144 424 1150 443 x

94 453 152 511 tum
173 444 282 521 inipso
300 450 362 518 est,
379 443 441 502 sine
459 442 631 502 dolorcest.
663 441 757 502 Sedes
778 450 871 502 antem
887 442 951 516 ejus
972 443 1014 502 sio
1036 443 1085 503 de·
1111 446 1115 457 '

94 524 290 606 prehenditur.
327 527 358 585 Si
374 527 448 585 inter
462 544 596 586 summam
607 526 786 603 mediamque
796 526 985 604 tunicamest,
1001 544 1087 604 quum

94 610 191 689 digitis
203 609 315 669 duobus
328 610 495 687 pressimus,
518 610 654 689 paulatim
668 609 770 669 humor
781 610 855 668 inter
870 626 923 670 eos
933 620 1086 680 reuertens

65 708 84 746 u
95 694 185 755 subit:
203 702 329 754 scrotum
344 692 465 752 albidius
483 703 536 759 est:
556 696 580 754 si
590 693 767 770 ducitur,aut
781 692 860 768 nihil,
875 702 922 753 ant
935 694 1087 772 parvulum

93 777 263 838 intenditur:
280 776 433 837 testiculus
449 794 484 836 ea
501 786 583 855 parte
596 795 691 855 neque
706 777 781 854 visu,
796 794 891 855 neque
906 785 984 837 tactu
999 781 1086 838 senti·

93 872 146 921 tur.
180 860 218 920 At
233 861 257 920 si
280 859 333 919 snb
348 859 442 920 media
457 862 552 920 tunica
567 871 632 936 est,
649 862 785 920 intentum
800 870 927 920 scrotum
945 863 1087 939 mugisse

93 944 213 1021 attollit,
229 943 302 1004 adeo
315 953 345 1002 ut
360 945 494 1022 superior
512 945 595 1005 coles
612 905 664 1004 s’ub
682 953 793 1004 tumore
809 961 844 1003 eo
861 944 1023 1005 delitescat.

151 1027 271 1088 Praeter
282 1027 355 1087 baec
369 1046 463 1107 aeque
472 1029 593 1105 integris
605 1029 709 1088 tunicis
718 1046 818 1088 ramex
830 1029 1003 1088 innascitur:
1019 1048 1087 1109 κιρ·

59 1104 240 1193 ἱθσοκήλην
255 1110 360 1172 Graeci
377 1112 525 1210 appellant
540 1111 587 1192 (P.
602 1111 677 1189 Aeg
695 1112 744 1189 64,
761 1113 812 1188 63,
828 1112 896 1191 66)
928 1113 1054 1173 Venae
1045 1131 1086 1172 ru·

92 1204 266 1264 tumescunt;
290 1213 401 1273 eaeque
416 1196 554 1270 intortae,
577 1196 873 1274 conglomerataeque
897 1198 1087 1294 ausuperiore

94 1288 176 1358 parte
189 1279 262 1338 vel
254 1297 347 1358 ipsum
358 1288 487 1338 scrotum
501 1279 637 1357 implent,
662 1279 708 1339 vel
734 1279 856 1339 mediam
874 1280 1015 1357 tunicam,
1038 1279 1088 1340 vel

93 1364 190 1422 imam:
206 1362 348 1422 interdum
364 1363 449 1422 etiam
464 1362 517 1422 sub
544 1365 598 1423 ima
619 1364 729 1441 tunica,
755 1364 832 1422 circa
853 1365 947 1440 ipsum
969 1366 1087 1424 testicu-

93 1448 149 1506 lum
165 1464 341 1527 nervumque
357 1447 436 1524 ejus,
462 1448 637 1507 increscunt.
668 1446 713 1506 En
735 1447 779 1507 bis
797 1464 865 1522 eae,
887 1465 962 1525 quae
978 1448 1087 1525 inipso

59 1539 192 1612 ¹⁵s'oroto
216 1539 296 1606 suut,
319 1531 411 1590 oculis
436 1540 547 1610 patent:
574 1549 627 1590 eae
643 1548 731 1606 vero,
756 1548 830 1610 quae
846 1531 958 1591 mediae
974 1531 1086 1591 imaeve

91 1616 203 1675 tunicae
220 1614 357 1691 insidunt,
380 1622 409 1674 ut
424 1616 515 1691 magis
535 1614 685 1691 conditae,
705 1632 872 1692 nonaeque
894 1613 1008 1692 quidem
1024 1633 1084 1676 cer·

90 1707 210 1775 nuntur,
229 1698 282 1758 sed
300 1707 395 1758 tamen
413 1699 497 1758 etiam
514 1699 586 1757 visui
602 1697 752 1772 subjectae
777 1707 859 1757 sunt:
882 1707 1087 1776 praeterquam

92 1782 169 1861 quod
196 1790 225 1842 et
247 1783 366 1842 tumoris
388 1780 496 1860 aliquid
516 1792 576 1856 est,
607 1799 661 1860 pro
685 1799 821 1850 venarum
844 1780 1036 1859 magnitudine
1053 1799 1089 1841 ac

90 1865 193 1941 modo,
212 1874 241 1924 et
255 1866 282 1926 id
302 1867 442 1944 prementi
459 1867 550 1942 magis
565 1866 711 1941 renititur,
729 1883 763 1924 ac
781 1882 835 1942 per
852 1867 933 1942 ipsos
951 1882 1087 1924 venarum

56 1956 81 1996 ²⁰
91 1958 170 2010 toros
183 1950 334 2028 inaequale
355 1958 413 2017 est:
439 1959 484 2024 et,
510 1967 564 2028 qua
585 1958 667 2028 parte
690 1949 718 2009 id
741 1958 799 2025 est,
827 1948 976 2008 testiculus
994 1948 1088 2024 magis

87 2035 166 2108 justo
195 2032 349 2110 dependet.
383 2033 475 2108 Quum
495 2050 565 2093 vero
587 2034 672 2092 etiam
693 2051 783 2111 super
806 2033 899 2110 ipsum
923 2032 1088 2109 testiculum

91 2135 268 2195 nervumque
284 2119 346 2194 ejus
362 2116 390 2176 id
406 2117 509 2175 malum
527 2117 658 2191 increvit,
676 2116 821 2194 aliquanto
838 2116 954 2192 longius
968 2116 1086 2175 testicu-

91 2200 157 2259 lus'
149 2219 212 2278 ipse
229 2201 379 2261 descendit
381 2203 555 2278 ,minorque
573 2161 665 2260 alterb
684 2201 714 2260 lit
731 2208 832 2278 utpote
851 2199 986 2258 alimento
1003 2199 1087 2258 amis·

92 2301 135 2344 so.
161 2285 250 2359 Raro,
268 2285 319 2345 sed
331 2285 485 2363 aliquando
503 2303 570 2345 caro
587 2302 702 2362 quoqne
717 2286 792 2343 inter
807 2285 917 2343 tunicas
932 2283 1086 2343 increscit:

54 2360 305 2468 accaronites
325 2367 429 2429 Graeci
454 2378 568 2428 vocant.
599 2367 743 2428 Interdum
765 2369 849 2426 etiam
875 2385 911 2426 ex
933 2367 1087 2429 inflamma·

91 2453 170 2510 tione
183 2455 351 2530 tumetipse
367 2453 535 2528 testiculus
541 2470 585 2511 ao
601 2451 701 2511 febres
717 2468 832 2530 quoqne
848 2451 946 2520 affert
966 2460 1014 2527 et,
1033 2451 1088 2509 nisi

92 2535 228 2595 celeriter
243 2554 285 2594 ea
293 2536 475 2596 inflammatio
494 2535 677 2614 conquievit,
700 2535 786 2595 dolor
807 2534 874 2594 ad'
866 2534 981 2611 inguina
1001 2543 1088 2613 atque

91 2618 139 2677 ilia
155 2622 304 2696 pervenit,
324 2630 480 2699 partesque
497 2638 549 2680 eae
564 2621 769 2688 intumescunt;
794 2637 901 2678 nervus
917 2636 955 2677 ex
969 2635 1026 2695 quo
1045 2628 1087 2676 te·

94 2703 213 2762 sticulus
239 2702 384 2782 dependet
409 2705 523 2782 plenior
549 2705 596 2778 lit,
629 2703 772 2781 simulque
793 2702 959 2762 indurescit.
992 2697 1096 2777 Super

55 2781 82 2821 ³⁰
97 2784 198 2844 baec
190 2805 298 2864 inguen
315 2805 432 2866 quoqne
450 2804 661 2865 nonnumquam
675 2788 782 2847 ramice
801 2786 949 2864 impletur:
962 2781 1094 2861 βουβω-

89 2862 239 2950 νοκήλην
254 2872 411 2963 appellant.

431 3039 615 3099 CAPUT
651 3037 762 3096 XIX.

104 3144 143 3195 De
161 3147 333 3199 testiculorum
347 3150 532 3212 curationibus,
556 3156 581 3198 et
598 3148 679 3213 primo
698 3146 730 3194 de
747 3145 888 3207 incisione,
912 3151 936 3194 et
954 3144 1086 3194 curatione

453 3231 567 3296 inguinis
583 3230 623 3278 vel
642 3228 726 3278 scroti.

52 3361 78 3401 ³⁵
153 3366 204 3426 His
219 3370 359 3446 cognitis,
381 3371 418 3429 de
441 3367 588 3428 curatione
610 3364 760 3426 dicendum
782 3371 842 3423 est:
863 3364 895 3423 in
917 3381 972 3441 qua
998 3379 1083 3439 quae-

88 3450 152 3510 dam
169 3455 327 3514 communia
348 3454 472 3512 omnium
495 3460 575 3528 sunt,
598 3448 737 3528 quaedam
757 3449 877 3525 propria
898 3446 1084 3524 singulorum
