2414 3924
240 276 308 323 urs.
325 275 363 324 11.
382 274 457 323 esa.
473 276 675 323 xx11.xx111.
691 277 785 324 xxiv.
802 278 883 323 xxv.
899 278 994 325 xxvr.
1072 266 1112 327 69

124 439 203 498 sunt;
218 433 286 489 item
304 431 386 507 panis
404 430 466 486 sine
480 429 632 503 termento,
653 437 681 487 et
697 427 774 488 elota
785 429 870 504 alica,
888 430 935 489 vel
950 446 1048 505 oryza,
1064 429 1113 491 vel

124 516 248 593 ptisana:
275 512 367 572 omnis
382 512 462 586 avis,
480 514 570 570 omnis
585 513 713 579 venatio;
735 521 820 590 atque
837 521 957 590 utraque
974 513 1021 572 vel
1035 530 1113 591 assa,

122 596 170 656 vel
185 595 277 655 elixa:
295 613 333 654 ex
348 593 514 654 domesticis
529 593 695 653 animalibus
716 594 834 655 bubula:
859 597 883 654 si
901 595 968 672 quid
984 614 1021 655 ex
1036 604 1114 656 cete·

122 683 162 739 ris
177 680 310 752 sumitur,
330 695 454 736 macrum
470 679 582 754 potius,
607 694 691 755 quam
710 680 831 755 pingue:
857 697 895 737 ex
912 696 963 737 sue
979 679 1114 757 ungulae,

97 771 226 836 orostra,
241 778 338 836 aures,
355 759 517 837 vulvaeque
532 758 663 820 steriles:
678 778 716 818 ex
731 760 859 819 oleribus
878 761 1010 838 intubus,
1025 761 1114 822 lactu·

123 863 168 921 ca,
184 845 342 921 pastinaca,
360 841 508 902 cucurbita
524 843 609 920 elixa,
627 845 715 903 siser:
732 862 769 902 err
786 845 879 922 pomis
894 862 1041 921 cerasum,
1055 861 1115 904 mo·

121 946 198 1003 rum,
214 927 345 1001 sorbum,
362 927 452 1002 pirum
469 925 589 1002 iragile,
613 926 698 1003 quale
714 928 913 986 crustuminum
934 928 983 987 vel
1002 930 1115 988 naevia-

122 1029 186 1070 num
201 1019 262 1069 cst:
278 1011 345 1068 itenr
358 1010 430 1086 pira,
450 1025 524 1085 quae
539 1017 723 1086 reponuntur,
740 1009 880 1068 tarentina
891 1020 976 1090 atque
987 1011 1115 1088 signina;

120 1093 223 1153 malum
239 1092 436 1165 orbiculatum,
450 1100 498 1149 aut
512 1091 707 1166 scandiannm,
724 1091 771 1150 vel
785 1093 956 1169 amerinum,
972 1093 1019 1153 sel
1035 1103 1116 1154 coto·

87 1194 204 1239 roncum
227 1175 281 1251 (ci.
303 1173 381 1234 Ptin.
405 1173 470 1248 XV,
491 1174 545 1248 11,
564 1176 635 1252 10),
657 1175 704 1233 vel
724 1176 871 1252 punicum;
896 1196 968 1237 uvae
990 1197 1028 1236 cx
1048 1176 1116 1253 olla,

120 1258 209 1318 molle
231 1275 333 1332 ovum,
359 1257 514 1336 palmulae,
536 1256 631 1316 nuclei
653 1259 744 1336 pinei,
775 1256 860 1317 oleae
880 1260 963 1320 albae
985 1279 1023 1320 ex
1048 1261 1117 1320 dura

121 1343 226 1417 muria,
247 1340 367 1400 eaedem
388 1349 472 1399 aceto
493 1343 643 1415 intinctae,
666 1340 713 1399 vel
731 1342 850 1417 nigrae,
874 1360 946 1420 quae
967 1346 995 1401 in
1011 1343 1117 1403 arbore

122 1425 196 1484 bene
219 1432 427 1498 maturuerunt,
459 1423 505 1481 vel
528 1440 601 1500 quae
624 1423 652 1480 in
677 1440 782 1501 passo,
810 1423 962 1486 defrutove
983 1436 1117 1487 servatae

122 1517 185 1567 sunt
201 1507 256 1586 (ci.
272 1505 296 1582 1,
312 1507 363 1584 6);
380 1508 474 1564 vinum
492 1515 644 1580 austerum,
659 1507 729 1565 licet
744 1508 826 1565 etiarn
839 1525 973 1586 asperum
989 1511 1034 1586 sit,
1049 1512 1118 1570 item

89 1611 113 1652 rs
122 1593 294 1649 resinatum:
319 1589 381 1647 duri
401 1607 438 1647 ex
452 1588 546 1647 nredia
569 1590 688 1648 materia
706 1591 821 1667 pisces,
837 1601 950 1670 ostrea,
975 1595 1117 1670 pectines,

121 1675 262 1747 murices,
279 1690 424 1749 purpurae
440 1672 496 1750 (oi.
515 1689 579 1748 cap.
597 1667 665 1753 28),
688 1672 846 1747 cochleae,
872 1675 1000 1751 cybium,
1024 1677 1117 1752 potio·

121 1773 232 1834 uesque
248 1754 296 1814 vel
308 1754 441 1830 frigidae,
459 1753 506 1813 vel
519 1754 681 1821 ferventes:
723 1755 892 1815 absinthium
906 1757 959 1841 (ci.
976 1774 1040 1834 cap.
1050 1757 1117 1836 31).

452 1920 634 1982 CAPUT
665 1922 787 1981 XXV.

365 2035 459 2085 Dahis
478 2051 542 2098 quae
560 2035 688 2085 stomacho
707 2036 790 2084 aliena
808 2046 874 2086 sunt.

86 2197 114 2236 20
181 2171 286 2230 Aliena
307 2188 379 2230 vcro
403 2170 552 2229 stomacho
574 2178 638 2227 sunt
662 2171 755 2228 omnia
779 2169 890 2246 tepida,
919 2170 1010 2227 omnia
1031 2168 1118 2245 salsa,

122 2256 215 2315 omnia
226 2253 388 2329 jurulenta,
404 2254 498 2312 omnia
514 2252 697 2330 praedulcia,
719 2253 813 2310 omnia
828 2253 960 2329 pinguia,
985 2250 1118 2327 sorbitio,

122 2340 202 2415 panis
216 2337 413 2411 fermentatus,
432 2337 566 2412 idemque
582 2334 629 2393 vel
645 2352 681 2394 err
696 2335 791 2410 milio,
806 2334 854 2393 vel
870 2351 907 2392 ex
925 2334 1053 2411 hordeo,
1074 2353 1118 2393 ra·

122 2419 202 2479 dices
218 2420 339 2493 olerum,
357 2427 385 2478 et
401 2418 602 2497 quodcumque
614 2418 677 2476 olus
691 2437 727 2476 ex
740 2418 807 2476 oleo
819 2434 930 2494 garove
946 2426 1035 2493 estur,
1050 2417 1119 2493 mel,

122 2502 258 2579 mulsum,
278 2503 433 2577 defrutum,
452 2519 584 2578 passum,
600 2501 664 2577 lac,
688 2502 779 2560 omnis
795 2518 914 2575 caseus,
936 2517 990 2558 uva
1003 2518 1119 2576 recens,

87 2607 113 2648 as
123 2588 194 2646 flcus
210 2595 239 2645 et
254 2584 396 2645 viridiset
410 2584 498 2660 arida,
515 2585 658 2660 legumina
670 2587 772 2658 ornnia,
788 2602 920 2662 quaeque
936 2583 1035 2642 inflare
1053 2599 1119 2642 con-

124 2679 294 2728 sueverunt:
310 2670 377 2726 item
392 2668 527 2744 thymum,
543 2676 657 2745 nepeta,
674 2668 807 2740 satureia,
823 2667 991 2744 hyssopum,
1010 2675 1119 2725 nastur-

123 2755 209 2824 tium,
224 2752 384 2829 lapathum,
401 2751 537 2828 lapsana,
558 2749 722 2826 juglandes.
752 2750 797 2808 Ex
816 2749 859 2808 his
880 2758 974 2808 autern
997 2748 1120 2826 intelligi

125 2844 239 2913 potest,
255 2850 312 2893 non
328 2834 465 2911 quidquid
480 2833 547 2893 boni
562 2835 641 2892 succi
658 2840 716 2908 est,
741 2835 869 2910 protinus
886 2831 1034 2891 stomacho
1052 2848 1120 2889 con·

123 2919 238 2985 venire3
268 2935 363 2993 neque
393 2917 529 2994 quidquid
551 2915 698 2975 stomacho
726 2916 877 2990 convenit,
903 2916 1032 2992 protinus
1052 2907 1121 2971 honi

88 3019 204 3062 aosuccr
220 3017 295 3058 esse.

438 3165 621 3224 CAPUT
653 3164 805 3222 XXVI.

404 3282 441 3330 De
457 3280 497 3329 his
515 3294 579 3343 quae
598 3278 699 3337 inflant,
717 3285 760 3326 aut
776 3290 836 3325 uon.

186 3417 289 3476 Inhant
304 3428 398 3477 autem
414 3418 507 3477 omnia
523 3416 585 3474 iere
602 3414 753 3489 legumina,
769 3412 863 3469 omnia
878 3411 1009 3486 pinguia,
1028 3423 1084 3467 orn¹

124 3499 234 3575 dulcia,
258 3503 350 3559 onrnia
363 3500 525 3574 jurulenta,
541 3507 675 3571 mustum,
690 3504 775 3572 atque
793 3496 879 3552 etiam
894 3493 922 3550 id
937 3494 1048 3567 vinum,
