2414 3924
67 183 139 278 Ι258
373 223 406 270 s.
423 223 453 274 c.
470 222 568 271 onear
582 221 778 271 numerurm

76 373 176 463 γάδια
189 381 292 443 Graeci
305 389 421 440 vocant.
438 378 470 438 ld
486 379 509 436 si
525 395 629 438 recens
641 388 695 456 est,
707 381 860 458 quiescere
872 380 958 440 homo
972 380 1074 460 debet,

77 475 107 528 et
116 467 145 527 iu
163 484 237 545 aqua
252 465 345 525 calida
361 463 505 523 desidere.
529 461 698 522 Columbina
714 481 830 543 quoque
845 482 901 525 ora
920 464 1073 545 coquenda
1121 467 1130 475 ‘

76 558 155 627 suut,
171 560 215 627 et,
232 549 280 609 ubi
297 548 497 623 induruerunt,
515 547 678 625 purganda:
701 546 804 607 deiude
828 548 948 608 alterurn
967 551 1073 625 jacere

75 638 104 694 iu
119 652 194 713 aqua
210 634 285 693 bene
303 633 396 692 calida
411 630 522 707 dehet,
532 631 624 691 altero
640 631 734 690 calido
754 631 849 690 ioreri
864 632 946 693 locus
961 636 1020 710 sic,
1043 643 1074 693 ut

75 720 200 778 invicem
221 726 344 794 utroque
367 715 471 794 aliquis
494 724 594 775 utatur.
628 715 697 774 'lum
723 716 1001 795 tetrapharmacum,
1025 728 1096 780 ants

75 802 224 881 rhypodes
239 819 307 861 rosa
330 799 492 859 diluendum
515 809 573 867 est;
593 809 641 858 aut
662 816 803 878 oesypum
825 818 929 860 recens
950 802 1073 861 miscen-

75 886 141 947 dum
163 904 226 946 cum
249 894 348 944 cerato
374 882 482 963 liquido
509 901 547 941 ex
571 900 637 942 rosa
659 883 753 952 iacto:
781 893 828 944 aut
853 885 947 944 eidem
972 895 1074 944 cerato

76 969 222 1050 plumbum
239 969 346 1029 elotum
362 966 568 1042 adjiciendum
583 976 630 1025 aut
644 969 759 1027 resinae
774 968 987 1028 terebinthinae
997 986 1073 1044 myr-

74 1053 142 1123 rha;
160 1063 207 1113 aut
222 1070 341 1130 spumae
356 1051 468 1128 argenti
487 1059 572 1109 vetus
589 1051 700 1119 oleunr;
727 1061 755 1110 et
776 1052 905 1130 quolibet
928 1071 966 1111 er
985 1053 1030 1113 his
1045 1053 1075 1112 id

78 1136 306 1219 perungendum.
329 1136 359 1194 Si
376 1134 511 1213 quidquid
528 1134 637 1194 laesum
653 1144 706 1212 est,
720 1144 801 1195 extra
819 1145 874 1211 est,
889 1155 985 1215 neque
997 1138 1074 1196 intus
1086 1164 1109 1205 ιι

74 1219 271 1294 reconditum,
289 1218 392 1279 eodem
410 1217 618 1277 medicamento
639 1219 755 1279 tinctum
770 1220 952 1279 linamentum
971 1239 1073 1300 super·

76 1303 198 1365 dandum
215 1313 276 1380 est,
295 1313 324 1362 et
340 1301 477 1381 quidquid
493 1310 560 1360 ante
579 1301 772 1380 adhibuimus,
795 1313 894 1363 cerato
914 1313 1074 1381 contegen-

76 1389 151 1449 dum.
173 1386 206 1446 ln
221 1387 278 1448 hoc
295 1396 389 1447 autem
405 1404 473 1444 casu
485 1403 580 1462 neque
598 1386 713 1446 acribus
726 1386 798 1446 cibis
811 1389 963 1464 utendum,
978 1406 1076 1466 neque

76 1472 206 1550 asperis,
227 1490 282 1531 uec
297 1472 390 1531 alvum
404 1469 672 1548 comprimentibus:
689 1489 725 1530 ue
743 1471 851 1530 aridum
864 1467 981 1550 'quidem
994 1472 1075 1550 quid·
1092 1542 1095 1547 ,

77 1572 160 1636 quam
175 1557 245 1616 satis
261 1555 329 1615 utile
346 1562 406 1629 est,
422 1555 476 1612 nisi
499 1553 648 1612 admodum
670 1555 794 1633 paulum.
827 1554 962 1633 Liquida,
985 1556 1109 1630 lenia,15

76 1640 207 1720 pinguia,
231 1640 377 1716 glutinosa
397 1637 515 1698 meliora
534 1647 607 1696 sunt.
644 1637 719 1697 Viuo
742 1639 800 1698 leni
821 1641 860 1698 uti
881 1639 950 1698 nihil
975 1638 1074 1717 prohi-

76 1726 136 1785 bet.

139 1806 168 1868 8.
197 1806 376 1882 Condyloma
399 1816 491 1866 autem
512 1815 556 1865 cst
575 1806 770 1882 tuberculum,
794 1806 870 1884 quod
892 1826 929 1867 ex
953 1807 1076 1887 quadam

78 1892 300 1952 inflammatione
315 1892 395 1950 nasci
411 1891 496 1967 solet.
517 1889 549 1948 ld
564 1889 611 1949 ubi
627 1899 719 1949 ortum
734 1901 792 1966 est,
806 1890 883 1968 quod
896 1891 931 1951 ad
948 1894 1075 1970 quietem

77 1977 160 2037 cibos
179 1977 372 2054 potionesque
388 1977 528 2053 pertinet,
542 1973 643 2034 eadem
656 1977 766 2035 servari
778 1974 903 2052 debent,
920 1994 995 2054 quae
1008 1993 1073 2054 pro·
1083 1997 1108 2036 ao

75 2064 151 2121 nime
170 2062 279 2137 scripta
295 2070 368 2119 sunt.
392 2058 496 2118 lisdem
513 2061 597 2118 etiam
613 2059 676 2117 ovis
691 2068 772 2119 recte
790 2058 969 2119 tuberculum
986 2059 1013 2118 id
1029 2060 1073 2119 lo·

75 2154 174 2205 vetur:
193 2144 244 2204 sed
260 2143 394 2203 desidere
410 2153 475 2202 ante
490 2143 575 2202 homo
595 2143 622 2201 in
638 2159 712 2220 aqua
728 2142 832 2220 debet,
854 2146 881 2202 in
898 2162 953 2221 qua
970 2143 1072 2202 verbe·

75 2247 130 2289 nae
147 2228 289 2289 decoctae
306 2230 361 2286 sint
377 2245 414 2284 ex
431 2225 662 2304 reprimentibus.
686 2226 757 2286 l'urn
775 2237 857 2287 recte
873 2228 1030 2306 imponitur
1045 2236 1073 2286 et

7 2379 12 2388 ,
76 2312 212 2371 lenticula
236 2328 299 2369 cunr
327 2312 431 2385 exigua
454 2310 548 2368 mellis
571 2319 667 2388 parte;
691 2320 720 2369 et
742 2311 850 2371 sertula
874 2329 1011 2390 campana
1035 2329 1073 2370 ex

75 2396 142 2453 vino
160 2403 259 2463 cocta;
283 2403 311 2451 et
328 2392 391 2452 rubi
406 2393 475 2452 lolia
499 2395 620 2453 contrita
638 2412 700 2452 curn
724 2404 822 2455 cerato
840 2414 877 2454 er
895 2413 962 2455 rosa
976 2395 1107 2462 lectona

76 2486 189 2538 etcum
212 2476 315 2536 eodem
337 2485 435 2536 cerato
458 2478 609 2536 contritum
636 2478 682 2537 vel
709 2488 860 2538 cotoneum
882 2480 1002 2556 malurn,
1025 2479 1072 2538 rel

79 2559 220 2618 malicorii
239 2578 275 2618 ex
291 2562 358 2619 vino
376 2561 452 2619 cocti
467 2580 535 2640 pars
551 2562 685 2630 interior;
703 2572 732 2621 et
745 2563 876 2623 chalcitis
892 2573 976 2623 cocta
987 2572 1074 2640 atque

77 2643 217 2720 coutrita,
234 2642 336 2704 deinde
356 2662 469 2722 oesypo
493 2664 527 2704 ac
550 2663 618 2705 rosa
643 2655 781 2724 excepta;
801 2657 883 2707 etex
901 2665 934 2705 ea
951 2663 1072 2724 compo·

76 2727 195 2804 sitione,
217 2745 291 2806 quae
308 2728 395 2787 habet
418 2731 488 2789 turis
511 2748 539 2807 p.
560 2730 617 2808 )·(.
637 2743 659 2787 1.
681 2731 811 2789 aluminis
828 2731 951 2790 scissilis
969 2750 997 2809 p.
1015 2728 1071 2807 )·(.

75 2824 111 2871 11.
125 2829 263 2871 cerussae
280 2830 308 2890 p.
325 2812 379 2891 )·(.
396 2825 446 2872 111.
463 2832 581 2892 spumae
596 2814 709 2890 argenti
725 2833 753 2892 p.
765 2815 820 2894 )·(.
835 2828 867 2873 v.
880 2814 993 2892 quibus,
1007 2813 1071 2872 dum
1081 2836 1106 2876 ao

75 2905 219 2972 teruntur,
236 2898 358 2956 invicem
376 2915 442 2958 rosa
460 2907 488 2956 et
503 2899 597 2956 vinum
612 2896 774 2957 instillatur.
807 2899 958 2958 Vinculum
978 2906 1072 2957 eutem

76 2981 102 3040 ei
120 2980 188 3041 loco
212 2981 359 3040 linteolum
377 2990 424 3040 aut
442 2981 611 3059 panniculus
628 2980 782 3059 quadratus
801 2991 860 3058 est,
884 2984 931 3059 qui
956 2981 991 3042 ad
1014 2980 1070 3040 duo

76 3065 170 3143 capita
183 3064 253 3125 duas
266 3083 365 3140 ansas,
382 3064 418 3123 ad
430 3065 519 3124 altera
537 3065 592 3124 duo
604 3064 724 3124 totidem
739 3066 844 3124 fascias
858 3066 959 3135 habet;
973 3083 1070 3144 quum·

77 3165 132 3224 que
149 3148 297 3223 subjectus
313 3158 372 3223 est,
387 3150 465 3209 ansis
478 3148 512 3207 ad
526 3158 656 3208 ventrem
672 3148 761 3225 datis,
779 3167 793 3208 a
809 3151 971 3228 posteriore
987 3158 1070 3228 parte

76 3233 104 3291 iu
121 3249 170 3290 eas
186 3231 326 3292 adductae
342 3233 452 3291 fasciae
468 3233 666 3309 conjiciuntur,
680 3242 776 3310 atque,
789 3233 836 3292 ubi
854 3242 982 3293 arctatae
994 3242 1069 3307 suut,
1081 3255 1105 3295 ss

77 3316 225 3376 dexterior
247 3316 378 3393 sinistra,
396 3317 557 3376 sinisterior
574 3316 674 3376 dextra
693 3317 840 3395 procedit,
864 3315 1070 3377 circumdatae·

1 3405 2 3410 ’
77 3417 133 3476 que
150 3400 228 3459 circa
245 3398 339 3458 alvum
355 3401 428 3459 inter
448 3418 480 3459 se
495 3401 651 3459 novissime
666 3399 837 3477 deligantur.
869 3400 928 3460 Sed
948 3400 972 3460 si
987 3408 1071 3459 vetus

77 3482 251 3557 condyloma
261 3483 322 3557 janu
338 3483 476 3560 induruit,
493 3500 588 3560 neque
611 3482 663 3542 suh
684 3482 728 3544 his
746 3483 941 3544 curationibus
957 3483 1071 3557 desidit,
