2414 3924
482 217 689 267 ruarmo.
1058 219 1098 269 lx

70 373 184 442 bomo,
199 371 325 451 ideoque
337 371 400 433 hio:
415 388 504 447 mmm
516 367 759 450 &comparaison
774 379 879 434 vocam
892 374 1040 452 aptissime
1051 372 1097 435 io-

69 456 218 518 seruisset.
246 455 348 534 ltaque
360 455 430 534 guid
444 472 623 534 unoquoque
635 454 702 518 loco
714 456 866 534 scripserit
878 462 978 518 noster
991 474 1097 519 eruere

70 538 221 609 constimi,
243 544 330 616 atque
350 538 538 601 haereticae
559 539 655 599 omnia
676 556 752 618 qrrae
770 544 872 617 aperte
889 537 1097 617 glossematum

68 623 197 699 speciem
218 622 362 690 referunt,
386 640 402 682 e
423 619 498 683 Celsi
518 627 669 691 contextu,
689 621 720 683 id
735 621 813 701 quod
827 620 888 701 jam
904 627 971 684 aute
985 629 1097 684 masat

69 706 238 783 frequenter
268 704 365 765 iacere
393 721 549 782 aggressus
582 711 626 765 est
657 704 767 781 Targa,
800 703 946 781 expellere
974 712 1097 767 conatus

68 805 144 848 som.
187 787 361 865 Proponam,
379 787 499 864 insuper
524 786 606 849 locos
625 786 780 849 nonnullos
804 787 855 848 ubi
875 787 964 850 rerba
990 804 1096 865 gruem

68 868 186 931 aliunde
211 871 323 931 inrecta
352 887 417 931 esse
442 871 629 932 vehementer
648 872 795 948 suspicor,
826 870 988 951 subjunctis
1008 888 1096 951 argu·

68 955 174 1014 mentis
194 971 247 1015 eur
267 954 307 1013 ita
327 953 457 1014 sentum.

152 1035 331 1098 Glossemata
356 1035 430 1097 haec
451 1043 532 1097 certo
557 1039 626 1097 satis
651 1039 768 1115 antiqua
793 1044 876 1107 sunt,
904 1055 996 1116 quum
1015 1039 1097 1101 exlri·

67 1119 193 1180 beantur
214 1125 243 1180 et
263 1137 279 1179 a
298 1119 361 1180 cod.
378 1119 440 1179 Vat.
463 1120 513 1198 qui
533 1119 650 1181 saecli
671 1122 797 1198 scriptus
816 1127 874 1189 est,
897 1127 927 1181 et
942 1138 959 1182 a
973 1121 1095 1185 Floren-

66 1201 129 1261 tino
150 1203 200 1279 qui
218 1201 286 1271 XII,
310 1208 340 1262 et
359 1221 376 1263 a
394 1202 526 1263 Parisino
547 1210 587 1263 n⁰.
604 1204 686 1265 7028
705 1204 755 1282 qui
773 1203 823 1265 XI.
860 1204 896 1265 Ni
916 1203 1009 1277 lallor,
1030 1225 1095 1269 sae-

67 1284 136 1345 culo
159 1284 224 1355 Vll,
245 1283 374 1351 viimi
395 1285 435 1346 lX
461 1287 603 1364 originem
623 1286 732 1349 debent
758 1286 947 1365 proiectaque
968 1297 1095 1353 suntor

67 1367 124 1427 illis
149 1368 318 1430 Ladnorum
350 1367 427 1429 ludis
453 1367 602 1440 litorariis,
634 1387 760 1448 quorum
786 1371 916 1448 magistri
942 1390 977 1433 eo
1001 1391 1096 1454 usque

67 1448 170 1512 saltem
187 1449 315 1529 linguam
331 1469 467 1529 graecam
484 1451 636 1522 callebant,
653 1459 686 1514 ut
700 1452 746 1514 rel
758 1451 850 1513 libros
866 1471 987 1531 macces
1002 1456 1094 1536 quali·
1158 1460 1162 1467 '

68 1552 195 1612 comque
216 1535 332 1596 modern
352 1533 440 1595 modo
461 1533 549 1596 latine
568 1537 767 1613 interpretari,
790 1535 837 1597 vel
854 1539 1015 1600 orationem
1028 1559 1090 1601 ver-

67 1616 202 1678 naculam
221 1618 361 1695 inspersis
381 1617 529 1680 vocabulis
553 1617 722 1697 alienigenis
743 1636 933 1697 corrumpere
953 1621 1095 1692 valerent,

67 1699 140 1760 adeo
161 1707 193 1761 ut
214 1700 346 1762 codicum
367 1702 513 1778 margines
536 1701 670 1762 ultimum
697 1707 795 1762 essent
819 1703 987 1764 eruditionis
1013 1705 1093 1767 reiu-

66 1783 163 1859 gium,
185 1800 260 1862 qrrae
274 1783 336 1863 jam
351 1802 367 1844 a
381 1783 528 1862 plerisque
546 1784 654 1846 inutilis
667 1783 843 1853 habebatur,
863 1803 918 1846 nec
933 1785 1010 1847 aliud
1024 1788 1093 1867 quid

66 1866 123 1925 nisi
144 1883 245 1928 rerum
264 1866 462 1928 obsoletarum
481 1868 609 1929 studium
629 1884 701 1944 prae
721 1884 753 1928 se
770 1866 924 1948 larebat*).

150 1949 270 2011 Praeter
296 1951 370 2012 haec
398 1950 571 2028 glossemata
598 1967 719 2028 graeca,
747 1950 852 2028 quibus
883 1950 1024 2013 reiertum
1049 1958 1094 2013 est

66 2048 141 2110 opus
157 2032 334 2102 Celsianum,
354 2034 445 2095 multo
466 2033 607 2111 majorem
628 2033 713 2093 etiem
734 2035 861 2094 continet
878 2034 990 2111 copiam
1014 2034 1093 2113 glos·

65 2123 208 2176 semotum
244 2116 415 2187 latinorum,
459 2117 720 2177 additamentorum
760 2116 885 2196 denique
917 2118 1092 2197 interprete·

64 2205 290 2278 mentorumque
305 2198 515 2279 cujuscumque
529 2202 652 2278 generis.
686 2199 812 2260 latorum
829 2199 1092 2263 additamentorum

64 2281 204 2342 nonnulla
230 2284 343 2358 integra
368 2285 495 2344 resecuit
518 2282 672 2362 Targa**);
704 2284 858 2344 maximam
881 2302 950 2345 vero
976 2292 1091 2362 partem
1144 2287 1145 2290 ’

63 2366 148 2424 uncis
171 2365 322 2426 inclusisse
345 2367 414 2426 satis
436 2365 545 2426 habuit.
590 2366 647 2426 Sed
670 2366 724 2425 hac
743 2366 773 2425 in
795 2384 827 2427 re
848 2368 936 2428 nimia
956 2386 1026 2429 usus
1047 2376 1092 2431 est

65 2446 190 2516 cautela;
218 2449 307 2508 immo
327 2466 381 2526 ego
400 2453 476 2526 ipse,
499 2449 566 2510 licet
587 2449 676 2510 murita
691 2466 765 2527 quae
783 2467 998 2526 supervacanea
1012 2452 1090 2513 vide·

64 2529 171 2592 bantur
192 2531 268 2591 ultro
290 2531 459 2600 deleverim,
478 2532 539 2612 jam
552 2532 635 2592 rideo
655 2550 703 2592 me
725 2549 784 2592 non
802 2534 898 2594 omnia
912 2536 1091 2611 praestitisse

64 2631 139 2691 quae
159 2615 301 2691 praestari
322 2617 483 2694 potuerint;
510 2616 664 2676 diuturnus
687 2617 763 2675 enirn
785 2617 923 2677 orationis
943 2617 1091 2679 Celsianae

64 2713 134 2756 usus
161 2715 209 2759 me
235 2715 314 2759 nunc
335 2705 411 2759 vetat
431 2700 586 2776 quominus
607 2697 734 2759 obelisco
757 2716 817 2760 non
842 2698 955 2778 adjecto
977 2702 1006 2760 in
1029 2701 1090 2762 cdi·

128 2928 153 2993 ¹⁸)
178 2931 266 2994 Quum
288 2931 436 2997 permultos
458 2931 567 2982 codices
589 2932 654 2982 inde
675 2947 692 2982 a
716 2949 790 2984 saec.
808 2935 862 2984 VII
878 2948 964 2999 usque
983 2934 1018 2984 ad
1034 2933 1090 2984 XII

63 3001 190 3049 exaratos
207 2999 399 3060 tractaverim,
418 2999 488 3048 satis
505 3002 672 3063 compertum
684 2998 774 3051 habeo
786 3004 889 3065 quanta
902 3001 1089 3051 ostentatione

61 3063 164 3179 {caltinus
186 3063 271 3115 libros
292 3064 509 3114 transcribentes
531 3079 632 3128 graece
653 3063 730 3129 loqui
754 3070 863 3117 tentent
883 3064 964 3129 hujus
986 3065 1089 3116 aetatis

73 3145 177 3180 rrarn.

127 3194 167 3261 ⁸¹)
194 3199 243 3247 Ex.
263 3214 316 3262 gn:
340 3215 367 3264 p.
386 3196 419 3249 33
439 3198 457 3247 l.
479 3198 504 3247 l:
533 3201 632 3264 wando
649 3213 712 3250 sane
729 3201 765 3250 od
779 3203 911 3250 sanitatem
927 3200 1007 3257 uenit,
1025 3202 1089 3263 post

58 3265 160 3325 licitare
176 3288 213 3302 -
233 3264 274 3325 72,
294 3264 337 3314 15:
362 3271 387 3314 et
404 3280 469 3331 puae
486 3268 562 3314 tertio
579 3265 656 3324 libro,
676 3270 740 3326 oet,
759 3270 822 3330 post
839 3264 933 3322 nucleis
961 3264 997 3313 ei.
1015 3265 1087 3316 Ado.

61 3335 132 3392 crtt.;
144 3356 178 3367 -
197 3329 252 3392 147,
265 3328 312 3382 20:
331 3333 399 3397 quod
414 3323 528 3397 golcao'v
539 3337 688 3394 nominatur,
707 3336 769 3397 post
780 3331 893 3382 verbum
904 3335 1088 3394 comparatum,-

61 3421 94 3432 -
108 3394 166 3458 203,
179 3393 226 3446 23:
248 3399 316 3463 qnod
330 3401 365 3448 ait
379 3404 551 3462 acropadornm
568 3398 619 3448 111.
632 3397 660 3448 S.
673 3397 707 3461 )·(
719 3399 746 3461 1,
764 3401 826 3462 post
843 3411 938 3450 rocem
955 3398 1037 3454 lnam
1053 3423 1088 3435 ·-

61 3459 118 3527 309,
134 3462 163 3512 ll
180 3477 258 3528 super
274 3466 371 3515 remoue
389 3465 520 3523 cornicen,
539 3468 600 3530 post
616 3464 730 3516 verbum
746 3466 831 3517 incidi.
