2414 3924
151 211 213 275 238
431 225 464 274 ι.
483 224 512 272 o.
530 222 629 274 tunm
651 225 845 274 umbramen

212 378 263 440 37.
285 375 351 438 Non
366 379 484 439 multum
500 379 536 440 ab
554 379 612 439 boc
622 379 698 438 malo
711 379 797 440 distat
808 381 837 440 rd
843 382 985 462 ,pquod
985 380 1050 462 odo
1052 383 1145 468 taccu

147 461 251 525 Graeci
273 471 386 522 vocant.
421 463 534 542 Pupilla
559 463 684 523 tunditur
700 472 730 523 et
745 464 897 539 dilatatur,
921 468 1060 543 aciesque
1078 464 1144 543 ejus

144 545 323 619 hebetescit
376 565 411 607 ac
454 561 549 622 paene
589 547 606 583 *
666 546 841 607 Difficillime
857 566 951 625 genus
968 550 995 609 id
1011 549 1142 612 imbecil-

144 629 231 691 litatis
253 630 374 690 eliditur.
411 629 443 689 ln
466 640 586 709 utraque
605 648 678 690 vero
703 631 884 710 pugnandum
905 643 950 693 est
971 652 1024 713 per
1041 635 1144 695 eadem

146 715 249 786 omnia,
263 715 377 794 quaein
390 715 515 790 caligine
529 715 678 773 oculorum
690 724 848 792 praecepta
862 726 925 775 sunt
939 715 1162 797 (§32-34)‚5

145 803 244 881 paucis
259 808 364 860 tanturn
378 799 509 857 mutatis:
529 798 669 875 siquidem
682 798 719 857 ad
735 808 820 876 caput
836 801 909 859 irino
922 802 1062 861 interdum
1074 820 1140 862 ace-

145 895 217 960 tum,
235 885 374 944 interdum
387 883 488 943 nitrum
500 881 690 956 adjiciendum
707 890 766 948 est:
784 883 894 942 melle
887 887 984 960 inungi
1001 888 1071 944 satis
1086 894 1140 945 est.

146 968 301 1045 Quidam'
294 988 322 1027 m
353 969 517 1047 posteriore
543 967 611 1024 vitio
638 966 738 1025 calidis
761 967 843 1044 aquis
872 969 915 1025 usi
945 968 1139 1050 relevatique:

146 1053 257 1131 quidam
279 1053 341 1110 sine
360 1053 417 1111 ulla
435 1050 584 1110 manifesta
605 1067 691 1110 causa
708 1049 801 1109 subito
820 1050 972 1110 obcaecati
990 1062 1064 1111 sunt.
1093 1044 1140 1112 En

145 1135 248 1215 quibus
265 1134 409 1210 nonnulli,
431 1153 513 1214 quum
533 1135 706 1213 aliquamdiu
718 1132 787 1192 nibil
809 1135 1175 1215 vidissent,repentina10

145 1220 315 1299 prolusione
331 1218 388 1278 alvi
405 1218 500 1278 lumen
516 1226 699 1296 receperunt
734 1217 798 1292 Quo
815 1220 905 1277 miuus
921 1218 1043 1279 alienum
1059 1221 1138 1279 vide·

141 1313 205 1378 tur,
234 1310 263 1360 et
284 1304 394 1361 recenti
420 1321 468 1377 re,
497 1310 527 1360 et
548 1302 719 1379 interposito
741 1310 894 1380 tempore,
923 1302 1139 1363 medicamentis

145 1403 259 1466 quoque
274 1386 367 1445 moliri
382 1385 578 1462 deJectiones,
598 1403 673 1462 quae
689 1402 801 1444 ornnem
816 1388 929 1474 noxiam
945 1390 1093 1446 materiam
1110 1390 1139 1446 in

145 1471 284 1531 iuferiora
303 1469 458 1548 depellant.

207 1552 256 1616 38.
279 1554 399 1613 Praeter
415 1553 489 1613 baec
504 1552 687 1612 imbecillitas
702 1553 850 1612 oculorum
869 1562 928 1627 est,
948 1572 985 1612 ex
1002 1573 1058 1632 qua
1074 1558 1134 1633 qui·
1147 1578 1170 1616 ιι

145 1639 208 1699 dam
231 1638 353 1698 interdiu
375 1639 459 1712 satis,
488 1646 574 1696 noctu
595 1635 665 1695 nihil
689 1647 822 1696 cernunt:
853 1636 930 1715 quod
952 1639 979 1695 in
1003 1637 1137 1698 feminam

145 1723 220 1783 bene
235 1720 479 1800 respondentibus
494 1721 647 1780 menstruis
661 1737 719 1780 non
732 1721 817 1780 cadit.
840 1719 898 1779 Sed
911 1721 954 1779 sic
969 1720 1136 1782 laborantes

145 1807 243 1883 inungi
264 1814 379 1885 oportet
400 1807 479 1865 sanie
497 1806 657 1881 jecinoris,
684 1806 806 1864 maxime
829 1803 947 1881 bircini,
977 1807 1021 1864 sin
1045 1807 1137 1866 minus

145 1892 269 1970 caprini,
295 1888 342 1948 ubi
362 1889 391 1949 id
414 1907 508 1950 assum
525 1889 671 1968 coquitur,
696 1898 835 1967 excepta:
856 1897 942 1966 atque
959 1888 1004 1947 edi
1020 1906 1136 1967 quoque

144 1972 236 2054 ipsium
252 1975 338 2049 jecur
354 1972 450 2032 debet.
488 1973 570 2031 Licet
589 1983 683 2032 tamen
700 1974 783 2032 etiarn
801 1972 902 2031 iisdem
919 1972 1135 2032 medicamentis
1144 1995 1170 2036 co

144 2077 201 2119 non
225 2058 360 2117 inutiliter
377 2060 432 2132 uti,
456 2076 529 2135 quae
545 2057 590 2115 vel
607 2058 777 2131 cicatrices,
799 2056 846 2114 vel
864 2056 1069 2134 aspritudinem
1085 2076 1134 2116 ex-

145 2153 269 2203 tenuant.
310 2142 431 2217 Quidam
454 2141 577 2200 contrito
599 2141 700 2198 semini
724 2139 895 2219 portulacae
918 2140 973 2198 mel
998 2140 1135 2214 adjiciunt

145 2236 279 2302 eatenus,
297 2244 333 2284 ne
350 2225 378 2285 id
397 2244 434 2284 ex
452 2222 575 2302 specillo
593 2223 737 2300 destillet,
757 2241 852 2300 eoque
867 2224 1013 2298 inungunt.
1041 2222 1134 2283 Exer-

145 2309 340 2384 citationibus,
367 2307 489 2382 balneo,
514 2306 709 2383 frictionibus,
733 2306 1009 2383 gargarizationibus
1031 2308 1134 2366 iisdem

73 2426 76 2433 ·
144 2393 188 2452 lais
203 2410 317 2471 quoque
333 2391 465 2450 utendum
481 2399 534 2449 est.
1144 2412 1169 2453 25

207 2477 257 2537 39.
285 2476 323 2535 Et
342 2474 416 2534 baec
440 2473 554 2552 quidem
576 2475 603 2532 in
624 2476 694 2552 ipsis
710 2474 883 2551 corporibus
898 2476 1033 2532 oriuntur.
1074 2474 1155 2534 Ex·-

144 2560 286 2618 trinsecus
310 2576 381 2617 vero
401 2558 541 2617 interdum
559 2559 602 2617 sic
623 2559 696 2618 ictus
714 2557 826 2617 oculum
842 2557 943 2633 laedit,
970 2567 1000 2614 ut
1016 2560 1134 2634 sanguis

143 2645 172 2702 in
188 2660 224 2701 eo
242 2642 427 2702 suffundatur.
464 2641 540 2701 Nihil
560 2642 736 2702 commodius
753 2651 813 2716 est,
831 2659 914 2719 quam
931 2642 1069 2716 sanguine
1086 2642 1134 2700 vel

145 2726 312 2803 columbae,
334 2726 380 2785 vel
398 2725 537 2806 palumbi,
562 2726 607 2784 vel
628 2725 784 2784 hirundinis
799 2726 950 2800 inungere.
987 2722 1088 2802 Neque
1106 2725 1134 2783 id

145 2813 205 2871 sine
228 2830 312 2871 causa
339 2812 383 2880 lit;
407 2829 491 2889 quum
515 2810 616 2869 borum
640 2811 719 2869 acies
741 2809 922 2866 extrinsecus
944 2808 1024 2866 laesa
1046 2809 1167 2866 inter-so

144 2898 240 2977 posito
268 2907 401 2975 ternpore
427 2897 455 2953 in
481 2896 625 2972 antiquum
648 2901 749 2952 statum
771 2891 886 2966 redeat,
924 2891 1133 2968 celerrimeque

143 2981 309 3040 hirundinis.
342 2979 425 3039 Unde
443 2979 527 3038 etiam
543 2978 627 3038 locus
642 2976 758 3035 fabulae
776 2975 869 3035 lactus
884 2983 944 3049 est,
961 2991 1015 3051 per
1030 2992 1133 3052 paren·

143 3075 187 3124 tes
208 3065 236 3124 id
259 3064 349 3124 herba
371 3063 483 3122 restitui
501 3062 555 3140 (ci.
572 3061 643 3120 Plin.
660 3060 759 3132 XXV,
782 3060 820 3133 8,
840 3059 913 3136 50),
938 3057 1014 3136 quod
1031 3076 1084 3135 per
1101 3077 1134 3115 se

145 3149 279 3207 sanescit
324 3147 431 3207 Eorum
460 3163 532 3222 ergo
559 3147 676 3220 sanguis
696 3152 811 3204 nostros
835 3160 948 3220 quoque
972 3142 1074 3201 oculos
1097 3141 1132 3200 ab

144 3242 265 3292 externo
283 3250 350 3291 casu
367 3230 598 3290 commodissime
613 3238 722 3302 tuetur,
738 3227 795 3286 boc
813 3226 929 3300 ordine,
949 3224 1132 3283 utsitbirun
1142 3239 1168 3280 ιι

143 3316 215 3376 dinis
231 3317 372 3414 optimus,
392 3314 493 3373 deinde
512 3312 654 3391 palumbi,
669 3312 782 3370 minime
798 3309 904 3369 ellicax
921 3270 1087 3383 dolumbae,
1105 3318 1134 3367 et

144 3400 213 3459 illi
206 3402 278 3478 ipsi,
301 3409 330 3458 et
352 3397 444 3456 nobis.
482 3399 574 3475 Supra
596 3413 764 3474 percussum
786 3409 856 3452 vero
882 3392 1008 3469 oculum,
1037 3392 1100 3451 ad
1092 3410 1132 3450 m·

145 3483 361 3542 llammationem
381 3480 558 3556 leniendam,
584 3497 641 3538 non
662 3487 706 3537 est
729 3478 885 3538 alienum
878 3494 1027 3555 imponere
1049 3477 1134 3535 etiam
