2416 3936
461 211 704 284 -175-

150 355 246 419 erlino.
286 355 326 417 nd
353 355 525 419 lumbricos.
560 357 652 420 elilim
675 376 745 420 cum
766 368 885 421 mentae
912 359 991 422 foliis
1014 378 1086 422 con-

65 448 172 508 tritum
192 452 233 506 et
260 447 373 525 piperis
401 445 533 521 modico,
561 446 700 508 edluncto
726 457 813 509 scoto
840 455 871 509 et
898 446 964 508 oleo
993 466 1086 529 spano

65 541 236 597 comestum
258 533 423 595 lumbricos
445 533 585 597 excludit.

156 621 247 684 aliud.
285 622 354 683 lolia
376 625 487 703 persici
507 626 634 685 contrita
653 633 705 685 aut
727 624 819 685 obrue
843 623 913 686 lolio
935 632 987 688 aut
1009 643 1084 687 sam·

67 710 137 775 luci
165 711 236 773 lolia
259 711 396 773 similiter
424 714 554 775 contrita
578 720 610 774 et
632 731 723 794 super
746 712 922 776 umbilicum
949 715 1113 794 impositas

68 819 184 864 summe
208 800 329 867 iaciunt

331 958 461 1021 LXXIII.
498 959 547 1021 ld
571 959 824 1023 elefantiasim

157 1084 214 1146 list
231 1091 331 1146 eutem
351 1085 532 1146 elefantiasis
555 1087 690 1165 corporis
713 1085 861 1147 callositas
884 1093 1006 1166 operatu
1029 1085 1086 1148 sub

65 1172 281 1236 melancholico
309 1174 435 1235 bumore
463 1173 501 1234 nd
527 1173 754 1235 similitudinem
776 1173 983 1257 elefantorum,
1005 1175 1085 1236 unde

67 1263 262 1344 eleluntiosls,
294 1271 328 1323 ut
355 1280 445 1342 supro
473 1261 547 1344 dixi,
575 1263 677 1342 passio
705 1280 814 1324 nomen
837 1266 965 1344 occepit.
1010 1263 1084 1326 boec
1099 1279 1126 1321 ιο

65 1359 168 1413 eutem
196 1354 279 1430 signa
305 1354 453 1432 patientes
482 1359 634 1412 secuntur.
676 1353 824 1413 ertantine
850 1353 982 1436 riposao,
1009 1371 1084 1433 quus

65 1440 180 1501 Graeci
207 1456 300 1501 oncus
331 1439 455 1501 octodes
487 1447 608 1521 vocant,
639 1438 671 1501 id
702 1448 750 1502 est
780 1442 891 1520 riposis
924 1441 1086 1504 verticibus

65 1531 272 1610 prominentes
299 1531 380 1590 clrca
406 1527 522 1590 vultum
544 1537 575 1590 et
603 1528 759 1610 articulos,
788 1528 927 1591 adiuncta
950 1533 1086 1611 corporis

66 1616 144 1678 mala
166 1615 353 1699 habitudine,
381 1635 470 1696 quam
494 1616 600 1678 Graeci
626 1616 786 1678 cncbexian
817 1616 929 1680 dicunt.
965 1637 1002 1680 ex
1026 1637 1085 1699 qus

66 1709 206 1787 passione
234 1706 409 1785 frequenter
437 1707 623 1768 summitates
652 1705 813 1786 digitorum
840 1706 950 1769 cadunt
981 1715 1124 1787 putre-1⁵

139 1900 152 1948 1
182 1897 277 1950 mente
302 1896 396 1965 (mete)
420 1896 499 1963 c(cf.
523 1896 617 1952 Diosc
643 1899 674 1961 3,
697 1899 743 1950 36.
785 1895 818 1948 de
843 1908 942 1948 merra
966 1900 997 1960 1,
1023 1897 1084 1962 77)=

67 1968 193 2035 mirbep.
266 1966 439 2021 imodicum
454 1982 476 2024 c.
548 1964 791 2035 etlol.)c:velp.
860 1969 943 2035 bsup
958 1980 984 2020 c:
1000 1964 1085 2035 subp

66 2038 243 2106 (umbibcum
262 2039 313 2106 cp).
349 2038 384 2104 ef,
404 2037 466 2092 Gal.
485 2037 566 2106 XII,
585 2042 630 2093 76.
738 2036 845 2106 iposito
858 2052 894 2104 p:
913 2035 1043 2112 appositu
1061 2052 1083 2091 c.

66 2116 83 2164 6
103 2114 168 2178 post
191 2109 300 2162 faciunt
322 2109 388 2163 baec
411 2110 490 2162 addit
511 2125 585 2163 nnus
608 2124 636 2174 c,
660 2107 814 2177 quaelicet
837 2105 928 2161 Cassii
950 2122 1004 2162 esec
1027 2122 1085 2162 ooo

65 2182 187 2235 dubitem
205 2181 250 2233 bic
263 2181 343 2247 infra
356 2181 492 2246 adsmibo,
505 2186 537 2234 nt
551 2182 690 2250 leperistere:
706 2176 919 2232 Lumbricornm
932 2178 1013 2234 dolor
1024 2177 1084 2233 sive

64 2252 142 2306 tinee
161 2246 270 2304 cinei
288 2254 354 2305 sunt
372 2267 504 2305 carenum
523 2251 661 2320 optimum
676 2248 713 2303 cd
730 2249 830 2304 terties
849 2249 987 2320 decoques
1001 2266 1035 2304 ex
1049 2266 1083 2304 eo

66 2321 147 2377 dubis
167 2320 270 2376 ieiunis
284 2322 482 2377 examinatum.
510 2322 582 2377 Ibem
600 2322 670 2377 folia
683 2319 768 2376 ocimi
786 2319 837 2374 ulii
854 2320 925 2390 gelli
944 2321 1019 2375 clere
1033 2323 1084 2376 voi

67 2393 167 2463 coligis
183 2397 214 2447 et
227 2409 309 2462 super
323 2394 449 2448 ventrem
463 2393 579 2462 Inpones
597 2393 749 2447 lumbricos
763 2392 894 2446 excutiet.
924 2391 990 2446 Alie
1003 2391 1083 2446 radix

64 2463 210 2533 polipodie
234 2463 251 2518 i.
275 2463 353 2517 felici
374 2464 479 2529 (Diose.
499 2468 529 2532 4,
551 2468 615 2520 185.
648 2465 683 2531 cf.
699 2462 762 2518 Gal.
786 2462 880 2530 XIV,
900 2467 966 2530 514)
983 2462 1083 2532 depur-

100 2555 131 2606 ee
156 2569 172 2616 z
195 2551 264 2606 seru
288 2552 323 2606 ce
344 2552 422 2622 ngno
446 2551 525 2607 tres
547 2551 625 2607 reos
646 2551 742 2606 mnne
766 2534 788 2614 i
816 2549 883 2604 vnn
900 2568 916 2617 ἴ
936 2549 959 2603 si
984 2549 1082 2604 viem

96 2622 150 2678 erit
177 2622 258 2676 radix
285 2623 342 2677 filio
368 2625 403 2677 de
434 2640 500 2678 succ
528 2622 641 2678 conficis
668 2622 820 2692 l(?)ecisum
845 2621 1036 2677 urmoniucum
1065 2638 1081 2689 9

66 2693 187 2749 euforbii
205 2699 223 2755 3
242 2694 269 2747 II
286 2694 331 2748 lae
354 2694 458 2763 pilulas
477 2692 516 2749 er⁹
534 2694 729 2764 magnitudine
750 2709 805 2762 que
824 2709 897 2748 enno
916 2691 998 2747 inicit
1016 2692 1082 2762 s(?)e

66 2781 115 2819 seu
135 2764 293 2820 eunicebus
311 2764 436 2819 infundis
454 2764 484 2819 in
502 2763 609 2820 cervisa
627 2781 701 2819 novo
720 2763 759 2818 SS
773 2764 807 2821 11.
845 2764 876 2818 si
893 2762 1008 2819 inventu
1025 2780 1082 2819 non

63 2836 150 2890 fuen'l
164 2853 198 2890 ex
213 2852 287 2903 eque
301 2835 394 2890 calida
408 2835 488 2891 dabis
501 2836 552 2891 ubi
566 2834 658 2891 mirre.
689 2835 735 2889 58.
751 2835 777 2888 II
796 2835 939 2891 decoreris
953 2833 1081 2889 admittis

63 2907 127 2961 enei
147 2905 230 2961 ciebis
248 2905 282 2961 Il.
301 2909 351 2961 eut
370 2923 444 2976 sape.
465 2906 511 2962 SS.
531 2907 557 2960 11
576 2906 656 2961 dubis
674 2906 827 2961 bibendum
846 2908 912 2961 unte
930 2906 1013 2961 horus
1027 2905 1081 2959 IIII

64 2978 138 3048 egrici
151 2978 181 3032 el
194 2976 361 3032 vermiculos
375 2980 405 3033 et
418 2978 509 3032 tineus
523 2980 588 3033 ente
606 2978 730 3032 triduum
745 2993 811 3032 sane
828 2977 914 3033 debes
928 2993 975 3032 eos
993 2975 1081 3031 cibari

64 3066 127 3103 cum
145 3065 221 3118 pene
239 3050 269 3103 et
291 3066 379 3119 posce
396 3048 502 3104 bibere.
593 3053 776 3118 Bcorporum
790 3064 820 3117 p.
912 3045 1080 3112 bzsimili-

63 3120 163 3175 tudine
181 3136 204 3175 c.
281 3120 468 3175 elefantorum
485 3119 638 3175 nominato.
670 3120 745 3173 unde
763 3119 803 3173 sc'c
821 3134 862 3186 cp.
944 3121 977 3170 10
995 3118 1028 3170 ut
1047 3147 1079 3155 -

63 3190 158 3260 pussio
174 3208 201 3246 c:
221 3207 271 3245 om.
281 3208 313 3260 p.
387 3198 419 3246 11
440 3193 535 3247 autem
549 3206 599 3246 om.
613 3207 643 3259 p.
716 3188 860 3259 pecientes
874 3203 905 3254 cr,
919 3187 1080 3241 laborantes

61 3280 91 3330 p.
166 3261 292 3317 extantia
310 3262 404 3332 riposu
418 3280 449 3331 p,
469 3261 576 3317 extanti
594 3276 716 3331 anposse
735 3276 756 3314 e.
828 3273 912 3327 quum
932 3273 973 3326 ep.
1047 3262 1080 3312 12

66 3339 128 3389 eoos
148 3334 245 3389 etedes
264 3350 291 3401 c,
315 3333 512 3402 ecosetodesp
532 3327 648 3403 (ὄγκους
666 3325 813 3411 ὀχθῶᾷεις.
856 3329 890 3397 cf.
916 3327 985 3412 Gai..
999 3327 1080 3398 XII,

66 3407 142 3474 827).
216 3404 317 3474 riposis
326 3422 361 3476 p:
381 3411 411 3459 re
429 3405 519 3475 possis
534 3421 555 3460 c.
630 3409 662 3458 13
677 3415 836 3471 prominens
845 3417 876 3471 p,
895 3401 1043 3471 promittes
1058 3417 1079 3456 c.

66 3474 138 3531 circs
156 3478 284 3532 ventrem
303 3491 325 3531 e.
399 3483 433 3531 14
452 3474 593 3531 cacexium
613 3491 639 3544 c,
659 3472 796 3529 eccesiam
811 3489 841 3543 p.
