2414 3924
407 238 476 286 urs.
493 239 554 287 vn.
577 238 652 287 cau.
668 239 764 289 xxm.
1022 233 1084 295 313

95 393 224 452 vesicam
248 391 378 468 urgendo
404 391 506 450 vulnus
536 392 662 472 irritant,
688 411 771 472 quam
799 393 898 454 calore
920 396 1085 474 proliciunt.

93 475 175 553 Engo
190 492 226 534 ue
240 474 384 534 vinculum
405 474 520 553 quidem
540 475 626 535 ullum
646 476 841 537 necessarium
861 486 916 537 est
947 478 1085 540 Proximo

94 559 159 634 die,
182 560 206 617 si
226 559 344 637 spiritus
367 556 512 618 difficilius
527 558 671 636 redditur,
696 560 721 619 si
736 560 816 619 urina
832 578 890 622 nou
910 561 1042 639 excedit,
1059 563 1085 621 si

94 644 178 703 locus
205 642 283 700 circa
308 640 412 719 pubem
437 651 547 702 mature
569 642 715 720 intumuit,
742 645 818 703 scire
844 644 913 704 licet
936 645 965 703 iu
985 647 1085 706 vesica

69 725 264 802 ssauguinem
286 732 452 784 concretum
472 727 657 785 remansisse.
691 724 796 804 Igitur,
823 727 956 787 demissis
981 729 1085 789 eodem

94 807 180 869 modo
195 808 307 885 digitis,
322 808 427 867 leniter
445 809 648 885 pertractanda
661 811 761 869 vesica
775 818 837 886 est,
860 819 890 869 ει
905 811 1083 873 discutienda

93 894 118 951 si
133 909 189 969 qua
204 891 350 950 coierunt:
365 907 422 968 quo
439 891 486 966 lit,
500 900 530 950 ut
546 909 600 969 per
611 892 711 952 vulnus
725 901 827 971 postea
842 895 1002 972 procidant.
1018 893 1084 955 Nou

94 975 215 1035 alienum
232 975 317 1034 etiam
335 981 396 1050 est,
422 975 576 1035 oriculario
600 975 727 1050 clystere
750 985 861 1036 acetum
876 978 950 1037 nitro
967 979 1084 1038 mixtum

95 1076 148 1136 per
169 1057 283 1136 plagam
303 1057 332 1115 in
351 1058 478 1115 vesicam
498 1058 692 1136 compellere:
714 1077 778 1117 uam
799 1060 842 1118 sic
858 1078 974 1139 quoque
989 1060 1083 1120 discu-

60 1143 215 1218 rotiuutur,
233 1141 325 1217 siqua
343 1149 462 1200 cruenta
476 1143 616 1200 coierunt.
647 1140 749 1220 anue
771 1143 872 1202 iacere
888 1146 973 1204 etiam
992 1145 1083 1223 primo

93 1225 142 1285 die
158 1226 306 1297 convenit,
330 1224 353 1281 si
376 1224 508 1282 timemus
527 1242 563 1283 ne
588 1224 656 1302 quid
671 1227 745 1285 intus
759 1226 810 1286 sit:
839 1227 1021 1305 maximeque
1035 1226 1083 1287 ubi

94 1306 265 1368 ambulando
285 1305 314 1365 id
335 1306 444 1365 elicere
463 1304 646 1367 imbecillitas
669 1308 822 1387 probibuit.
856 1308 962 1371 Cetera
983 1310 1083 1372 eadem

93 1390 226 1454 iacienda
239 1397 319 1453 sunt:
334 1397 363 1474 ut
378 1390 540 1451 demittatur
554 1391 582 1449 in
597 1391 715 1468 solium,
736 1402 766 1451 ut
786 1392 890 1452 eodem
906 1395 993 1455 modo
1014 1413 1082 1474 pan·

92 1477 222 1551 diculus,
238 1476 342 1536 eodem
357 1476 422 1536 lana
439 1474 682 1551 superinjiciatur.
712 1475 770 1535 Sed
785 1493 880 1553 neque
902 1494 1009 1557 saepe,
1030 1496 1081 1538 ue·

57 1576 149 1641 acque
164 1559 268 1620 tamdiu
283 1560 311 1618 iu
322 1577 397 1637 aqua
414 1557 506 1620 calida
526 1575 600 1636 puer
616 1557 780 1634 habendus,
801 1578 885 1637 quam
908 1559 1084 1621 adolescens

91 1652 151 1713 est;
167 1644 310 1720 infirmus,
331 1660 414 1721 quam
436 1643 552 1708 valens;
569 1645 648 1722 leni,
677 1660 760 1720 quam
779 1643 914 1719 graviore
929 1642 1081 1704 inflamma·

91 1730 171 1788 tione
196 1726 335 1795 allectum
356 1727 397 1801 is,
419 1727 501 1800 cujus
522 1741 629 1804 corpus
651 1725 808 1802 digeritur,
835 1742 918 1803 qnam
933 1725 975 1802 is,
999 1727 1083 1801 cujus

92 1809 258 1871 adstrictum
276 1818 330 1868 est.
358 1807 438 1868 luter
458 1809 532 1869 baec
555 1825 642 1883 vero,
666 1809 692 1867 si
715 1825 831 1868 somnus
847 1818 908 1886 est,
931 1818 960 1868 et
975 1825 1079 1887 aequa-

92 1894 128 1954 lis
143 1893 269 1973 spiritus,
287 1902 316 1952 et
330 1892 448 1952 madens
464 1892 570 1969 lingua,
587 1899 616 1950 ει
631 1892 693 1951 sitis
705 1892 833 1968 modica,
849 1901 878 1951 et
890 1900 991 1950 venter
1007 1894 1079 1950 imus

55 1976 193 2053 adsedet,
209 1985 239 2036 ει
252 1975 408 2035 mediocris
423 1984 469 2035 εει
484 1993 547 2035 cum
561 1974 644 2034 iebre
663 1976 777 2036 modica
798 1976 898 2052 dolor,
920 1976 995 2034 scire
1010 1974 1081 2034 licet
1164 1998 1167 2003 ·

91 2068 173 2121 recte
189 2062 365 2120 curationem
382 2060 556 2137 procedere.
591 2058 686 2136 Atque
703 2060 730 2117 in
747 2059 791 2118 bis
814 2059 995 2119 inflammatio
1016 2059 1081 2118 lere

92 2144 190 2224 quinto
207 2144 255 2203 vel
271 2143 395 2221 septimo
411 2141 458 2201 die
474 2143 582 2201 linitur:
605 2159 660 2220 qua
682 2143 792 2217 levata,
815 2143 917 2202 solium
941 2158 1080 2220 superva-

92 2245 175 2288 cuum
199 2235 258 2286 est:
285 2227 377 2303 supini
399 2225 591 2284 tautummodo
611 2225 713 2285 vulnus
728 2243 802 2304 aqua
818 2225 909 2285 calida
925 2225 1082 2285 fovendum

91 2319 147 2386 est,
165 2319 205 2384 ut,
223 2310 246 2368 si
262 2309 329 2386 quid
341 2309 440 2369 urinae
453 2310 540 2385 rodit,
557 2308 678 2368 eluatur.
696 2307 871 2386 Imponenda
887 2317 981 2368 autem
992 2308 1081 2368 medi·

57 2405 83 2447 ὅ
95 2401 225 2454 cementa
240 2402 303 2452 sunt
318 2410 372 2469 pus
386 2394 545 2460 mareotim
565 2401 604 2464 ει,
622 2393 646 2450 εἰ
661 2392 837 2469 purgandum
853 2392 956 2451 vulnus
971 2390 1082 2450 videbi·

92 2486 149 2552 tur,
165 2475 252 2536 melle
269 2474 421 2535 linendum.
454 2475 486 2534 ld
502 2477 526 2534 si
541 2474 642 2551 rodet,
667 2493 734 2535 rosa
751 2475 968 2554 temperabitur.
1000 2471 1082 2534 Lina·

91 2569 186 2620 menta
201 2576 272 2619 vero
288 2569 345 2619 tum
360 2577 449 2638 super
461 2559 563 2617 vulnus
578 2575 636 2617 non
648 2568 712 2617 suut
722 2561 903 2627 necessaria;
920 2576 1010 2638 super
1023 2575 1083 2617 me·

91 2644 290 2718 dicameutum‚
309 2641 344 2702 ad
361 2641 390 2701 id
406 2641 624 2715 continendum,
650 2651 732 2701 recte
755 2644 947 2721 imponuntur.
982 2642 1020 2700 At
1037 2641 1084 2701 ubi

93 2727 193 2786 vulnus
209 2736 360 2805 purgatum
383 2735 444 2799 est,
467 2741 539 2803 puro
564 2725 717 2784 linamento
739 2727 774 2786 ad
797 2727 961 2786 cicatricem
978 2723 1083 2802 perdu-

55 2810 214 2872 soccudum
230 2817 283 2868 εει.
319 2809 428 2884 Quibus
442 2807 621 2885 temporibus
640 2818 752 2883 tamen,
771 2810 795 2868 si
812 2809 884 2868 felix
898 2809 1008 2867 curatio
1025 2823 1082 2865 uou

89 2893 153 2970 luit,
168 2895 247 2953 varia
261 2892 390 2971 pericula
408 2893 544 2951 criuntur.
575 2891 655 2966 Quae
674 2891 843 2969 praesagire
860 2892 989 2970 protinus
1000 2888 1081 2963 licet,

89 2977 115 3038 εἰ
130 2977 263 3036 contiuua
281 2976 378 3053 vigilia
393 2985 454 3049 est,
470 2976 494 3032 si
510 2974 627 3050 spiritus
645 2973 816 3048 difficultas,
840 2975 864 3030 si
887 2973 982 3047 lingua
1002 2969 1083 3030 arida

89 3068 150 3138 est,
173 3061 199 3120 si
222 3060 285 3119 sitis
299 3060 467 3133 vehemens,
482 3057 507 3114 'si
525 3065 629 3114 venter
644 3056 715 3138 imus
729 3063 833 3130 tumet,
854 3055 879 3112 si
892 3054 995 3112 vulnus
1011 3053 1080 3130 hiat,

89 3143 301 3203 sitrausduens
318 3142 398 3201 urina
419 3142 446 3199 id
468 3157 524 3198 nou
541 3138 630 3212 rodit,
653 3140 677 3197 si
693 3147 758 3197 ante
773 3139 886 3196 tertium
901 3137 977 3196 diem
994 3155 1081 3215 quae·

53 3227 154 3288 audam
169 3226 256 3287 livida
268 3225 423 3303 excedunt,
438 3224 462 3282 si
476 3224 501 3281 is
518 3230 566 3282 aut
587 3220 677 3297 nihil,
700 3230 747 3279 aut
763 3220 845 3280 tarde
866 3219 1040 3300 respondet;
1058 3221 1082 3278 si

88 3310 278 3372 vehementes
300 3309 419 3369 dolores
441 3313 521 3382 sunt,
542 3306 565 3364 si
588 3314 655 3382 post
671 3304 746 3364 diem
761 3305 885 3382 quintum
899 3321 1022 3380 magnae
1037 3303 1082 3350 ie·

88 3394 159 3456 bros
177 3402 299 3472 urgent,
321 3401 351 3452 et
369 3389 511 3452 fastidium
536 3388 592 3447 cibi
616 3397 781 3466 permanet,
803 3388 829 3446 si
845 3386 946 3448 cubars

88 3487 162 3539 trem
172 3477 326 3555 jucundius
342 3485 396 3534 est.
428 3472 506 3533 Nihil
522 3482 617 3532 tamen
629 3474 713 3550 pejus
728 3480 775 3531 εει
789 3471 932 3532 distentior
