2414 3924
453 225 523 273 nra.
535 226 559 273 1.
576 224 653 275 cna.
664 225 766 276 11.111.
1068 220 1107 283 15

108 386 155 439 ast
170 376 223 437 sub
238 377 325 455 divo,
345 395 429 457 quam
444 379 473 439 iu
487 381 616 458 portiom
636 380 755 457 melior,
780 382 805 440 si
828 391 915 462 caput
938 385 1058 464 patitur,
1078 388 1108 447 iu

109 460 185 537 sole,
202 478 287 540 quam
300 463 330 521 iu
345 461 458 532 umbra:
478 463 581 524 melior
595 463 736 525 inumbra
751 482 836 543 quam
851 467 979 545 parietes
998 478 1047 529 aut
1067 473 1107 530 vi·

107 543 180 607 ridie
196 544 341 624 elllciuut,
359 563 443 625 quam
458 563 533 625 quac
549 556 629 610 tecto
646 546 758 616 subest;
780 549 883 610 melior
904 560 1001 629 recta,
1023 570 1107 632 quam

107 629 249 691 flexuosa.
284 628 511 690 Exercitationis
532 640 627 691 autem
648 632 817 712 plerumque
846 633 910 693 bnis
929 651 996 696 esse
1020 635 1107 697 debet

80 732 94 770 a
109 712 208 790 sudor,
223 722 272 774 aut
287 722 368 773 certe
383 712 533 791 lassitudo,
549 732 623 795 quae
639 717 710 778 citra
727 716 925 794 fatigationem
945 720 995 780 sit:
1020 719 1106 799 idque

106 798 202 878 ipsum
216 796 303 858 modo
317 797 425 874 minus,
446 798 533 859 modo
556 801 648 877 magis
669 799 832 861 iaciendum
851 811 905 863 est.
942 801 988 863 Ac
1008 820 1045 863 ne
1061 803 1105 863 bis

107 880 234 961 quidem,
250 880 418 943 athletarum
436 881 581 962 exemplo,
598 882 645 943 uel
664 892 744 944 certa
759 901 825 945 esse
846 885 910 961 lex,
935 886 983 946 vel
1007 889 1104 949 immo·

108 965 190 1026 dicus
205 964 289 1026 labor
306 963 403 1026 debet.
439 964 685 1027 Exercitationem
705 976 786 1028 recte
807 970 936 1048 sequitur
951 970 1038 1032 modo
1054 989 1104 1033 un·

109 1050 179 1126 otio,
194 1048 243 1110 vel
257 1051 286 1108 in
301 1048 377 1124 sole,
393 1049 441 1110 uel
460 1050 496 1111 ad
510 1051 621 1128 ignem:
639 1050 725 1111 modo
740 1049 888 1130 balneum,
904 1053 957 1115 sed
971 1054 1105 1117 conclavi

70 1150 195 1212 mquam
218 1132 342 1194 maxime
364 1141 394 1192 et
413 1132 472 1193 alto
494 1143 524 1194 et
545 1133 641 1195 lucido
669 1144 698 1194 et
718 1137 858 1214 spatioso.
899 1137 945 1197 lix
965 1137 1009 1198 his
1031 1156 1104 1200 vero

108 1226 239 1277 neutrum
255 1234 371 1295 semper
392 1217 455 1277 lieri
477 1227 609 1297 oportet;
633 1217 685 1279 sed
706 1220 822 1298 saepius
842 1220 1023 1300 alterutrum,
1050 1240 1104 1303 pro

109 1302 244 1381 corporis
259 1309 368 1361 natura.
406 1300 477 1361 Post
498 1301 571 1362 baec
591 1301 705 1381 paulum
726 1305 935 1381 conquiescere
955 1323 1029 1385 opus
1048 1315 1103 1367 est.

108 1383 167 1447 libi
179 1383 215 1444 ad
231 1383 325 1445 cibum
339 1392 455 1444 ventum
471 1394 531 1462 est,
548 1403 699 1464 numquam
714 1386 790 1447 utilis
807 1395 852 1448 est
866 1390 950 1449 nimia
968 1391 1102 1458 satietas:

109 1485 201 1547 saepe
213 1467 321 1528 inutilis
337 1469 422 1530 nimia
436 1468 623 1538 abstinentia;
644 1472 669 1530 si
685 1487 741 1548 qua
758 1470 976 1549 intemperantia
992 1472 1103 1551 subest,

71 1570 100 1613 su
108 1553 197 1614 tutior
211 1560 257 1612 est
272 1554 301 1612 in
315 1552 446 1630 potione,
462 1571 546 1633 quam
561 1555 590 1613 iu
606 1572 674 1614 esca
690 1552 745 1632 (ci.
760 1549 840 1632 Aplt.
857 1554 894 1631 ll,
913 1555 980 1633 11).
1015 1554 1104 1618 (libus

108 1655 124 1698 a
148 1634 343 1711 salsamentis,
366 1634 510 1714 oleribus,
535 1636 732 1715 similibusque
753 1636 840 1697 rebus
861 1638 962 1699 melius
987 1641 1102 1719 incipit:

107 1730 167 1782 tum
189 1737 258 1780 caro
280 1719 450 1781 assumenda
468 1730 530 1797 est,
555 1739 630 1800 quae
651 1739 716 1780 assa
735 1721 855 1799 optima,
879 1730 927 1782 aut
948 1722 1026 1782 elixa
1048 1731 1102 1782 est.

109 1802 230 1864 Condita
246 1803 340 1865 omnia
356 1802 464 1865 duabus
480 1805 516 1865 de
531 1805 625 1864 causis
636 1804 744 1864 inutilia
757 1812 835 1873 sunt;
852 1807 986 1883 quoniam
997 1814 1026 1865 et
1038 1806 1103 1885 plus

109 1896 230 1968 propter
244 1886 426 1948 dulcedinem
440 1889 602 1963 assumitur,
619 1898 648 1948 et
665 1887 742 1964 quod
757 1886 842 1947 modo
859 1905 911 1967 par
927 1897 987 1964 est,
1009 1897 1103 1949 tamen

69 1972 225 2049 coaegrius
241 1971 441 2049 concoquitur.
483 1971 615 2032 Secunda
638 1988 737 2031 mensa
759 1969 837 2032 bono
864 1971 1012 2031 stomacho
1033 1970 1103 2031 nibil

108 2063 206 2132 nocet,
222 2056 249 2114 in
266 2054 412 2116 imbecillo
428 2057 583 2116 coacescit.
615 2056 645 2114 Si
660 2055 723 2134 quis
739 2056 835 2133 itaque
856 2055 913 2114 hoc
937 2072 1036 2132 parum
1054 2073 1102 2115 va-

108 2140 166 2215 let,
181 2138 335 2219 palmulas,
351 2157 510 2218 pomaque,
533 2149 561 2199 et
580 2140 681 2199 similia
696 2138 798 2198 melius
821 2141 912 2218 primo
937 2138 1002 2199 cibo
1023 2157 1102 2199 assu·

107 2226 166 2283 mit.
197 2222 266 2282 Post
278 2222 379 2283 multas
392 2226 537 2304 potiones,
549 2242 622 2303 quac
636 2224 809 2301 aliquantum
820 2224 894 2282 sitim
905 2230 1103 2298 excesserunt,

109 2306 177 2367 nibil
192 2306 332 2366 edendum
346 2316 402 2368 est:
422 2316 489 2386 post
504 2310 681 2384 satietatem,
703 2306 772 2365 nihil
789 2308 940 2385 agendum.
974 2306 1030 2368 Ubi
1052 2324 1103 2367 ax·

70 2390 204 2470 ncpletus
220 2399 265 2449 est
285 2389 402 2468 aliquis,
425 2391 538 2452 iacilius
561 2392 733 2470 concoquit,
756 2391 779 2449 si
803 2390 937 2470 quidquid
958 2391 1103 2465 assumsit,

110 2475 227 2552 potione
239 2491 331 2551 aquae
345 2474 468 2553 frigidae
478 2475 604 2552 includit,
616 2484 673 2535 tum
684 2473 833 2554 paulisper
844 2475 984 2553 invigilat,
1000 2473 1105 2536 deinde

108 2559 184 2617 bene
200 2557 310 2618 dormit.
341 2560 371 2618 Si
391 2561 454 2638 quis
471 2559 592 2618 interdiu
608 2577 640 2618 se
655 2558 800 2637 implevit,
821 2567 888 2638 post
901 2558 993 2618 cibum
1009 2574 1105 2637 neque

109 2642 221 2720 frigori,
239 2660 332 2720 neque
348 2644 450 2717 aestui,
466 2661 560 2720 neque
575 2642 668 2703 labori
683 2660 715 2703 se
730 2640 818 2702 debet
838 2645 1032 2704 committere:
1054 2659 1103 2701 ne-

110 2743 166 2803 que
183 2727 256 2784 enim
269 2734 326 2786 tarn
341 2726 428 2787 iacile
439 2726 513 2787 baec
525 2727 600 2786 inani
613 2744 750 2807 corpore,
766 2744 848 2806 quam
859 2726 973 2805 repleto
986 2732 1102 2786 nocent.

72 2809 140 2867 ³⁰Si
156 2808 258 2888 quibus
279 2809 315 2869 de
338 2812 432 2871 causis
450 2810 543 2872 lutura
564 2810 657 2872 inedia
678 2818 737 2886 est,
758 2809 842 2870 labor
859 2813 950 2871 omnis
973 2808 1105 2869 vitandus

110 2902 162 2951 est.
198 2893 299 2972 (Hipp.
312 2891 390 2972 Apo.
406 2893 441 2971 11,
458 2893 523 2971 16.)

410 3153 413 3158 ·
473 3128 655 3188 CAPUT
684 3128 757 3187 III.

153 3246 346 3298 Observationes
358 3248 423 3297 circa
437 3260 570 3313 corporum
582 3258 684 3310 genera,
697 3250 801 3303 aetates,
816 3251 840 3293 et
853 3249 967 3308 tempora
979 3242 1045 3290 anni.

170 3398 266 3478 Atque
285 3399 359 3459 baec
375 3398 489 3476 quidem
506 3415 599 3477 paene
614 3402 755 3481 perpetua
776 3401 849 3453 sunt.
890 3391 1033 3469 Quasdam
1055 3410 1104 3452 au·

73 3490 166 3542 utem
184 3481 405 3543 observationes
420 3481 584 3542 desiderant
600 3489 629 3540 et
644 3496 738 3539 novae
753 3495 818 3554 res,
836 3486 866 3538 et
882 3494 1037 3556 corporum
1052 3494 1104 3554 ge·
