2414 3924
161 213 223 274 212
449 225 482 271 s.
499 223 529 271 o.
545 223 853 272 cuns1unnro1uan

160 399 215 462 pus
231 388 378 440 movetur:
398 378 450 438 sed
467 397 530 438 cum
547 381 594 438 siti
607 378 766 457 vigiliaque
782 381 941 438 sentiuntur
952 381 1027 440 intus
1043 381 1160 461 aliquae

160 467 344 546 punctiones.
378 462 415 522 Et
438 463 514 541 quod
536 462 572 521 de
591 462 686 523 subito
711 462 808 522 durius
824 479 883 522 nou
899 472 960 540 est,
977 463 1082 525 melius
1098 475 1159 536 est;

160 559 190 609 et
205 549 334 625 quamvis
348 562 406 605 nou
421 546 521 624 rubet,
539 546 647 607 coloris
661 555 757 606 tamen
774 546 860 607 aliter
876 548 974 606 mutati
989 556 1043 607 est.
1075 549 1159 626 Quae

160 635 244 710 signa
254 632 316 705 jam
328 647 399 710 pure
413 631 525 690 oriente
539 639 709 690 nascuntur:
727 639 821 689 tumor
831 630 977 710 ruborque
989 633 1079 694 multo
1093 639 1174 694 ante'

160 717 308 794 incipiunt.
339 712 397 773 Sed
413 715 438 773 si
452 714 536 774 locus
552 714 649 775 mollis
666 723 727 790 est,
752 715 928 775 avertendus
944 716 1083 777 materiae
1101 718 1180 784 adi-n

160 811 206 861 tus
221 808 267 859 est
284 816 338 877 per
354 796 575 876 cataplasmata,
592 816 666 877 quae
683 798 766 858 simul
786 806 815 857 et
829 800 1004 878 reprimunt,
1029 809 1058 860 et
1074 801 1160 861 refri-

162 891 284 962 gerant:
304 881 398 960 qualia
411 889 440 940 et
452 881 522 941 alias
535 891 564 941 et
579 883 664 960 paulo
681 890 747 941 ante
764 883 793 941 iu
808 883 987 960 erysipelate
1005 887 1159 964 proposui.

161 969 192 1029 Si
209 968 270 1043 jam
291 965 389 1025 durior
413 972 474 1040 est,
497 964 532 1024 ad
556 983 591 1024 ea
612 966 784 1024 veniendum
800 975 863 1042 est,
888 984 962 1045 quae
980 965 1116 1043 digerant
1132 978 1161 1028 et

160 1051 326 1112 resolvant:
341 1047 434 1128 qualis
449 1058 495 1108 est
512 1049 584 1108 licus
599 1049 678 1109 arida
694 1058 830 1119 contusa;
844 1059 892 1110 aut
907 1051 975 1109 iaex
990 1053 1079 1111 mixta
1097 1070 1161 1112 cum

162 1143 279 1209 cerato,
298 1130 375 1213 quod
390 1150 426 1191 en
443 1132 528 1210 adipe
542 1133 626 1192 suilla
643 1141 774 1193 coactum
796 1136 848 1203 sit;
872 1143 919 1193 aut
935 1136 1099 1196 cucumeris
1114 1155 1158 1197 ra·
1171 1165 1195 1206 ω

163 1220 211 1280 dix
234 1218 289 1297 (ci.
315 1216 371 1293 18,
394 1219 458 1276 7et
476 1216 548 1296 13),
569 1218 614 1275 cui
638 1235 676 1275 ex
697 1217 789 1277 farina
812 1217 885 1277 duae
908 1227 1005 1296 partes
1023 1217 1160 1293 adjectae

163 1306 235 1377 sint,
250 1309 316 1361 ante
332 1319 369 1361 ex
381 1301 473 1360 mulso
482 1301 634 1362 decoctae.
656 1299 737 1360 Licet
749 1303 833 1361 etiam
845 1304 971 1361 miscere
978 1303 1080 1380 aequis
1090 1321 1160 1382 por·

163 1385 289 1446 tionibus
302 1386 519 1460 ammoniacum,
534 1384 699 1462 galbanum,
714 1385 870 1464 propolim,
883 1388 1009 1453 viscum;
1032 1387 1161 1466 pondus·

163 1488 219 1549 que
228 1469 497 1543 adjiceremyrrlrae
509 1468 624 1529 dimidio
637 1469 739 1546 miuus,
753 1487 837 1547 quam
849 1470 877 1528 in
886 1469 1162 1548 prioribussingulis

163 1554 226 1614 erit.
243 1553 338 1632 Atque
348 1551 504 1630 emplastra
512 1569 629 1630 quoque
637 1553 844 1629 etmalagmata
852 1553 927 1612 idem
935 1553 1075 1631 eiliciuut,
1086 1573 1161 1634 quae
1172 1581 1194 1622 rs

163 1655 250 1716 supra
266 1636 392 1714 explicui
405 1634 487 1714 (cap.
503 1634 540 1695 18
549 1644 578 1695 et
587 1636 651 1714 19).
678 1636 763 1711 Quod
776 1655 829 1716 per
841 1637 916 1697 baec
928 1636 1091 1698 discussum
1103 1657 1162 1700 nou

163 1732 208 1784 est
222 1739 346 1781 necesse
359 1728 404 1779 est
415 1727 597 1781 maturescat.
621 1718 712 1799 quue
725 1737 781 1798 quo
796 1721 921 1780 celerius
934 1722 992 1797 liat,
1009 1722 1162 1802 imponen-

162 1807 198 1868 da
217 1815 261 1865 est
276 1806 367 1865 farina
383 1803 549 1863 hordeacea
565 1822 602 1862 ex
617 1821 690 1884 aqua
706 1813 790 1864 cocta
806 1801 869 1844 ***
886 1813 968 1865 recte
978 1807 1118 1867 miscetur
1125 1805 1160 1886 ¹).

162 1890 272 1952 Eadem
285 1898 379 1948 autem
393 1887 467 1946 haec
479 1889 507 1946 in
519 1887 678 1948 minoribus
691 1905 808 1966 quoque
824 1888 1027 1965 abscessibus,
1041 1907 1163 1968 quorum

162 1977 276 2035 uomina
289 1973 543 2053 proprietatesque
556 1990 643 2049 supra
654 1971 781 2048 reddidi,
794 1981 875 2030 recte
889 1973 967 2032 liunt.
990 1972 1161 2053 Eademque
1171 1994 1194 2035 nu

163 2060 287 2120 omnium
306 2058 433 2117 curatio:
450 2065 556 2116 tantum
572 2056 658 2116 modo
675 2055 769 2115 distat.
804 2054 929 2116 Crudum
945 2065 1117 2135 celantem,
1134 2060 1162 2117 iu

165 2161 221 2222 quo
238 2142 332 2215 major
355 2141 437 2218 quasi
460 2157 597 2199 venarum
620 2149 713 2200 motus
729 2148 773 2198 est
794 2148 823 2199 et
839 2141 966 2216 gravitas
986 2150 1015 2200 et
1031 2141 1118 2202 ardor
1134 2151 1163 2201 et

163 2226 299 2287 distentio
317 2233 345 2284 et
360 2224 444 2286 dolor
458 2231 486 2280 et
497 2223 587 2283 rubor
599 2231 627 2281 et
640 2223 774 2292 durities;
793 2232 838 2300 et,
855 2226 878 2282 si
894 2225 989 2300 major
1004 2225 1162 2286 abscessus

165 2318 226 2383 est,
249 2307 369 2382 horror,
392 2315 439 2366 aut
459 2306 543 2364 etiam
561 2304 703 2365 febricula
720 2315 884 2386 permanet:
903 2309 1076 2386 penitusque
1094 2328 1161 2370 cou-

164 2391 221 2450 dita
240 2391 463 2468 suppuratione,
482 2390 506 2447 si
521 2406 576 2466 pro
593 2388 653 2464 bis,
673 2409 747 2469 quae
764 2391 831 2450 alibi
845 2393 918 2450 cutis
932 2393 1073 2469 ostendit,
1091 2411 1195 2472 pun-as

165 2476 276 2534 ctiones
292 2482 366 2531 suut.
395 2472 452 2532 Ubi
470 2472 523 2531 ista
541 2490 572 2530 se
590 2474 776 2550 remiserunt,
787 2476 907 2553 J‘amque
922 2476 948 2534 is
964 2475 1048 2536 locus
1060 2480 1162 2555 prurit,

165 2567 194 2616 et
211 2566 258 2615 aut
274 2555 450 2630 sublividus,
467 2564 515 2614 aut
530 2555 697 2615 subalbidus
714 2567 774 2634 est,
791 2566 899 2619 matura
915 2563 1084 2638 suppuratio
1103 2571 1161 2622 est:

166 2659 274 2719 eaque,
292 2638 340 2698 ubi
356 2640 404 2698 vel
421 2657 474 2718 per
489 2641 552 2718 ipsa
563 2639 789 2717 medicamenta,
801 2643 850 2702 vel
863 2643 946 2702 etiam
962 2643 1041 2705 ferro
1061 2655 1163 2723 aperta

166 2733 227 2799 est,
252 2742 306 2802 pus
329 2724 416 2783 debet
438 2725 525 2783 emitti
548 2721 603 2800 (cl.
625 2725 667 2801 ll,
691 2727 737 2803 7).
770 2725 840 2786 Tum
862 2727 886 2785 si
910 2728 1009 2805 quain
1025 2728 1096 2806 alis,
1114 2729 1163 2790 vel

164 2809 328 2885 inguinibus
350 2817 430 2884 sunt,
452 2810 513 2868 sine
534 2807 689 2869 linamento
712 2811 861 2871 nutrienda
884 2819 958 2870 sunt.
996 2809 1029 2872 ln
1056 2815 1197 2878 ceterisao

166 2911 281 2973 quoque
307 2892 450 2971 partibus,
476 2894 500 2951 si
523 2892 608 2970 plaga
632 2894 738 2970 exigua
753 2903 814 2969 est,
840 2896 865 2952 si
881 2893 1037 2955 mediocris
1056 2914 1163 2975 suppu-

164 2979 238 3037 ratio
255 2977 321 3053 luit,
347 2979 370 3036 si
386 2994 443 3037 non
459 2976 516 3036 alte
534 2979 713 3054 penetravit,
737 2979 760 3037 si
775 2977 867 3038 iebris
881 2995 940 3038 uon
957 2987 1019 3057 est,
1043 2981 1068 3040 si
1085 2981 1164 3040 valet

166 3079 293 3139 corpus,
311 3078 404 3139 aeque
425 3060 578 3120 linamenta
594 3078 775 3140 supervacua
790 3071 869 3122 sunt:
887 3063 915 3120 in
933 3062 1053 3141 reliquis
1073 3081 1164 3142 parce

235 3297 262 3363 l)
279 3300 375 3349 Desunt
393 3299 484 3363 aliqua·
519 3299 647 3348 Lacunam
665 3299 699 3347 ita
722 3313 754 3348 ex
771 3299 831 3350 Cod.
851 3300 917 3351 Med.
937 3301 958 3351 1.
981 3301 1089 3351 restituit
1107 3302 1165 3351 Mil·

165 3367 249 3433 ligan:
265 3369 414 3431 imponenda
427 3376 464 3418 est
476 3367 566 3430 forino
579 3368 735 3428 tordeaeea,
749 3385 814 3434 quae
827 3385 862 3420 ecc
874 3386 942 3436 aqua
955 3378 1027 3422 cocta
1040 3378 1110 3421 recte
1120 3373 1164 3420 mi·

164 3445 256 3515 coelur.
291 3436 397 3552 blipcere
416 3437 482 3486 enim
500 3451 547 3501 pro
566 3450 596 3486 eo
617 3435 685 3498 quod
703 3451 855 3502 praeparare
875 3447 926 3504 est,
950 3445 1048 3489 veteres
1067 3438 1164 3488 dixisse

167 3518 222 3566 quts
240 3511 319 3555 nescu
