2414 3924
463 196 532 243 urs.
550 195 587 243 11.
603 194 678 244 one.
693 196 717 242 1.
957 177 979 207 ’·
1054 182 1094 246 29

93 353 137 412 vit
158 349 254 429 (Aple.
270 348 326 424 lll,
347 350 414 428 21).
450 348 507 408 Vir
529 350 682 429 quidquam
704 369 741 410 ex
757 349 802 410 bis
819 351 847 409 in
862 358 1022 409 autumnum
1038 369 1094 410 non

94 435 209 503 incidit:
233 433 286 493 sed
311 434 438 492 oriuntur
462 451 579 512 quoque
602 452 638 494 co
667 443 799 512 tempore
824 433 924 493 febres
952 435 1092 509 incertae,

94 519 180 579 lienis
196 517 299 592 dolor,
315 534 389 593 aqua
405 517 479 575 inter
495 526 605 593 cutem,
628 518 729 589 tabes,
753 535 836 596 quam
853 515 956 577 Graeci
972 517 1094 596 φθίσιν

94 602 263 671 nominanti
272 601 370 658 urinae
384 599 555 676 difficultas,
575 619 658 679 quam
669 601 917 680 στραγγουρίαν
929 601 1092 681 appellant;

72 686 238 746 stenuioris
260 684 386 743 intestini
404 684 536 762 morbus,
552 703 638 765 quem
653 677 761 746 είλεόν
776 687 933 754 nominant;
950 686 1018 745 item
1034 685 1093 745 lae·

96 772 169 829 ritas
181 769 395 840 intestinorum,
412 785 485 845 quae
497 767 679 845 λείεντερία
694 777 831 838 vocatum
848 785 941 828 coxae
957 769 1092 836 dolores:

94 853 188 914 morbi
205 851 367 912 comitiales
384 849 479 929 (Aplt.
495 850 550 927 lll,
567 852 634 932 22).
669 851 807 930 ldemque
825 862 937 931 tempus
960 862 989 912 et
1011 853 1093 913 diuti-

94 939 138 997 nis
154 936 236 996 malis
252 935 406 1011 fatigatos,
424 944 453 994 et
468 936 503 995 ab
519 946 631 995 aestate
647 938 733 996 etiem
751 937 882 1015 proxima
899 954 1036 1014 pressos,
1052 939 1092 996 in·

94 1022 215 1089 terimit3
241 1028 270 1078 ct
285 1019 358 1078 alios
381 1020 463 1076 novis
478 1018 586 1078 morbis
601 1020 732 1088 confiuit:
755 1028 784 1079 et
799 1020 938 1099 quosdam
959 1019 1092 1097 longissi-

59 1107 148 1165 romis
162 1103 306 1182 implicat,
329 1104 510 1180 maximeque
531 1105 692 1181 quartanis,
717 1122 792 1183 quae
814 1121 867 1182 per
882 1105 1005 1164 hiemem
1021 1121 1092 1183 quo-

94 1206 152 1269 que
168 1196 318 1247 exercent.
368 1184 471 1264 Neque
486 1187 563 1246 aliud
577 1189 668 1266 magis
680 1197 793 1266 tempus
803 1187 988 1267 pestilentiae
1003 1198 1092 1266 patet,

94 1275 301 1349 cujuscumque
318 1272 482 1346 eugenetis
497 1280 552 1348 est,
573 1273 702 1350 quamvis
718 1273 804 1331 variis
819 1272 978 1331 rationibus
995 1280 1091 1331 nocet.

93 1354 191 1415 Hiems
209 1365 303 1414 autem
319 1355 420 1432 capitis
433 1354 568 1432 dolores,
584 1358 701 1431 tussim,
718 1365 747 1416 et
759 1355 896 1434 quidquid
907 1357 935 1414 in
950 1353 1093 1430 faucibus,

94 1441 122 1498 in
148 1438 303 1514 lateribus,
329 1439 358 1496 in
383 1439 547 1498 visceribus
569 1440 635 1499 mali
657 1440 850 1516 contrabitur,
882 1441 973 1498 irritat
996 1434 1091 1516 (Aplt.

57 1538 84 1582 rs
96 1521 152 1598 111,
168 1522 234 1603 23).

157 1604 196 1665 At
218 1624 255 1664 ex
277 1606 513 1684 tempestatibus,
536 1606 633 1686 aquilo
655 1608 755 1665 tussim
777 1616 891 1682 movet,
919 1605 1019 1666 fauces
1041 1625 1092 1666 ex·

94 1698 228 1768 asperat,
243 1698 375 1749 ventrem
388 1690 556 1767 adstringit,
574 1691 682 1750 urinam
700 1691 867 1769 supprimit,
883 1689 1023 1750 horrores
1041 1708 1092 1749 ex·

95 1776 179 1848 citat,
203 1775 270 1832 item
287 1773 405 1833 dolores
421 1774 520 1833 lateris
536 1783 565 1834 et
580 1776 725 1853 pectoris:
748 1791 847 1832 sanum
870 1783 965 1832 tamen
985 1792 1091 1851 corpus

94 1859 217 1936 spissat,
242 1865 272 1916 et
295 1857 429 1917 mobilius
454 1867 540 1936 atque
559 1858 724 1935 expeditius
741 1857 844 1917 reddit.
880 1856 988 1915 Auster
1006 1875 1092 1915 aures

57 1959 83 1999 ro
93 1941 228 2014 hebetat,
249 1959 353 2000 sensus
374 1942 483 2015 tardat,
508 1943 611 2020 eapitis
633 1941 766 2002 dolorem
783 1949 899 2014 movet,
924 1939 1017 1999 alvum
1032 1941 1090 1999 sol·

93 2027 149 2100 vit,
166 2034 254 2084 totum
270 2041 377 2103 corpus
396 2025 485 2084 eflicit
499 2025 608 2099 hebes,
631 2025 790 2102 humidum,
812 2023 976 2101 languidum
994 2022 1089 2102 (Aplt¹

93 2108 258 2187 111,5,1t).
292 2106 392 2168 Ceteri
407 2110 486 2168 venti
503 2127 559 2187 quo
578 2109 625 2169 vel
641 2110 708 2169 huic
722 2108 770 2168 vel
786 2108 829 2169 illi
844 2110 1000 2188 propiores
1016 2116 1090 2182 sunt,

94 2209 130 2252 eo
147 2193 239 2268 magis
256 2192 365 2251 ricinos
387 2191 431 2252 bis
448 2193 545 2252 illisve
563 2194 684 2252 allectus
701 2192 818 2252 faciunt.
851 2192 984 2270 Denique
1000 2191 1092 2251 omnis

94 2276 175 2336 calor
191 2285 219 2335 et
229 2278 316 2351 jecur
329 2286 358 2335 et
373 2277 478 2336 lienem
492 2277 655 2353 inflammat,
672 2287 795 2336 mentem
810 2276 939 2350 hebetat,
955 2284 985 2334 ut
1000 2277 1091 2335 anima

56 2383 82 2421 25
94 2360 225 2435 deficiat,
247 2369 278 2418 ut
293 2361 412 2436 sanguis
427 2370 611 2440 prorumpat,
635 2360 735 2420 eflicit.
766 2359 870 2437 Frigus
884 2359 970 2419 modo
986 2376 1090 2418 nervo·

92 2463 154 2503 rum
169 2443 390 2517 distentionem,
406 2444 492 2504 modo
509 2448 635 2523 rigorem
651 2444 753 2512 infert;
770 2444 840 2504 illud
854 2436 1019 2523 σπασμός,
1035 2444 1092 2502 hoc

92 2522 227 2599 τέτανος
244 2527 357 2588 Graece
375 2530 550 2588 nominatur:
567 2529 710 2607 nigritiem
726 2530 754 2586 in
768 2528 933 2602 ulceribus,
952 2527 1091 2588 horrores

92 2613 120 2669 in
138 2610 269 2671 febribus
291 2613 398 2671 excitat
422 2609 517 2691 (Apb.
540 2613 583 2686 V,
610 2612 676 2690 17).
720 2610 751 2671 ln
770 2610 965 2691 siccitatibus,
989 2620 1112 2672 acutae·

91 2695 191 2755 febres
209 2692 304 2773 (Apo.
320 2693 377 2769 111,
395 2697 447 2775 7),
471 2696 674 2774 lippitudines,
695 2697 834 2771 tormina,
855 2697 953 2755 urinae
969 2695 1091 2756 difficul-

57 2795 82 2834 ao
92 2788 147 2853 tas,
163 2779 347 2838 articulorum
360 2777 479 2839 dolores
494 2782 632 2839 oriuntur.
659 2780 716 2840 Per
727 2780 845 2854 imbres,
861 2780 968 2856 longae
979 2778 1090 2853 febres,

92 2863 148 2921 alvi
165 2862 364 2938 dejectiones,
379 2865 498 2941 angina,
517 2865 628 2938 cancri,
647 2864 739 2922 morbi
757 2864 933 2937 comitiales,
949 2863 1091 2923 resolutio

92 2964 262 3014 nervorum;
279 2941 469 3022 παράλυσιν
484 2947 588 3007 Graeci
602 2949 746 3006 nominant
762 2945 856 3024 (Aplt.
869 2945 920 3022 lll,
938 2947 1002 3025 16).
1032 2945 1090 3004 Ne-

10 3034 16 3048 '
92 3047 148 3107 que
165 3029 257 3089 solum
274 3031 412 3104 interest,
434 3032 534 3109 quales
559 3030 620 3090 dies
637 3032 708 3105 sint,
731 3031 783 3090 sed
807 3031 890 3089 etiam
907 3030 1009 3107 quales
1025 3037 1090 3087 ante

91 3115 317 3190 praecesserint.
346 3114 377 3173 Si
392 3114 482 3175 biems
501 3117 579 3174 sicca
592 3113 844 3191 septemtrionales
860 3120 964 3170 ventos
980 3111 1090 3185 babuit,

57 3216 144 3259 naver
160 3207 254 3257 autem
270 3206 384 3257 austros
402 3207 431 3257 et
448 3199 560 3275 pluvias
577 3197 710 3271 exbibet,
726 3198 790 3255 iere
806 3195 931 3254 subeunt
946 3192 1090 3272 lippitudi-

89 3299 160 3358 nes,
176 3282 314 3356 tormina,
331 3281 448 3356 febres,
468 3284 648 3357 maximeque
664 3282 691 3338 in
707 3279 888 3339 mollioribus
905 3277 1089 3356 corporibus,

90 3364 217 3444 ideoque
240 3366 399 3443 praecipue
419 3367 448 3424 in
469 3364 656 3424 muliebribus
679 3360 775 3442 (Aple.
794 3361 850 3437 lll,
870 3363 935 3443 11),
972 3364 1090 3421 sivero

90 3451 179 3507 austri
196 3449 370 3527 pluviaeque
382 3448 506 3508 hiemem
522 3458 716 3527 occuparunt,
733 3466 786 3507 ver
802 3457 894 3506 autem
910 3448 1044 3524 frigidum
1062 3455 1091 3506 et
