2414 3924
434 211 640 261 mmmmm
663 210 739 259 clv.
756 211 813 258 XV.

382 472 431 520 DE
450 468 613 520 NUMERIS
633 466 877 520 SIMPLICIBL'S.

206 607 379 686 Pyrrichius

362 690 483 768 Rapite,
501 690 593 766 agito,
611 689 688 748 ruite
704 687 896 766 celeripedes,

143 776 315 838 contrarius
332 781 376 835 esl
392 775 460 834 liuio
477 782 506 834 et
523 770 785 851 duodecosyllalius
800 773 999 852 spondiazon,

347 857 404 918 Olli
420 859 544 918 crateris
561 876 596 918 ex
614 858 724 918 aurulis
738 857 910 919 hauserunt.
1135 872 1148 921 5

142 943 281 1024 Dactylos

202 1026 408 1090 Pulveruleola
425 1033 543 1105 putrem
558 1026 659 1086 sonito
671 1027 763 1105 qualit
778 1025 888 1104 ungula
903 1045 1056 1106 campum.

144 1111 382 1192 Amphibmchys
398 1128 459 1170 non
474 1111 542 1171 lacil
559 1128 726 1171 mimorum.

208 1198 391 1272 Anapoeslus

252 1279 477 1359 Agills'sonipes
493 1281 607 1357 rapitur
624 1278 712 1341 celeri
728 1281 825 1340 sonitu
843 1281 1005 1359 {repidons
1139 1299 1164 1346 10

146 1363 280 1425 Creticus

299 1447 419 1508 Horridi
437 1454 593 1508 transeunt
609 1449 643 1508 ml
660 1448 752 1526 pedes
768 1467 803 1509 ex
820 1450 912 1528 equis.

146 1531 372 1594 Palinbacchius

299 1619 415 1676 Amicos
431 1617 466 1677 ad
484 1617 561 1677 hano
576 1634 655 1688 rem,
672 1619 696 1676 si
713 1617 805 1688 mles,
822 1618 940 1678 advoca.

145 1701 291 1763 Bacchius
307 1718 366 1761 non
381 1701 450 1762 lacit
465 1719 632 1763 numerum.
1137 1725 1164 1774 15

146 1785 292 1847 Molossus
307 1785 385 1846 idem
402 1787 512 1864 estqui
528 1786 717 1864 spondiazon.

211 1869 296 1931 Nunc
318 1870 567 1948 quemadmodum
589 1870 777 1949 aprinoipall
798 1871 919 1932 heroico
941 1870 1045 1949 plures
1067 1892 1120 1935 nu·

146 1955 223 2015 meri
244 1955 490 2032 transfigurantur
512 1956 674 2016 osloodam.
718 1973 751 2016 oc
774 1958 887 2033 primus
908 1958 1062 2018 trimetros
1084 1961 1120 2018 sit

146 2038 285 2100 heroicus
300 2039 492 2116 spondiazon.
612 2105 615 2114 ,

300 2122 382 2183 Cives
398 2123 524 2184 Romani
539 2131 610 2184 luno
626 2125 694 2184 laeli
710 2132 778 2184 siml
794 2124 947 2201 Campani:
1136 2147 1163 2194 -20

149 2206 291 2287 syllabam
314 2226 418 2277 unam,
441 2227 516 2288 quas
538 2217 582 2268 est
602 2217 670 2268 ame
691 2216 870 2277 extremam,
892 2208 1032 2288 exlongo
1049 2229 1120 2271 con·

148 2292 250 2360 lmho,
268 2294 353 2352 utsii

302 2377 385 2437 Cives
400 2376 526 2436 Romani
542 2384 612 2437 luno
627 2377 696 2438 lacti
711 2384 780 2437 sunt
795 2377 895 2456 Apuli,

149 2466 178 2519 et
194 2477 259 2519 esse
276 2463 373 2537 coepit
388 2463 549 2521 trimetros.
581 2483 619 2520 n
636 2461 796 2539 elegiacum
814 2461 964 2534 mensibu,

469 2543 548 2605 Bello
565 2564 619 2624 per
633 2545 793 2606 Emathios.

148 2668 350 2678 ——-—

215 2815 239 2862 2.
260 2813 414 2878 pmmchtus
434 2815 458 2862 I)
528 2817 552 2865 3.
572 2814 639 2877 conf.
657 2814 778 2868 Ribbeck.
799 2823 864 2880 trogi.
883 2819 930 2871 rel,
952 2832 979 2880 p.
999 2819 1053 2866 228

146 2885 173 2932 4.
198 2881 346 2947 poootayon
372 2881 460 2947 (agon
482 2884 508 2931 in
526 2880 596 2948 rao.)
619 2881 656 2943 D,
680 2883 852 2947 spondiaoon
878 2883 906 2932 V
972 2885 995 2933 5.
1021 2883 1120 2933 Ennius

147 2952 232 2999 annal.
249 2952 300 2998 604
369 2950 495 3010 coateri&
517 2948 803 3016 (aterib3lnras.)1)‚
824 2952 954 3013 craterib3
978 2952 1004 3000 V
1073 2966 1118 3000 an·

147 3020 244 3067 serunt
266 3018 291 3067 V
358 3020 383 3067 6.
403 3016 522 3067 dactilus
545 3019 571 3067 V
638 3018 663 3069 7.
680 3018 748 3081 conf.
773 3020 851 3083 Vero.
871 3020 937 3070 Aen.
960 3017 1051 3078 VIII,
1071 3021 1120 3069 596

147 3087 172 3134 8.
197 3084 423 3149 amphibrachius
451 3087 474 3135 V
544 3087 569 3136 9.
589 3090 742 3149 anapestus
764 3086 788 3134 V
859 3089 899 3138 10.
924 3088 1025 3136 1214.
1049 3086 1118 3149 conf.

146 3151 267 3202 Ribbeck.
287 3159 353 3218 troo.
372 3156 418 3204 rel.
441 3170 467 3216 p.
488 3155 541 3203 231
612 3155 652 3203 12.
677 3168 709 3203 eo
735 3167 813 3218 equis
838 3155 895 3203 DV
960 3156 999 3203 13.
1024 3168 1119 3219 panm-

147 3219 262 3269 oochms
286 3221 324 3277 J),
349 3219 553 3285 palimbachius
581 3221 609 3269 V
674 3222 716 3274 14.
740 3227 771 3270 ut
794 3220 867 3272 soles
891 3221 1029 3271 advocato
1053 3223 1119 3273 oom'.

146 3287 244 3336 Ialnus
314 3290 353 3339 15.
373 3288 491 3338 bachius
508 3288 533 3337 V
602 3291 641 3339 16.
659 3288 779 3339 molosus
797 3291 822 3338 V
889 3291 929 3341 18.
951 3302 1120 3354 snaosmqu·
1189 3296 1192 3302 '

147 3368 221 3404 naor
240 3356 263 3403 D
334 3354 363 3403 fit
385 3355 410 3403 V
429 3355 474 3418 (em
491 3355 545 3416 sil.)
564 3359 636 3422 oolqo
706 3359 746 3407 20.
767 3359 823 3406 vide
840 3372 921 3421 sopra
937 3373 965 3420 p.
984 3358 1029 3420 08,
1050 3358 1082 3405 10

147 3422 189 3468 21.
214 3426 311 3472 contra
329 3422 440 3472 hoout
462 3424 499 3472 sit
521 3425 545 3472 V
613 3426 653 3474 23.
680 3438 771 3489 aputu
796 3426 819 3473 D
888 3425 929 3476 24.
956 3435 1120 3474 ommesooo

146 3487 206 3534 DV
270 3491 311 3540 25.
332 3491 428 3541 Lucan.
447 3490 507 3553 1,1
