2414 3924
122 185 167 249 64
398 194 604 243 rmonnsrr
626 193 703 242 cnr.
720 196 753 242 x.
770 195 818 244 x1.

125 343 251 417 postque
275 336 330 398 hos
352 335 467 414 poetica
489 334 580 394 valuit
600 332 691 394 veluti
709 333 839 412 legitima
860 333 991 414 [musica
1007 333 1099 397 licen-

125 421 198 502 tior]
216 421 369 500 magisque
384 418 541 480 modulata.

75 622 114 682 10
407 621 457 671 DE
476 619 620 671 NOMINE
638 619 817 671 RHYTHMI.

192 756 359 836 Rhythmus
383 756 514 820 creditur
541 755 637 816 dietus
662 755 878 834 allythmonio
899 756 1015 835 Orphei
1041 758 1101 818 tilio

129 849 159 903 et
183 841 342 902 ldomenae
369 839 517 919 nymphae
543 840 716 907 Ismaricae,
753 848 786 900 ut
812 840 903 900 tradit
928 841 1130 904 Nicocratest

129 924 205 986 libro
222 943 311 1002 quem
327 926 484 1002 conposuit
499 924 536 984 de
551 922 678 985 †llusio.
710 922 825 985 †lratre
836 923 999 1003 Rythmoni
1014 928 1102 988 tradit

129 1008 272 1089 Hymene,
290 1009 451 1069 Varritonis
466 1014 563 1069 autern
580 1015 609 1069 et
624 1007 769 1070 Coloridis
784 1009 908 1070 Tirisiae
922 1009 1004 1071 filiae
1018 1010 1102 1072 Peri-

130 1093 296 1155 clemenum
310 1099 339 1153 et
349 1091 569 1172 Peridemem†‚
585 1093 637 1172 qni
651 1093 765 1173 primus
779 1095 923 1154 cecinerit
937 1112 987 1155 res
1002 1104 1101 1174 gestas

130 1178 256 1239 heroum
271 1178 391 1238 musicis
406 1176 549 1239 cantibus.

79 1377 111 1436 ll
506 1379 556 1430 DE
574 1377 721 1431 muslcd.
1119 1385 1144 1433 10

194 1513 306 1576 Musica
333 1520 378 1576 est
402 1516 506 1593 peritia
531 1514 737 1576 faciendorum
758 1521 788 1576 et
808 1514 1013 1577 canendorum
1038 1535 1102 1578 mo·

131 1598 248 1659 dorum.
294 1599 358 1659 eius
387 1606 487 1677 partes
516 1600 704 1669 harmonica,
735 1602 888 1679 organica,
925 1599 1101 1680 rhythmica,

131 1684 317 1744 crusmatica.
354 1692 503 1746 crusmata
518 1683 620 1762 pulsus
635 1684 737 1745 decori
758 1686 822 1746 sine
843 1685 975 1746 carmine
995 1703 1103 1748 vocan-

131 1775 194 1837 tur3
222 1767 377 1830 harmonia
404 1776 450 1831 est
475 1770 682 1838 consonantia;
715 1771 855 1848 organica
878 1791 927 1831 *s
947 1769 1103 1851 rhythmos

97 1866 114 1914 2
132 1853 264 1924 Graece,
285 1854 390 1915 modus
405 1854 515 1914 dicitur
529 1854 631 1916 Latine
646 1876 662 1916 s
678 1875 694 1914 s
710 1855 878 1915 nominatos
893 1872 998 1916 versus
1013 1855 1051 1918 ab
1068 1875 1101 1917 eo
1119 1864 1144 1914 15

132 1938 211 2016 quod
232 1937 305 1999 fluat
329 1955 420 2016 seque
440 1940 504 2018 ipse
525 1936 698 1999 circumeat.
745 1937 851 2000 modus
870 1946 969 2007 antem
990 1948 1036 2000 est
1056 1939 1103 2003 lex

132 2023 277 2100 quaedam
304 2031 334 2083 et
360 2021 435 2083 ordo
455 2021 600 2084 vocalium
625 2021 850 2084 intervallorum
878 2032 907 2084 et
927 2023 1102 2095 differentia,

132 2104 192 2176 vel,
209 2115 242 2166 ut
256 2107 447 2168 Aristoxenus
463 2108 540 2176 finit,
561 2125 622 2168 non
636 2115 797 2186 utcumque
813 2110 1000 2186 conpositum
1016 2127 1103 2170 roca·

97 2205 114 2252 3
131 2189 204 2251 lium
225 2200 393 2271 temporum
415 2191 611 2253 intervallum.
646 2209 767 2253 carmen
789 2200 834 2253 est
853 2193 959 2254 modus
979 2194 1103 2256 vocibus

131 2277 263 2347 iunctus,
281 2279 363 2338 cuius
379 2277 547 2337 discrimina
565 2284 681 2348 cantus,
698 2277 819 2347 modus,
835 2285 942 2339 motus.
979 2288 1102 2340 satem·
1118 2289 1144 2338 20

131 2378 188 2439 pus
216 2370 260 2421 est
285 2359 413 2440 syllabae
432 2361 573 2438 spatium,
604 2361 692 2423 huius
718 2361 897 2423 elementum
925 2360 1024 2424 brevis
1045 2363 1103 2444 syl·

202 2531 225 2581 l.
252 2544 348 2593 posrq.
372 2529 411 2591 D,
438 2534 585 2595 postquam
611 2530 638 2579 V
703 2533 729 2582 3.
752 2530 862 2580 arrhmr
884 2530 921 2591 D,
951 2533 1027 2581 ritmi
1053 2532 1080 2581 V
1084 2531 1102 2594 ¹,

131 2595 224 2645 rithmi
251 2597 328 2646 Vm.
351 2611 405 2646 rec.
474 2599 500 2648 4.
524 2597 658 2649 ennomus
680 2597 736 2647 DV
803 2599 956 2649 arrhmoaro
980 2600 1037 2649 DV

131 2665 156 2714 5.
175 2661 368 2725 nonomenslae
382 2676 500 2716 nrmrae
514 2666 664 2724 monloel),
683 2664 828 2717 idnomeae
839 2667 933 2732 nymfe
949 2668 1037 2717 marie
1071 2667 1102 2724 V,

131 2747 202 2784 corr.
220 2731 376 2792 Lodeclsius,
398 2732 542 2784 Idmoniae
563 2735 629 2784 coni.
652 2733 794 2784 Urlichsr'ne
861 2748 1022 2786 rrrcocnerts
1039 2684 1102 2795 lW,

130 2799 307 2850 Nicostratus
320 2800 415 2850 Stiellte
426 2802 520 2852 Philet.
533 2800 560 2849 X
569 2816 598 2865 p.
611 2802 661 2849 170
729 2802 814 2853 6-8.
834 2802 988 2868 composuit
999 2802 1033 2853 de
1045 2818 1102 2852 mu·

131 2867 201 2918 sice.
225 2869 339 2918 fratrem
351 2867 531 2932 Rhythmonii
542 2867 629 2918 tradit
640 2869 844 2932 Hymenaeum,
862 2869 1043 2934 Rhythmonii
1055 2885 1101 2920 su·

132 2938 188 2985 tem
202 2940 230 2984 et
242 2935 390 2997 Chloridis,
408 2936 536 2986 Tiresiae
549 2934 634 2999 filiae,
653 2936 875 2999 Periclymenum
889 2943 917 2988 et
928 2938 1101 2990 Perimedem

122 3003 230 3052 fraenos
298 3004 324 3053 6.
351 3003 455 3052 musico
481 3003 510 3053 V
574 3004 704 3054 rithmoni
730 3005 756 3053 V
823 3007 848 3055 7.
877 3005 988 3055 himene
1011 3007 1099 3056 unrri·

131 3069 218 3120 Tonis
241 3072 269 3120 V
333 3070 420 3136 tirisie
442 3072 470 3122 V
534 3073 559 3122 8.
578 3085 801 3122 coornemrrnes
820 3074 845 3122 D
915 3075 956 3124 lo.
974 3075 1048 3124 Irrue
1067 3088 1099 3123 nr

131 3151 233 3187 rrvsrcs
256 3138 283 3188 V
349 3139 389 3187 12.
408 3139 552 3190 armonica
573 3138 602 3188 V
666 3139 811 3190 nrrhmrca
830 3141 868 3204 Il,
887 3141 1020 3193 rithmica
1041 3142 1065 3190 V

133 3206 174 3258 13.
193 3203 297 3256 decons
315 3206 347 3266 D,
366 3208 467 3256 eornd
536 3207 578 3256 14.
597 3218 741 3258 armonica
758 3208 814 3257 DV
880 3222 981 3275 oscam
999 3224 1101 3260 cessr-

131 3283 190 3322 rnos
209 3273 246 3334 D,
271 3274 369 3337 organi
387 3274 518 3325 csritmos
540 3274 567 3323 V
570 3273 589 3339 ¹,
608 3276 742 3340 organica
761 3275 875 3326 rithmos
890 3277 917 3324 V
931 3293 963 3332 m.
980 3294 1035 3331 rec.

133 3342 173 3390 15.
197 3347 287 3391 motus
304 3340 406 3391 dicitur
422 3342 539 3402 Latine,
569 3344 727 3394 nominatur
743 3359 809 3394 vero
828 3343 863 3394 ab
883 3359 916 3394 eo
938 3352 986 3395 cet.
1006 3346 1103 3396 ludam

130 3410 226 3468 partim
243 3410 377 3459 seeundum
393 3409 581 3460 Lachmannum
649 3426 766 3461 nemaeo
784 3413 810 3460 D
878 3413 920 3461 21.
935 3419 999 3477 post
1017 3417 1060 3464 est
1077 3416 1103 3463 in

136 3472 164 3518 V
177 3482 328 3540 repetantur
346 3492 381 3527 erc
398 3492 435 3530 os.
448 3479 480 3527 19
491 3493 526 3527 er.
545 3477 640 3529 modus
657 3479 773 3530 vocibus
786 3505 818 3516 —
831 3482 940 3544 tempus
959 3484 1003 3532 est
