2414 3924
108 276 116 306 f

136 210 195 271 144
432 220 463 267 u.
479 217 509 267 c.
525 217 623 267 onnsr
639 217 834 266 nunrornnn

132 396 189 438 uon
210 381 309 435 mirum
331 384 390 449 est,
419 376 444 434 si
462 374 558 434 subito
582 375 645 454 quis
667 376 794 434 moritur.
832 373 935 453 Neque
959 383 1054 434 tanuen
1078 375 1131 436 ulli

132 461 235 523 morbo
250 460 352 520 minori
367 468 510 518 momento
526 459 711 519 succurritur.
746 459 878 518 Protinus
894 476 984 537 ergo,
1010 459 1057 518 ubi
1074 461 1131 520 ista

133 553 311 624 coeperunt,
343 561 435 622 aquae
455 544 572 621 tepidae
595 561 679 621 quam
700 543 851 621 plurimum
871 542 973 603 bibere
998 553 1129 621 oportet,

133 641 162 691 et
185 647 313 689 vomere.
358 627 414 686 Vix
440 645 572 706 umquam
597 628 726 695 sicuon
749 628 873 686 vomitus
899 629 1042 705 aequitum
1075 627 1132 688 sed

133 713 327 776 etiamsinon
343 712 456 788 incidit,
478 713 630 770 miscuisse
651 721 745 772 tamen
769 728 874 770 novam
898 713 1046 771 materiam
1064 729 1154 781 cor-5

132 808 235 878 ruptae
257 796 394 875 prodest;
422 813 548 873 parsque
572 797 701 855 sanitatis
723 805 786 872 est,
809 797 946 854 vomitum
968 815 1036 855 esse
1062 815 1130 875 sup-

133 899 274 964 pressum.
295 882 326 940 Si
342 881 369 940 id
384 881 497 956 incidit,
514 881 643 958 protinus
658 880 694 939 ab
708 882 783 940 omni
796 882 916 958 potione
929 880 1130 941 abstinendum

133 977 187 1028 est.
211 967 242 1026 Si
254 982 325 1025 vero
338 965 456 1025 tormina
470 974 550 1040 sunt,
566 973 683 1042 oportet
694 965 806 1041 frigidis
819 973 848 1024 et
859 964 979 1024 humidis
994 966 1132 1025 fomentls

134 1050 310 1112 stomachum
331 1049 447 1118 fovere;
472 1049 518 1108 vel
542 1050 566 1107 si
584 1058 685 1108 venter
702 1049 797 1125 dolet,
818 1049 919 1108 iisdem
935 1049 1059 1127 egelidis
1075 1051 1130 1126 sic,

133 1145 163 1196 ut
177 1144 279 1194 venter
295 1135 358 1211 ipse
372 1133 558 1192 mediocriter
573 1133 733 1192 calentibus
743 1136 871 1210 Juvetur.
900 1132 984 1206 Quod
1000 1135 1024 1192 si
1041 1134 1130 1194 vehe-
1141 1158 1168 1199 ro

135 1228 247 1279 menter
269 1226 298 1276 et
319 1220 458 1294 vomitus,
481 1226 510 1276 et
530 1216 673 1293 dejectio,
703 1227 731 1276 et
753 1219 815 1276 sitis
834 1227 956 1294 vexant,
987 1227 1015 1278 et
1037 1218 1132 1278 adhuc

134 1301 277 1364 subcruda
293 1310 358 1360 sum
375 1319 449 1379 quae
466 1311 632 1378 vomuntur,
649 1301 773 1361 noudum
788 1304 855 1361 vino
868 1312 1005 1362 maturum
1016 1312 1132 1381 tempos

136 1396 195 1448 est:
218 1403 304 1463 aqua,
326 1404 420 1464 neque
443 1404 477 1444 ea
496 1386 560 1464 ipsa
581 1386 701 1463 frigida,
726 1387 778 1446 sed
795 1388 891 1465 potius
908 1387 1022 1464 egelida
1038 1387 1132 1448 danda

136 1480 196 1532 est:
226 1470 490 1548 admovendumque
515 1469 630 1529 naribus
657 1479 702 1529 est
721 1470 869 1549 pulegium
890 1489 928 1530 ex
949 1481 1051 1539 aceto;
1081 1472 1130 1530 vel

135 1556 252 1635 polenta
267 1557 334 1613 vino
350 1554 507 1632 adspersa,
524 1555 572 1613 vel
588 1563 682 1614 menta
698 1555 855 1615 secuudum
870 1565 998 1615 naturam
1015 1564 1067 1614 est.
1093 1555 1132 1614 At
1143 1577 1167 1618 rs

136 1659 221 1722 quum
243 1640 374 1699 discussa
397 1639 522 1698 cruditas
545 1648 606 1715 est,
635 1649 692 1698 tum
712 1641 804 1717 magis
825 1640 981 1699 verendum
1005 1648 1065 1716 est,
1095 1658 1131 1699 ue

135 1725 227 1785 anima
250 1724 375 1784 deficiat.
414 1722 492 1800 Ergo
516 1732 572 1782 tum
593 1723 814 1800 confugiendum
837 1725 936 1784 estad
958 1725 1062 1783 viuum.
1099 1724 1132 1784 ld

136 1828 203 1870 esse
229 1818 346 1887 oportet
367 1817 469 1884 tenue,
500 1809 668 1885 odoratum,
695 1827 757 1868 cum
777 1826 852 1887 aqua
873 1808 977 1886 frigida
1000 1811 1131 1877 mixtum;

136 1895 184 1954 vel
199 1893 318 1972 polenta
336 1891 464 1969 adjecta,
486 1892 536 1952 vel
552 1893 675 1952 infracto
691 1910 782 1970 pane,
806 1911 890 1971 quem
907 1895 1000 1971 ipsum
1015 1910 1132 1971 quoque

136 1996 284 2040 assumere
307 1975 441 2054 expedit;
473 1979 646 2056 quotiesque
668 1977 775 2055 aliquid
800 1986 847 2036 aut
869 1978 1050 2052 stomachus,
1083 1987 1168 2045 ant20

135 2073 237 2123 venter
253 2061 371 2136 effudit,
388 2063 475 2120 toties
491 2079 545 2139 per
559 2062 632 2121 haec
648 2063 726 2120 vires
744 2062 906 2120 restituere.
937 2061 1133 2121 Erasistratus

136 2148 227 2226 primo
249 2146 339 2206 tribus
362 2146 418 2203 viui
440 2146 542 2222 guttis,
570 2155 616 2205 aut
638 2146 730 2224 quiuis
751 2146 963 2223 aspergendam
984 2147 1132 2224 potionem

137 2250 203 2291 esse
226 2231 310 2299 dixit;
343 2229 446 2288 deiude
468 2229 602 2307 paulatim
629 2248 737 2289 merum
760 2229 951 2307 adjiciendum
975 2231 1029 2306 (cf.
1050 2228 1132 2290 Cael.

135 2315 206 2374 Aur.
224 2311 312 2373 Aoot.
329 2312 383 2388 lll,
404 2313 470 2391 21).
508 2312 552 2389 ls,
570 2316 593 2372 si
609 2323 638 2373 et
652 2314 688 2373 ab
705 2315 783 2373 initio
801 2315 896 2372 vinum
912 2314 1008 2389 dedit,
1027 2324 1054 2373 et
1073 2332 1132 2373 me·

136 2410 193 2460 tum
216 2397 363 2456 cruditatis
387 2406 525 2475 sequutus
544 2408 603 2473 est,
626 2415 683 2457 uon
703 2400 765 2457 sine
785 2417 870 2458 causa
892 2399 978 2459 fecit:
1003 2401 1027 2457 si
1043 2398 1169 2462 vehe-rr

136 2491 261 2548 mentem
289 2481 478 2541 infirmitatem
507 2482 634 2559 adjuvari
661 2500 750 2561 posse
777 2483 867 2542 tribus
894 2484 982 2559 guttis
1014 2485 1133 2561 putavit,

137 2567 253 2627 erravit.
290 2564 329 2623 Αι
351 2566 373 2623 si
396 2567 485 2625 inanis
503 2576 547 2626 est
563 2568 667 2642 homo,
690 2576 719 2625 et
735 2585 817 2625 crura
836 2569 899 2642 ejus
916 2567 1131 2643 contrahuntur,

136 2650 345 2727 interponenda
361 2651 441 2728 potio
457 2650 589 2711 absinthii
605 2660 658 2710 est.
681 2652 712 2710 Si
728 2660 876 2710 extremae
888 2661 986 2729 partes
1001 2652 1135 2728 corporis

136 2736 258 2812 frigent,
289 2735 440 2811 ungendae
462 2745 526 2795 suut
548 2735 642 2795 calido
663 2735 746 2812 oleo,
777 2737 822 2794 oui
841 2753 928 2795 cerae
959 2736 1075 2814 paulum
1096 2736 1135 2793 sit

136 2819 296 2895 adjectum,
314 2819 473 2898 calidisque
488 2821 622 2880 fomentis
638 2821 816 2880 nutriendae.
841 2821 872 2879 si
888 2838 923 2878 ue
941 2818 993 2878 sub
1010 2820 1054 2878 his
1071 2819 1132 2897 qui·
1144 2840 1170 2882 ao

137 2905 202 2963 dem
224 2904 306 2981 quies
328 2904 402 2963 facta
419 2914 478 2980 est,
505 2905 685 2964 extrinsecus
711 2914 811 2964 contra
834 2904 1023 2963 ventriculum
1040 2906 1135 2981 ipsum

137 2987 314 3049 cucurbitula
328 2989 506 3048 admovenda
519 2999 574 3063 est,
590 2998 636 3047 aut
647 2990 739 3067 sinapi
753 2987 1054 3067 superimponendum.
1077 2986 1135 3046 Ubi

135 3074 160 3133 is
183 3074 325 3150 constitit,
341 3074 465 3133 dormire
481 3083 613 3151 oportet:
639 3083 761 3152 postero
785 3074 831 3132 die
854 3074 952 3151 utique
977 3091 993 3132 a
1014 3073 1136 3150 potione

137 3156 296 3217 abstinere:
322 3159 370 3218 die
391 3160 477 3217 tertio
502 3159 530 3216 in
551 3158 683 3217 balneum
700 3160 757 3217 ire:
781 3157 917 3236 paulatim
933 3177 965 3216 se
984 3156 1050 3215 cibo
1067 3155 1134 3213 reli·

138 3259 221 3318 cere,
239 3243 424 3321 somnofque}
443 3244 571 3322 quisquis
589 3243 676 3302 facile
694 3243 868 3320 acquiescit;
885 3241 920 3276 *i
937 3244 1063 3318 itemque
1076 3239 1133 3297 las·
1146 3259 1172 3297 as

137 3326 260 3385 situdiue
280 3336 309 3386 et
326 3326 445 3403 frigore.
482 3328 598 3405 sipost
618 3343 803 3405 suppressam
825 3325 972 3384 choleram
991 3323 1135 3384 febricula

137 3418 244 3536 manep,
271 3412 366 3471 alvum
390 3412 455 3471 duci
486 3411 679 3471 necessarium
708 3419 770 3469 est:
804 3419 860 3468 tum
888 3408 978 3486 cibis,
1008 3410 1136 3486 vinoque

228 3511 272 3551 um
289 3504 342 3554 est.
