2414 3924
80 218 146 282 252
384 229 577 276 semiss
595 227 794 276 mrum

79 381 1078 529 Quamnammfflumnm-

427 716 609 774 CAPL'T
644 715 712 774 XI.

433 828 707 877 &mansimus

143 964 188 1023 Ac
204 963 242 1022 de
254 961 356 1021 fractis
377 961 492 1039 quiden
506 961 622 1021 ossibus
641 962 781 1020 huten·
802 959 907 1018 dictur·
929 959 978 1016 sit.
1009 957 1098 1023 los

79 1056 184 1107 ventur
196 1054 292 1105 auten
307 1063 342 1103 ea
357 1044 475 1105 sedibus
486 1048 546 1105 suis
559 1045 671 1106 duobus
684 1044 792 1111 nodis;
812 1060 877 1100 aa·
890 1039 1074 1119 nodoque

74 1132 177 1206 lucta
192 1138 257 1188 suut
272 1131 347 1188 iuter
361 1147 395 1186 se
411 1128 578 1195 dediscam
592 1138 623 1187 ut
637 1145 722 1206 quun
736 1127 824 1185 latu
837 1126 1023 1205 scapularum
1037 1141 1074 1183 os

79 1211 118 1273 ab
131 1212 250 1272 humero
266 1212 391 1279 recedit;
407 1221 438 1271 et
452 1215 481 1270 iu
495 1212 616 1271 brachio
627 1210 752 1270 radiusa
766 1209 879 1276 cubito;
896 1218 926 1269 et
940 1209 969 1266 iu
986 1225 1073 1266 crure

79 1294 148 1356 tibia
163 1313 179 1353 a
195 1312 276 1363 snra;
300 1304 329 1354 et
342 1295 483 1355 interdura
498 1313 516 1354 a
529 1295 604 1354 saltu
619 1294 708 1354 aleis
722 1311 758 1351 os·
771 1310 788 1352 a
803 1292 881 1367 nto,
902 1290 982 1370 quod
1002 1307 1073 1349 raro

80 1387 174 1439 unca
190 1377 235 1447 uu
256 1379 343 1439 modo
359 1378 472 1437 articuli
483 1382 542 1437 suis
556 1377 672 1437 sedibus
686 1375 831 1436 excidunt.
848 1373 926 1434 Ante
936 1375 974 1434 de
989 1376 1070 1454 pn'o·
1083 1392 1105 1431 rr

80 1459 160 1522 ribus
175 1459 278 1521 dicam
294 1462 421 1538 Quorum
433 1461 483 1521 ubi
500 1461 607 1540 aliquid
614 1460 721 1536 incidiq
736 1462 867 1538 protinus
881 1461 906 1517 is
921 1459 1008 1518 locas
1023 1476 1071 1517 ca·

78 1562 133 1605 vus
145 1552 201 1620 est,
217 1543 433 1623 depressusque
446 1544 553 1621 digitus
568 1544 788 1604 sinuninvenit:
806 1542 909 1602 deinde
923 1543 1071 1618 graiisin·

79 1628 232 1690 danmatio
248 1630 352 1697 oritur;
379 1637 465 1706 atque
480 1632 509 1688 in
524 1627 590 1688 talis
610 1629 783 1706 praecipue:
808 1623 949 1704 siqnidem
967 1625 1072 1684 iebres

79 1729 213 1793 quoque,
232 1720 262 1771 et
282 1729 421 1788 cancros,
440 1721 469 1771 et
485 1729 640 1771 nervorum
663 1710 709 1768 vel
732 1708 938 1785 distentiones,
959 1709 1009 1767 vel
1032 1710 1070 1766 ri-

78 1813 179 1874 gores,
193 1796 241 1873 qui
256 1805 342 1875 caput
358 1795 487 1874 scapulis
499 1803 663 1869 annectunt,
675 1811 794 1852 movere
812 1794 973 1853 consuevit.
990 1791 1070 1865 Quo
1080 1815 1103 1854 tt

79 1896 138 1939 rum
155 1878 334 1939 vitandorum
350 1897 436 1939 causa
451 1878 582 1939 iacienda
600 1877 701 1937 eadem
716 1884 797 1952 sunt,
813 1895 889 1955 qnae
906 1878 936 1935 in
952 1873 1070 1934 ossibus

78 1960 233 2022 mobilibus
259 1962 348 2022 laesis
372 1963 523 2040 proposita
545 1971 623 2030 suut;
645 1969 675 2020 ut
695 1960 780 2021 dolor
794 1969 947 2038 tumorque
963 1977 1019 2038 per
1035 1976 1070 2016 ea

79 2045 227 2105 tollantur.
260 2044 331 2106 Nam
353 2044 467 2106 diducta
491 2064 555 2105 ossa
579 2062 728 2123 numquam
749 2063 848 2104 rursus
870 2046 944 2102 inter
959 2060 992 2101 se
1003 2044 1069 2118 jun·

79 2137 200 2205 quntum
219 2138 263 2204 et,
281 2139 312 2188 ut
327 2129 433 2206 aliquid
450 2129 567 2188 decoris
585 2146 620 2186 eo
638 2128 724 2203 loco,
741 2129 784 2185 sic
805 2127 873 2186 nihil
895 2145 965 2186 usus
989 2127 1068 2185 amit·

77 2210 155 2270 titur.
186 2211 302 2272 Maxilla
315 2228 404 2288 vero,
420 2222 450 2272 et
464 2212 616 2280 vertebra,
651 2227 810 2288 omnesque
825 2210 958 2286 articuli,
980 2226 1067 2288 quum
1077 2232 1101 2271 ro

77 2292 180 2353 validis
196 2297 293 2353 nervis
310 2294 605 2372 comprehendantur,
622 2295 756 2354 excidunt
769 2303 817 2353 eut
833 2295 861 2352 vi
876 2293 1005 2370 expulsi,
1021 2300 1069 2352 eut

78 2375 176 2453 aliquo
203 2395 270 2437 cusu
294 2379 391 2436 nervis
407 2378 453 2436 vel
477 2379 579 2456 inpiis,
604 2378 650 2436 vel
668 2377 829 2447 infirmatis;
849 2377 1024 2454 faciliusque
1040 2377 1068 2434 in

78 2459 177 2599 tueris
194 2469 223 2518 et
242 2459 485 2536 adolescentulis,
501 2479 584 2538 quem
600 2464 627 2521 in
642 2460 864 2520 robustioribus.
896 2460 992 2538 Hique
1009 2459 1067 2518 ela·

100 2549 184 2600 untur
199 2542 226 2600 in
242 2544 367 2620 priorem
379 2537 420 2619 [et
431 2543 459 2600 in
474 2545 683 2620 posteriorem,
692 2548 721 2607 in
733 2543 914 2625 interiorem]
926 2552 956 2602 et
972 2544 1001 2602 in
1017 2560 1066 2602 ex·

77 2622 214 2683 terionem
240 2634 364 2703 partem;
400 2627 514 2704 quidam
535 2627 665 2687 omnibus
687 2627 796 2704 modis,
820 2627 934 2706 quidum
962 2628 1099 2686 certiszue

76 2713 202 2785 suntque
217 2707 357 2787 quaedum
374 2713 532 2771 communie
544 2712 666 2772 omnium
684 2713 776 2787 signa,
793 2711 931 2789 quaedem
947 2711 1067 2789 propria

77 2789 229 2868 cujusque.
265 2792 411 2871 Siquidem
430 2813 546 2874 semper
562 2813 595 2854 ea
612 2803 692 2873 purte
709 2804 803 2854 tumor
818 2803 873 2871 est,
888 2795 915 2854 in
932 2811 1016 2873 qnam
1033 2809 1066 2851 os

77 2876 251 2955 prorumpit:
267 2894 301 2937 eu
317 2878 404 2953 sinus,
420 2896 435 2937 a
455 2897 510 2957 qna
525 2880 657 2938 recessit.
690 2877 727 2937 Et
742 2877 815 2938 haec
833 2879 947 2958 quidem
963 2879 992 2936 in
1007 2894 1065 2936 om·

77 2955 159 3019 nibus
178 2957 448 3039 deprehenduntur:
467 2961 521 3021 alia
536 2979 609 3021 vero
627 2960 653 3018 in
670 2961 803 3038 singulis;
828 2979 901 3039 quae
924 2960 1009 3020 simul
1026 2969 1064 3018 at·

77 3058 134 3119 que
150 3040 186 3101 de
202 3060 318 3120 qnoque
336 3042 445 3121 dicum,
468 3044 656 3124 proponendo
673 3053 764 3104 erunt,
794 3046 853 3104 Sed
875 3053 905 3103 nt
927 3042 1098 3103 exciderent

76 3138 176 3183 omnes
197 3127 311 3186 articuli
333 3136 470 3206 possunt,
492 3128 534 3187 sic
554 3144 611 3186 non
632 3144 731 3186 omnes
750 3137 936 3207 reponuntur.
972 3124 1066 3204 Caput

76 3207 150 3267 enlm
166 3225 315 3286 numquam
334 3210 532 3288 compellitur,
555 3229 651 3288 neque
667 3212 695 3269 in
711 3211 793 3288 spino
809 3209 952 3287 vertebra,
971 3228 1065 3288 neque

75 3308 109 3350 eu
125 3291 252 3368 nruxlllu,
269 3309 354 3370 quoe,
372 3302 493 3372 utruque
511 3303 591 3372 purte
606 3291 754 3371 prolapsa,
771 3303 921 3373 antequem
939 3310 1064 3372 repone·

74 3380 169 3448 retur,
194 3373 442 3436 inflammationem
464 3376 561 3436 movit.
595 3376 735 3449 Rursum,
753 3379 800 3454 qui
822 3394 977 3437 nervorum
992 3377 1064 3436 vitio

76 3454 204 3533 prolapsi
219 3466 293 3534 sunt,
303 3459 442 3538 compulsi
456 3476 571 3537 qnoque
584 3460 610 3517 in
624 3475 692 3518 suas
703 3459 790 3520 sedes
801 3460 903 3520 itemm
917 3458 1098 3521 exciduntur
