2414 3924
478 247 547 297 um.
564 249 602 296 11.
618 246 694 296 can.
711 249 757 296 vr.
1076 240 1116 302 37

119 402 197 462 circa
222 418 311 461 coxas
338 412 367 461 et
384 402 539 463 inferiores
562 411 661 481 partes
683 405 755 481 orti,
778 404 802 461 si
819 403 854 462 ad
868 391 981 464 vis‘cera
996 406 1116 466 transie-

117 493 198 562 runt,
218 485 374 564 subitoque
389 485 552 562 desierunt,
567 495 689 546 mortem
703 487 827 546 subesse
842 495 991 556 testantem
1012 491 1116 565 magis·

118 587 175 649 qne
194 569 219 626 si
231 569 286 630 alia
299 586 416 648 quoque
436 571 518 647 signa
535 580 723 630 accesserunt
739 570 867 649 (Propo.
885 572 906 647 ς
926 573 989 651 19).
1012 572 1116 650 Neque

117 655 142 712 is
165 655 277 713 servari
302 662 419 732 potest,
444 655 492 732 qui
519 656 582 713 sine
597 654 658 713 ullo
678 663 789 714 tumore
812 653 994 731 febricitans,
1021 655 1115 716 subito

92 735 323 813 estrangufatur,
346 747 395 796 aut
412 736 555 797 devorare
578 738 696 797 salivam
719 756 798 798 suam
821 755 878 797 non
898 748 996 817 potest
1019 736 1115 819 (Apta

114 820 167 896 Ν,
184 819 241 889 34;
261 818 356 882 Coae.
372 820 466 898 271);
488 822 571 880 cuive
591 824 619 881 in
634 822 737 881 eodem
753 822 844 883 febris
860 825 1050 901 corporisque
1066 824 1116 884 ha·

116 905 176 964 bitu
199 905 299 963 cervix
322 906 514 979 convertitur,
538 906 630 964 sicut
651 906 794 966 devorare
815 924 908 985 aeque
932 907 1001 966 nihil
1024 908 1117 986 possit

117 984 212 1067 (Apio.
225 986 276 1063 Ν,
289 988 345 1057 35;
372 987 466 1049 0000.
482 987 576 1067 272);
594 999 641 1048 aut
656 992 702 1048 cui
717 991 799 1050 simui
822 999 850 1049 et
872 992 1003 1050 continua
1025 989 1116 1052 febris

118 1081 147 1131 et
156 1073 254 1131 ultima
267 1074 400 1151 corporis
413 1072 559 1132 infirmitas
572 1082 630 1140 est:
644 1081 691 1132 aut
703 1076 758 1149 cui,
771 1073 855 1134 febre
867 1076 1115 1153 conquiescente,

83 1175 108 1216 ro
117 1158 247 1215 exterior
264 1174 330 1233 pars
345 1157 443 1233 friget,
460 1157 579 1215 interior
602 1158 645 1215 sic
661 1158 752 1233 calet,
777 1167 807 1216 ut
833 1158 917 1217 etiam
933 1159 1008 1216 sitim
1028 1159 1116 1218 faciat

118 1239 171 1319 (cf.
187 1236 267 1318 Apo.
279 1239 336 1315 Ν,
353 1240 408 1309 48;
425 1238 520 1301 Coae.
539 1240 608 1320 13);
625 1250 673 1300 aut
690 1242 755 1320 qui,
772 1241 855 1300 febre
874 1257 968 1320 aeque
982 1260 1038 1301 non
1054 1243 1114 1321 qui·
1183 1308 1190 1329 ¹

119 1333 255 1397 escente,
278 1325 361 1384 simul
381 1333 410 1383 et
425 1325 528 1384 delirio
546 1333 575 1383 00
589 1324 717 1403 spirandi
734 1323 904 1385 difficultate
920 1335 1042 1385 vexatur
1059 1326 1115 1406 (cf.

117 1405 196 1486 Apt.
213 1406 272 1482 Ν,
288 1408 362 1487 50);
381 1417 429 1468 aut
445 1410 508 1486 qui,
526 1417 615 1485 epoto
634 1417 765 1482 veratro,
784 1418 925 1486 exceptus
942 1409 1115 1470 distentione

117 1507 270 1551 nervorum
287 1500 331 1551 est
345 1492 399 1571 (cf.
416 1489 495 1571 Apo.
512 1491 567 1570 Ν,
588 1493 638 1561 16;
655 1494 692 1568 V,
712 1494 761 1572 1);
777 1501 825 1552 aut
842 1495 891 1572 qui
906 1494 1003 1553 ebrius
1018 1494 1115 1553 obmu-

84 1594 108 1634 ro
118 1577 180 1635 tuit.
220 1574 248 1636 Is
266 1577 341 1635 enim
359 1576 422 1635 fere
438 1593 591 1636 nervorum
609 1576 782 1636 distentione
796 1579 981 1652 consumitur,
997 1579 1051 1637 nisi
1069 1587 1116 1637 aut

117 1659 207 1719 febris
230 1661 372 1735 accessit,
393 1669 440 1718 aut
459 1679 495 1721 eo
518 1669 665 1738 ternpore,
690 1678 746 1739 quo
770 1660 897 1721 ebrietas
918 1661 994 1720 solvi
1015 1660 1114 1737 debet,

117 1743 197 1824 loqui
210 1746 308 1822 coepit
321 1741 416 1822 (Apo.
428 1747 465 1820 V,
477 1745 523 1822 5).
544 1744 646 1804 Mulier
658 1762 774 1823 quoque
786 1744 905 1822 gravida
917 1753 1001 1805 acuto
1012 1744 1114 1804 morbo

117 1828 203 1887 facile
216 1829 391 1887 consumitur
403 1829 457 1909 (cf.
470 1824 549 1906 Apo.
562 1827 599 1906 V,
616 1828 687 1906 30);
705 1838 734 1887 et
745 1830 780 1903 is,
798 1830 843 1887 cui
856 1845 971 1887 somnus
984 1827 1115 1888 dolorem

118 1921 206 1987 auget
221 1911 274 1991 (cf.
291 1908 370 1990 Apo.
388 1912 425 1987 11,
444 1912 493 1989 f);
511 1922 539 1971 et
555 1914 600 1971 cui
617 1913 745 1989 protinus
761 1913 789 1970 in
804 1913 915 1970 recenti
930 1911 1031 1970 morbo
1047 1911 1113 1971 bilis

82 2018 109 2060 ro
120 2005 180 2055 atra
198 1996 245 2054 vel
261 1996 333 2055 infra
348 1996 396 2055 vel
412 2013 499 2073 supra
517 2015 549 2055 se
568 1996 708 2065 ostendit;
726 1997 808 2055 cuive
823 1995 962 2054 alterutro
980 1996 1064 2055 modo
1080 2013 1114 2053 se

117 2081 247 2158 promsit,
265 2098 349 2158 quum
358 2081 418 2154 jam
432 2081 519 2156 longo
531 2081 632 2140 morbo
646 2096 754 2158 corpus
766 2080 829 2155 ejus
841 2088 920 2138 esset
933 2088 1115 2138 extenuatum

119 2173 147 2223 et
163 2163 296 2222 affectum
314 2165 368 2244 (ci.
383 2163 462 2243 Aple.
479 2164 535 2239 111,
552 2164 591 2225 22
612 2174 641 2223 et
655 2163 723 2241 23).
747 2164 865 2241 Sputum
882 2164 965 2221 etiarn
982 2163 1115 2222 biliosum

119 2257 148 2306 et
164 2248 360 2325 purulentum,
383 2251 445 2308 sive
467 2250 621 2327 separatim
640 2249 711 2323 ista,
735 2249 799 2308 sive
823 2248 909 2306 mixta
933 2247 1115 2324 proveniunt,

118 2333 247 2391 interitus
272 2332 430 2410 perieulum
454 2333 616 2392 ostendunt.
655 2332 700 2392 Ac
721 2333 745 2391 si
765 2333 843 2391 circa
866 2332 1017 2408 septimum
1040 2330 1115 2390 diem

82 2436 108 2475 rs
118 2416 175 2475 tale
199 2434 266 2475 esse
289 2417 403 2494 coepit,
427 2419 586 2494 proximum
611 2426 672 2492 est,
701 2425 729 2476 ut
751 2417 775 2475 is
804 2416 881 2475 circa
905 2415 1114 2492 quartumdeci-

118 2518 192 2558 mum
207 2499 346 2574 decedat,
374 2501 428 2558 nisi
453 2501 508 2560 alia
528 2504 610 2578 signa
634 2502 753 2561 meliora
773 2500 913 2579 pejorave
936 2501 1140 2568 accesserint}

120 2582 248 2663 (Propo.
271 2584 381 2663 §15):
411 2602 501 2661 quae,
526 2602 582 2662 quo
606 2585 716 2644 leviora
740 2586 914 2662 graviorave
938 2583 1115 2660 subsequuta

120 2677 200 2743 sunt,
222 2685 258 2727 eo
278 2668 327 2727 vel
350 2669 492 2727 seriorem
513 2678 651 2741 mortem,
675 2669 722 2728 vel
739 2670 922 2727 maturiorem
937 2668 1112 2727 denuntiant.

120 2751 214 2810 Sudor
236 2771 351 2831 quoque
374 2751 495 2829 frigidus
516 2754 544 2810 in
561 2760 645 2810 acuta
665 2751 749 2811 febre
764 2751 888 2829 pestifer
908 2761 968 2812 est:
987 2761 1072 2828 atque
1088 2751 1115 2808 in

82 2854 110 2896 oo
120 2836 196 2894 omni
216 2836 317 2897 morbo
340 2838 481 2911 vomitus,
505 2836 679 2913 quinarius,
697 2844 727 2894 et
741 2835 892 2901 multorum
908 2835 1038 2894 colorum
1055 2843 1113 2901 est;

118 2921 335 2999 praecipueque
350 2922 374 2978 si
390 2920 481 2979 malus
496 2922 524 2977 in
539 2919 595 2977 hcc
611 2918 684 2977 odor
700 2927 755 2978 est.
788 2917 832 2978 Ac
854 2920 1021 2994 sanguinem
1043 2935 1114 2995 quo·

117 3005 217 3084 quein
237 3004 321 3064 febre
342 3005 488 3064 vomuisse
510 3003 679 3081 pestiferum
703 3011 755 3060 000.
789 3001 878 3062 Urina
895 3019 965 3060 vero
982 3003 1067 3060 rubra
1086 3010 1115 3059 et

117 3090 211 3147 tenuis
224 3090 252 3147 in
267 3107 369 3166 magna
384 3088 524 3147 cruditate
536 3104 604 3144 esse
618 3087 782 3153 consuevit;
801 3093 829 3142 et
843 3102 944 3160 saepe,
961 3095 1113 3161 antequam

118 3173 212 3251 spatio
225 3182 409 3248 maturescat,
427 3172 569 3231 bominem
581 3171 670 3247 rapit:
690 3171 795 3247 itaque,
813 3169 836 3226 si
850 3167 914 3226 talis
929 3166 1031 3227 diutius
1048 3186 1113 3244 per·

82 3265 223 3333 osmanet,
239 3257 396 3335 periculum
413 3256 512 3315 mortis
530 3254 662 3314 ostendit.
696 3253 824 3313 Pessima
846 3260 939 3310 tamen
956 3261 1010 3326 est,
1032 3269 1113 3328 prae·

119 3341 263 3419 cipueque
277 3340 436 3416 mortifera,
452 3341 543 3416 nigra,
561 3356 668 3413 crassa,
684 3337 750 3395 mali
768 3336 875 3395 odoris.
898 3335 994 3413 Atque
1008 3337 1034 3393 in
1046 3336 1114 3394 viris

120 3424 234 3502 quidem
246 3434 275 3483 et
291 3424 457 3483 mulieribus
471 3424 537 3483 talis
548 3422 702 3482 deterrima
716 3429 776 3480 est:
793 3422 820 3478 in
831 3422 928 3498 pueris
939 3437 1022 3494 vero,
1039 3437 1115 3499 quae

119 3511 212 3568 tenuis
235 3518 264 3567 et
287 3507 375 3568 diluta
398 3518 443 3567 est
463 3507 517 3585 (cf.
539 3506 651 3586 Propo.
669 3505 691 3581 §
708 3503 773 3584 12).
797 3503 888 3563 Ainus
903 3520 1019 3583 quoque
1035 3505 1113 3563 ve·²“
