2414 3924
426 672 746 753 PRAEFATIO.

156 921 360 1002 Compluribus
382 922 475 982 causis
497 939 532 980 eo
556 921 697 982 adductus
717 939 781 982 sum
803 929 835 982 ut
849 923 988 1000 peculiari
1003 927 1098 987 studio

69 1008 101 1065 in
123 1005 198 1066 Celsi
219 1011 374 1066 tractatum
396 1005 432 1064 de
453 1003 595 1064 medicina
616 1011 744 1064 mentem
765 1005 955 1067 adverterem.
999 1008 1097 1069 Primo

70 1089 149 1167 quod
164 1089 348 1149 doctissimus
361 1089 418 1148 lies
432 1073 542 1163 Etaogs
560 1089 705 1165 egregiam
722 1088 811 1148 edidit
831 1089 937 1150 horum
954 1091 1098 1153 librorum

69 1173 339 1250 interpretationem
364 1169 565 1240 vernaculam,
598 1169 739 1249 adjunctis
769 1173 859 1248 ipsius
887 1172 961 1234 Celsi
991 1175 1097 1244 verbis,

71 1255 165 1331 qualia
192 1255 269 1333 apud
292 1254 417 1330 Tangam
443 1252 618 1334 leguntur*).
662 1255 772 1314 Deinde
797 1256 873 1315 idem
897 1256 933 1316 de
955 1258 1098 1318 medicina

71 1355 145 1415 opus
166 1339 333 1405 retractavi,
356 1338 421 1398 ideo
441 1336 519 1415 quod
536 1336 692 1397 admodum
711 1338 841 1398 eruditus
861 1339 898 1399 de
912 1340 1002 1400 Renzi
1023 1341 1098 1402 Nea·

71 1420 214 1497 politanus
236 1419 344 1506 publici
362 1420 437 1500 juris
464 1419 533 1480 iecit
553 1418 694 1498 majorem
718 1420 805 1499 hujus
826 1423 976 1499 scriptoris
997 1424 1098 1485 editio·
1152 1493 1157 1501 ¹

70 1504 191 1583 nem**)·
237 1503 300 1573 Quo
327 1505 442 1581 saepius
468 1508 564 1563 autem
586 1503 700 1563 Celsum
721 1503 922 1581 perlegebam,
951 1524 985 1565 eo
1006 1509 1098 1584 magis

70 1605 119 1647 me
139 1588 261 1648 detinuit
282 1605 348 1647 cum
368 1587 482 1647 dicendi
505 1588 582 1645 nitor
604 1604 639 1646 ac
658 1586 783 1646 brevitas
809 1593 871 1646 tum
893 1590 1098 1665 perspicacitas

67 1670 168 1749 judicii
183 1688 343 1748 sensusque
357 1688 444 1730 verax
466 1675 495 1729 et
512 1669 549 1728 ad
568 1668 713 1745 agendum
727 1669 976 1739 accommodatus,
993 1671 1098 1748 quibus

71 1753 206 1814 omnibus
231 1754 386 1831 genuinam
412 1752 496 1813 nobis
524 1757 724 1829 repraesentat
754 1751 823 1810 civis
847 1752 969 1812 Romani
998 1755 1097 1831 imagi-

70 1853 149 1896 nem.
193 1837 253 1896 Nec
280 1836 364 1897 facile
392 1836 515 1896 dixerim
548 1835 679 1912 magisne
710 1841 858 1912 tamqnam
887 1835 1033 1895 medicum
1061 1854 1097 1896 an

71 1927 216 1997 tamquam
244 1920 395 1982 literarum
424 1919 585 1979 studiosum
613 1935 661 1977 me
688 1917 846 1977 delectarit.
897 1917 1006 1988 Quodsi
1032 1936 1097 1980 rem

69 2003 231 2063 naturalem
258 2020 292 2063 ac
318 2003 461 2063 medicam
480 2007 606 2079 spectes,
635 1999 786 2078 permultis
807 2017 876 2060 sane
897 2001 1098 2061 additamentis

70 2088 170 2162 augeri
189 2088 279 2164 possit
301 2104 374 2164 opus
393 2085 571 2152 Celsianum,
592 2085 638 2143 vix
657 2090 756 2143 tamen
775 2101 867 2160 pauca
888 2085 1029 2161 quaedam
1050 2104 1096 2144 re·

69 2171 165 2248 perias
188 2188 261 2247 quae
282 2169 440 2229 resecanda
463 2170 528 2228 sint.
572 2167 665 2226 lmmo
687 2184 793 2244 parurn
812 2166 894 2226 abest
916 2168 985 2246 quin
1011 2168 1098 2228 hodie

69 2271 124 2328 pro
147 2254 318 2330 compendio
345 2255 388 2312 rei
414 2251 543 2311 medicae
570 2250 702 2310 adbiberi
722 2251 820 2328 possit.
865 2250 971 2329 Utique
999 2251 1097 2311 claris-

69 2337 149 2394 simis
168 2335 284 2413 linguae
303 2335 407 2396 latinae
424 2335 619 2394 monumentis
638 2334 848 2393 accensendum
866 2343 923 2402 est,
942 2334 994 2394 sed
1009 2335 1097 2395 eheu!

69 2421 115 2476 vix
142 2418 229 2479 alium
253 2419 385 2478 novimus
406 2418 514 2477 librum
540 2417 589 2494 qui
614 2415 697 2495 pejus
725 2434 740 2474 a
767 2414 893 2476 librariis
920 2417 1036 2478 babitus
1062 2419 1099 2476 sit

70 2508 169 2578 atque¹
183 2503 212 2560 in
240 2519 297 2578 quo
326 2500 410 2579 plura
439 2499 618 2560 emendanda
645 2506 764 2559 restent.
813 2500 889 2559 Ecce
917 2506 1097 2577 argumenta,

70 2585 102 2642 L.
124 2585 173 2652 B„
207 2603 260 2644 cur
284 2586 378 2645 virum
405 2584 532 2661 probum
559 2588 588 2641 et
615 2589 765 2644 strenuum
795 2583 828 2642 B.
852 2584 885 2644 G.
909 2583 1098 2643 Teubnerum

69 2668 126 2727 adii
149 2685 275 2746 eumque
294 2670 440 2744 permovi,
461 2672 493 2726 ut
513 2663 597 2725 Celso
618 2663 714 2725 locum
736 2666 909 2726 concederet
929 2667 1115 2743 incorpore

69 2753 246 2828 scriptorum
261 2749 448 2810 classicorum
463 2767 530 2810 oum
546 2764 720 2824 graecorum
741 2756 803 2809 tum
824 2747 995 2817 latinorum,
1020 2749 1098 2827 quod

135 2947 160 3014 *)
178 2951 266 3000 Paris.
288 2948 360 2999 1848.
379 2948 407 2999 8ο
424 2949 535 3012 majori;
563 2951 684 3016 pertinet
697 2949 732 2996 ad
744 2962 841 3012 corpus
859 2948 1021 3010 scriptorum
1032 2946 1097 2995 lati·

69 3032 164 3067 norum
187 3022 300 3067 auctore
318 3018 379 3067 viro
403 3018 577 3068 ornatissimo
599 3015 716 3066 Nisardo
738 3014 849 3062 editum.
884 3013 996 3062 Prostat
1014 3013 1098 3060 etiam

69 3083 220 3147 seperatim
238 3083 310 3147 apud
326 3083 451 3133 Didotos.

135 3146 175 3214 ⁸⁵l)
197 3149 315 3214 Neapoli
335 3148 412 3211 1851,
434 3150 496 3200 Vol.
514 3152 551 3201 II.
579 3149 615 3200 8⁰.
657 3148 787 3198 Continet
809 3145 894 3195 editio
916 3145 965 3193 ille
987 3147 1098 3208 praeter

71 3217 157 3281 ipsius
173 3215 249 3266 Celsi
265 3217 352 3267 verba
370 3232 385 3265 e
403 3217 513 3281 Targae
533 3218 652 3267 editione
672 3215 737 3264 anni
755 3210 820 3261 1810
837 3211 926 3275 petita
944 3210 1097 3259 adnotatio·

71 3298 133 3330 num
145 3282 267 3347 ejusdem
280 3283 393 3333 editoris
404 3283 504 3333 bonam
516 3288 631 3349 partem,
644 3279 801 3344 Morgagnii
813 3277 953 3343 epistolas,
967 3276 1097 3326 disserto-

71 3350 160 3399 tiones
176 3349 277 3399 Rhodii
292 3353 320 3398 et
330 3349 447 3411 Rubrii,
466 3348 575 3400 lexicon
588 3348 756 3409 celsianum,
776 3344 1032 3409 interpretationem
1043 3341 1098 3391 ita-

69 3414 165 3478 licam,
184 3415 431 3481 pharmocopoeam
450 3415 619 3480 Celsinum,
640 3420 693 3465 cet.
