2414 3924
11 396 29 453 '³
66 438 91 490 a
110 358 166 490 120³
168 338 764 508 ittiattitulatis?
778 345 1083 496 ”tribuual

22 456 29 485 .
1070 468 1081 477 .

21 512 27 589 ξ
64 517 158 579 solves
183 526 215 578 et
237 517 385 596 tepefacta
407 516 572 579 instillabis.
628 478 638 511 '

19 596 25 689 J
149 604 233 668 aliud
251 606 299 666 dia
318 613 454 667 tessarou
472 606 664 689 appellatum,
687 607 717 668 id
737 617 783 670 est
802 608 839 669 dc
858 616 1009 691 quattuor,
1031 610 1080 671 ad-

17 740 21 761 .
63 714 167 757 versus
190 703 326 756 tumores
349 702 380 756 et
403 694 523 757 dolores
545 703 576 757 et
600 695 777 758 ulcerationi
800 699 989 758 conveniens.
1034 713 1108 758 roa

17 784 21 793 “
64 786 141 845 sinac
162 781 372 865 terebintiuae‚
390 781 500 864 butyri,
522 784 617 865 adipis
635 784 797 867 gallinacei,
820 785 878 847 olei
897 785 1082 867 amygdalini,

16 936 21 949 ,
65 874 196 934 omnium
216 880 357 952 quattuor
375 873 457 952 paria
475 872 608 953 pondera
627 875 734 935 inuno
754 873 908 935 consolvcs
927 882 958 935 et
977 876 1080 936 uteris.

149 960 206 1022 alia
231 960 406 1022 auricularis
430 962 491 1021 sive
516 970 549 1022 ut
567 961 673 1023 Graeci
695 964 773 1023 otice
796 962 939 1024 adversus
962 962 1080 1023 dolores

67 1059 91 1110 et
125 1049 230 1111 ulcera
272 1057 302 1110 et
338 1057 455 1110 veteres
491 1052 609 1110 aurium
644 1053 806 1129 passiones.
862 1053 970 1131 recipit
1010 1053 1080 1131 opii,

12 1184 16 1195 .
66 1140 206 1216 castorei,
229 1137 309 1198 aloes
327 1141 349 1209 3
368 1137 512 1220 singulas,
535 1140 656 1208 croci3
678 1138 719 1219 ll,
741 1157 874 1221 murrae,
897 1138 966 1218 lycii
988 1138 1080 1200 iudici
1095 1155 1120 1195 ιο

66 1226 83 1293 3
103 1226 238 1306 singulas
262 1227 361 1287 semis.
403 1225 479 1287 bene
503 1235 641 1288 conteres
665 1235 695 1288 et
718 1227 805 1289 melle
830 1227 964 1310 colliges,
994 1231 1026 1288 et
1047 1229 1079 1288 in

10 1354 12 1371 .
66 1334 117 1377 usu
150 1317 281 1394 accipies
313 1333 350 1375 ex
380 1316 446 1394 ipso
478 1315 695 1377 medicamento
727 1315 878 1377 modicum
913 1316 1079 1378 resolutum

10 1442 12 1453 ·
65 1422 157 1483 passo.
195 1422 233 1464 ex
256 1402 322 1463 oleo
344 1421 468 1464 rosaceo
491 1403 616 1465 stillabis
639 1412 669 1465 et
696 1403 763 1466 lana
785 1407 918 1466 muricea
940 1404 986 1464 vol
1008 1423 1078 1485 pur·

65 1511 154 1571 porca
182 1491 248 1553 loca
276 1490 396 1553 tutabis.
438 1491 529 1571 aliqui
557 1492 632 1553 lacte
665 1492 819 1554 resolvunt
849 1492 996 1555 muliebri.
1042 1493 1079 1553 ad

66 1580 199 1643 unctes
218 1598 289 1641 vero
308 1581 427 1642 auditus
446 1589 477 1641 et
494 1582 620 1642 tinnitus
639 1580 726 1642 multi
744 1584 888 1662 temporis
907 1599 976 1643 cum
995 1589 1077 1642 aceto
1093 1596 1118 1636 1⁵

64 1669 145 1731 sollto
164 1668 320 1750 infundes,
343 1669 423 1748 quod
441 1669 547 1731 Gracci
565 1669 700 1730 oxalmen
719 1678 833 1731 vocant.
871 1679 988 1732 etcum
1011 1669 1077 1730 oleo

63 1760 195 1820 raianino
220 1766 251 1818 et
274 1766 357 1818 aceto
380 1759 483 1819 uteris.

238 1916 381 1978 XXVllll.
417 1916 466 1977 Ad
490 1916 678 1978 oculorum
701 1919 899 1997 passiones.

132 2164 148 2212 2
168 2161 197 2214 et
213 2161 282 2226 (bia)
300 2173 350 2215 one.
364 2174 394 2226 p.
487 2158 581 2212 omnia
603 2158 659 2212 tria
677 2176 705 2213 c:
730 2158 781 2213 hec
801 2158 841 2212 ita
858 2177 887 2226 p.
978 2162 1034 2212 uuir
1054 2176 1077 2225 c,

61 2249 116 2286 uno
131 2247 162 2300 p.
268 2236 283 2282 3
303 2228 451 2298 tepefactis
471 2228 592 2283 stillabis
612 2247 652 2298 cp.
763 2236 780 2284 4
798 2229 816 2285 i.
836 2229 871 2283 de
890 2228 951 2282 llll.
969 2230 1033 2296 (sie)
1051 2246 1077 2284 c:

59 2319 109 2356 ont.
125 2320 158 2370 p.
231 2300 365 2356 adversus
384 2314 410 2353 c:
430 2299 466 2353 ad
480 2317 510 2368 p.
583 2306 599 2353 5
618 2300 711 2354 resina
729 2301 913 2355 terebentina.
937 2299 1076 2354 butirum.

60 2374 145 2443 adipe
168 2370 425 2442 gallinaciu.ole1‘1
448 2370 622 2439 amigdalinu
648 2389 670 2427 c.
781 2379 794 2425 7
825 2375 883 2426 οῑιῐ
904 2373 1025 2439 quatuor
1050 2388 1077 2425 c:

58 2463 107 2499 oter.
124 2462 155 2512 p.
247 2459 302 2497 uno
321 2457 362 2510 cp.
454 2441 566 2496 8uliud
591 2442 746 2498 auriculare
764 2460 791 2511 p.
901 2443 932 2494 ut
949 2441 1026 2509 greci
1040 2459 1077 2509 p:

57 2532 143 2586 grece
161 2516 223 2584 (om.
243 2515 285 2582 ut)
305 2529 326 2566 c.
438 2512 529 2566 oticen
549 2514 646 2580 (once,
672 2517 718 2569 sed
737 2519 800 2569 ante
819 2530 887 2568 corr.
908 2514 972 2567 otoo
984 2524 1016 2579 p)
1036 2529 1076 2579 cp.

59 2586 192 2642 adversus
217 2602 244 2640 c:
273 2583 310 2638 ad
328 2601 359 2652 p.
450 2582 595 2652 trecipit:
615 2587 641 2650 B‘
659 2603 699 2654 cp.
792 2584 850 2653 opii
868 2585 914 2650 (cf.
935 2583 997 2638 Gal.
1017 2582 1078 2650 Xll,

59 2665 110 2713 626
125 2662 208 2726 sqq.):
227 2655 285 2725 apii
295 2672 327 2724 p,
345 2670 397 2709 ona.
411 2671 433 2709 c.
508 2659 540 2706 10
555 2655 632 2709 aloes
650 2673 675 2710 c:
695 2657 757 2712 aloe
772 2659 847 2726 (nerto
862 2672 930 2709 corr.
944 2653 1037 2722 aloen)
1046 2670 1076 2721 p.

61 2736 92 2782 11
109 2735 127 2790 3
142 2727 267 2796 singulas
287 2724 371 2780 semis
388 2728 392 2791 Ι
408 2723 497 2778 lenius
516 2727 545 2779 et
563 2723 647 2781 melle
666 2728 778 2798 colligis
796 2728 847 2791 (sie
865 2726 960 2780 mediis
979 2729 1042 2792 one.)
1055 2740 1077 2778 c.

56 2813 450 2885 3singnlasczar'r.31.p.
548 2804 1077 2877 ἴε.5.11.1111111111111.1111111111ὀῂ

59 2889 124 2943 Gal.
144 2887 213 2954 llll,
232 2892 284 2941 636
304 2890 371 2953 etc).
417 2887 453 2937 ar‘r
465 2889 499 2947 .3
517 2884 676 2941 l.S.bene
700 2889 846 2941 conteres.
864 2887 894 2939 et
916 2883 999 2938 melle
1023 2883 1078 2935 col-

57 2960 125 3028 ligis
140 2977 171 3027 p.
264 2963 296 3010 12
316 2972 397 3009 nsum
417 2971 438 3010 c.
530 2971 575 3010 ex:
596 2960 625 3011 et
644 2975 684 3026 cp.
772 2963 804 3011 13
825 2973 903 3011 roseo
922 2971 944 3009 c.
1017 2971 1078 3006 mu-

56 3031 165 3085 riccat:
184 3028 295 3082 marina
313 3029 414 3096 (marra
428 3027 460 3094 p)
480 3043 520 3094 cp.
594 3028 628 3083 de
647 3045 770 3097 purpura
789 3044 817 3094 c,
836 3029 885 3080 aut
904 3023 1037 3094 purpuria
1047 3039 1077 3089 p.

58 3110 93 3156 14
113 3100 234 3154 tutabis:
260 3097 374 3152 tudabis
394 3115 421 3164 c,
439 3096 588 3168 tubabisp
609 3100 654 3169 (cf.
675 3099 736 3153 Gal.
756 3099 821 3164 Xll,
843 3103 893 3151 632
914 3091 961 3148 ἐπὶ
979 3091 1010 3145 δὲ
1031 3092 1079 3158 τῆς

58 3168 186 3242 χρήσεως
203 3167 272 3239 μετὰ
289 3166 404 3238 §oblano
416 3165 530 3232 ἔνσταζε
546 3170 594 3225 καὶ
608 3166 734 3239 κροκύδα
751 3165 859 3223 tortora
874 3162 1078 3242 πορφυρᾶν).

58 3243 206 3298 resolvunt
229 3239 360 3295 muliebri
384 3256 410 3294 c:
434 3237 560 3296 mulieris
583 3242 727 3296 resolvunt
746 3257 775 3308 p.
888 3243 920 3289 16
940 3232 1033 3288 salhto
1049 3248 1078 3300 p.

57 3313 137 3384 greci
151 3331 179 3369 c:
198 3329 249 3368 om.
261 3329 289 3381 1).
365 3309 474 3365 oxalme
489 3327 524 3379 p:
544 3313 652 3367 examel
671 3329 692 3366 c.
768 3316 800 3365 18
820 3311 860 3363 tit.
876 3308 917 3361 De
936 3303 1079 3359 doloribus

59 3386 206 3441 oculorum
221 3401 244 3452 p
263 3381 319 3451 (Ad
338 3381 482 3436 oculorum
502 3384 626 3439 dolorem
645 3384 703 3436 irad.
718 3386 759 3452 p).
836 3386 867 3433 19
883 3378 1031 3446 ypocrates
1047 3391 1079 3442 ep

57 3458 158 3526 (Hipp.
179 3455 233 3523 ΠΙ,
253 3460 305 3508 763
325 3452 424 3523 Lapa).
499 3453 667 3510 amiorismis
687 3470 708 3507 c.
