<?xml version="1.0" encoding="UTF-8"?>
<!DOCTYPE html PUBLIC "-//W3C//DTD XHTML 1.0 Transitional//EN"
    "http://www.w3.org/TR/xhtml1/DTD/xhtml1-transitional.dtd">
<html xmlns="http://www.w3.org/1999/xhtml" xml:lang="en" lang="en">
 <head>
  <title>
</title>
<meta http-equiv="Content-Type" content="text/html;charset=utf-8" />
  <meta name='ocr-system' content='tesseract 3.04.00' />
  <meta name='ocr-capabilities' content='ocr_page ocr_carea ocr_par ocr_line ocrx_word'/>
</head>
<body>
  <div class='ocr_page' id='page_1' title='image "./cassiifelicisde00rosegoog_0654.png"; bbox 0 0 2414 3924; ppageno 0'>
   <div class='ocr_carea' id='block_1_1' title="bbox 438 247 1077 312">
    <p class='ocr_par' dir='ltr' id='par_1_1' title="bbox 438 247 1077 312">
     <span class='ocr_line' id='line_1_1' title="bbox 438 247 1077 312; baseline 0.009 -8"><span class='ocrx_word' id='word_1_1' title='bbox 438 259 505 306; x_wconf 82' lang='lat' dir='ltr'><strong>nun.</strong></span> <span class='ocrx_word' id='word_1_2' title='bbox 524 258 598 304; x_wconf 87' lang='lat' dir='ltr'><strong>vnr.</strong></span> <span class='ocrx_word' id='word_1_3' title='bbox 617 257 691 306; x_wconf 76' lang='lat' dir='ltr'><strong>ose.</strong></span> <span class='ocrx_word' id='word_1_4' title='bbox 707 258 759 306; x_wconf 89' lang='lat'><strong>111.</strong></span> <span class='ocrx_word' id='word_1_5' title='bbox 1018 247 1077 312; x_wconf 80' lang='lat'><strong>331</strong></span> 
     </span>
    </p>
   </div>
   <div class='ocr_carea' id='block_1_2' title="bbox 33 402 1157 3581">
    <p class='ocr_par' dir='ltr' id='par_1_2' title="bbox 33 402 1157 3581">
     <span class='ocr_line' id='line_1_2' title="bbox 91 402 1082 490; baseline 0 -15"><span class='ocrx_word' id='word_1_6' title='bbox 91 416 147 475; x_wconf 91' lang='lat' dir='ltr'><strong>tius</strong></span> <span class='ocrx_word' id='word_1_7' title='bbox 163 421 290 490; x_wconf 90' lang='lat' dir='ltr'><strong>aptatur:</strong></span> <span class='ocrx_word' id='word_1_8' title='bbox 314 420 352 487; x_wconf 90' lang='lat' dir='ltr'><strong>et,</strong></span> <span class='ocrx_word' id='word_1_9' title='bbox 369 410 394 469; x_wconf 92' lang='lat' dir='ltr'><strong>si</strong></span> <span class='ocrx_word' id='word_1_10' title='bbox 407 402 502 470; x_wconf 87' lang='lat' dir='ltr'><strong>caries</strong></span> <span class='ocrx_word' id='word_1_11' title='bbox 517 409 626 487; x_wconf 89' lang='lat' dir='ltr'><strong>subest,</strong></span> <span class='ocrx_word' id='word_1_12' title='bbox 642 409 753 470; x_wconf 89' lang='lat' dir='ltr'><strong>medius</strong></span> <span class='ocrx_word' id='word_1_13' title='bbox 778 410 878 471; x_wconf 84' lang='lat' dir='ltr'><strong>clavus</strong></span> <span class='ocrx_word' id='word_1_14' title='bbox 901 412 929 470; x_wconf 92' lang='lat' dir='ltr'><strong>in</strong></span> <span class='ocrx_word' id='word_1_15' title='bbox 950 413 1082 475; x_wconf 83' lang='lat' dir='ltr'><strong>foramen</strong></span> 
     </span>
     <span class='ocr_line' id='line_1_3' title="bbox 92 493 1082 576; baseline -0.002 -18"><span class='ocrx_word' id='word_1_16' title='bbox 92 496 264 564; x_wconf 90' lang='lat' dir='ltr'><strong>demittitur;</strong></span> <span class='ocrx_word' id='word_1_17' title='bbox 284 496 308 554; x_wconf 92' lang='lat' dir='ltr'><strong>si</strong></span> <span class='ocrx_word' id='word_1_18' title='bbox 327 494 470 570; x_wconf 72' lang='lat' dir='ltr'><strong>nigrities,</strong></span> <span class='ocrx_word' id='word_1_19' title='bbox 489 493 597 569; x_wconf 80' lang='lat' dir='ltr'><strong>angulo</strong></span> <span class='ocrx_word' id='word_1_20' title='bbox 611 493 719 572; x_wconf 88' lang='lat' dir='ltr'><strong>scalpri</strong></span> <span class='ocrx_word' id='word_1_21' title='bbox 734 494 814 554; x_wconf 89' lang='lat' dir='ltr'><strong>sinus</strong></span> <span class='ocrx_word' id='word_1_22' title='bbox 831 495 954 571; x_wconf 74' lang='lat' dir='ltr'><strong>exiguus</strong></span> <span class='ocrx_word' id='word_1_23' title='bbox 976 495 1017 571; x_wconf 88' lang='lat' dir='ltr'><strong>iit,</strong></span> <span class='ocrx_word' id='word_1_24' title='bbox 1034 499 1082 576; x_wconf 88' lang='lat' dir='ltr'><strong>qni</strong></span> 
     </span>
     <span class='ocr_line' id='line_1_4' title="bbox 92 577 1081 657; baseline 0 -16"><span class='ocrx_word' id='word_1_25' title='bbox 92 583 204 641; x_wconf 89' lang='lat' dir='ltr'><strong>clavum</strong></span> <span class='ocrx_word' id='word_1_26' title='bbox 219 579 358 657; x_wconf 85' lang='lat' dir='ltr'><strong>recipiat,</strong></span> <span class='ocrx_word' id='word_1_27' title='bbox 377 586 458 636; x_wconf 93' lang='lat' dir='ltr'><strong>uteo</strong></span> <span class='ocrx_word' id='word_1_28' title='bbox 475 577 635 654; x_wconf 81' lang='lat' dir='ltr'><strong>insistente,</strong></span> <span class='ocrx_word' id='word_1_29' title='bbox 654 578 844 637; x_wconf 89' lang='lat' dir='ltr'><strong>circumactus</strong></span> <span class='ocrx_word' id='word_1_30' title='bbox 865 577 1008 639; x_wconf 92' lang='lat' dir='ltr'><strong>modiolus</strong></span> <span class='ocrx_word' id='word_1_31' title='bbox 1031 580 1081 641; x_wconf 87' lang='lat' dir='ltr'><strong>de·</strong></span> 
     </span>
     <span class='ocr_line' id='line_1_5' title="bbox 92 659 1079 740; baseline -0.002 -15"><span class='ocrx_word' id='word_1_32' title='bbox 92 666 149 725; x_wconf 88' lang='lat' dir='ltr'><strong>labi</strong></span> <span class='ocrx_word' id='word_1_33' title='bbox 165 680 221 722; x_wconf 92' lang='lat' dir='ltr'><strong>non</strong></span> <span class='ocrx_word' id='word_1_34' title='bbox 238 664 345 739; x_wconf 92' lang='lat' dir='ltr'><strong>possit:</strong></span> <span class='ocrx_word' id='word_1_35' title='bbox 368 660 472 720; x_wconf 90' lang='lat' dir='ltr'><strong>deinde</strong></span> <span class='ocrx_word' id='word_1_36' title='bbox 489 661 513 740; x_wconf 87' lang='lat' dir='ltr'><strong>is</strong></span> <span class='ocrx_word' id='word_1_37' title='bbox 528 659 654 738; x_wconf 90' lang='lat' dir='ltr'><strong>habena,</strong></span> <span class='ocrx_word' id='word_1_38' title='bbox 679 661 762 738; x_wconf 91' lang='lat' dir='ltr'><strong>quasi</strong></span> <span class='ocrx_word' id='word_1_39' title='bbox 783 661 913 739; x_wconf 89' lang='lat' dir='ltr'><strong>terebra,</strong></span> <span class='ocrx_word' id='word_1_40' title='bbox 935 663 1079 723; x_wconf 88' lang='lat' dir='ltr'><strong>converti·</strong></span> 
     </span>
     <span class='ocr_line' id='line_1_6' title="bbox 69 743 1079 824; baseline 0.004 -22"><span class='ocrx_word' id='word_1_41' title='bbox 69 758 145 808; x_wconf 84' lang='lat' dir='ltr'><strong>stur.</strong></span> <span class='ocrx_word' id='word_1_42' title='bbox 181 747 293 824; x_wconf 84' lang='lat' dir='ltr'><strong>llstque</strong></span> <span class='ocrx_word' id='word_1_43' title='bbox 323 744 435 822; x_wconf 86' lang='lat' dir='ltr'><strong>quidam</strong></span> <span class='ocrx_word' id='word_1_44' title='bbox 458 744 607 822; x_wconf 93' lang='lat' dir='ltr'><strong>premendi</strong></span> <span class='ocrx_word' id='word_1_45' title='bbox 627 743 745 819; x_wconf 93' lang='lat' dir='ltr'><strong>modus,</strong></span> <span class='ocrx_word' id='word_1_46' title='bbox 771 751 800 802; x_wconf 88' lang='lat' dir='ltr'><strong>ut</strong></span> <span class='ocrx_word' id='word_1_47' title='bbox 818 753 846 803; x_wconf 90' lang='lat' dir='ltr'><strong>et</strong></span> <span class='ocrx_word' id='word_1_48' title='bbox 863 744 956 820; x_wconf 87' lang='lat' dir='ltr'><strong>ieret,</strong></span> <span class='ocrx_word' id='word_1_49' title='bbox 980 755 1008 805; x_wconf 92' lang='lat' dir='ltr'><strong>et</strong></span> <span class='ocrx_word' id='word_1_50' title='bbox 1026 747 1079 806; x_wconf 88' lang='lat' dir='ltr'><strong>cir·</strong></span> 
     </span>
     <span class='ocr_line' id='line_1_7' title="bbox 94 828 1080 907; baseline 0 -18"><span class='ocrx_word' id='word_1_51' title='bbox 94 839 272 906; x_wconf 77' lang='lat' dir='ltr'><strong>cumagatur:</strong></span> <span class='ocrx_word' id='word_1_52' title='bbox 298 829 380 907; x_wconf 87' lang='lat' dir='ltr'><strong>quia,</strong></span> <span class='ocrx_word' id='word_1_53' title='bbox 402 829 428 887; x_wconf 94' lang='lat' dir='ltr'><strong>si</strong></span> <span class='ocrx_word' id='word_1_54' title='bbox 449 828 556 887; x_wconf 88' lang='lat' dir='ltr'><strong>leviter</strong></span> <span class='ocrx_word' id='word_1_55' title='bbox 577 828 761 904; x_wconf 87' lang='lat' dir='ltr'><strong>imprimitur,</strong></span> <span class='ocrx_word' id='word_1_56' title='bbox 780 845 879 906; x_wconf 87' lang='lat' dir='ltr'><strong>parum</strong></span> <span class='ocrx_word' id='word_1_57' title='bbox 892 828 1023 907; x_wconf 76' lang='lat' dir='ltr'><strong>prolicit:</strong></span> <span class='ocrx_word' id='word_1_58' title='bbox 1056 831 1080 890; x_wconf 94' lang='lat' dir='ltr'><strong>si</strong></span> 
     </span>
     <span class='ocr_line' id='line_1_8' title="bbox 92 909 1079 992; baseline 0.001 -20"><span class='ocrx_word' id='word_1_59' title='bbox 92 913 230 992; x_wconf 78' lang='lat' dir='ltr'><strong>graviter,</strong></span> <span class='ocrx_word' id='word_1_60' title='bbox 249 929 306 971; x_wconf 91' lang='lat' dir='ltr'><strong>non</strong></span> <span class='ocrx_word' id='word_1_61' title='bbox 321 919 463 970; x_wconf 85' lang='lat' dir='ltr'><strong>movetur.</strong></span> <span class='ocrx_word' id='word_1_62' title='bbox 487 909 590 988; x_wconf 84' lang='lat' dir='ltr'><strong>Neque</strong></span> <span class='ocrx_word' id='word_1_63' title='bbox 608 911 730 973; x_wconf 86' lang='lat' dir='ltr'><strong>alienum</strong></span> <span class='ocrx_word' id='word_1_64' title='bbox 747 919 791 970; x_wconf 92' lang='lat' dir='ltr'><strong>est</strong></span> <span class='ocrx_word' id='word_1_65' title='bbox 806 911 947 973; x_wconf 90' lang='lat' dir='ltr'><strong>instillare</strong></span> <span class='ocrx_word' id='word_1_66' title='bbox 965 913 1079 991; x_wconf 84' lang='lat' dir='ltr'><strong>paulum</strong></span> 
     </span>
     <span class='ocr_line' id='line_1_9' title="bbox 91 994 1078 1074; baseline 0.001 -18"><span class='ocrx_word' id='word_1_67' title='bbox 91 1015 177 1058; x_wconf 88' lang='lat' dir='ltr'><strong>rosae</strong></span> <span class='ocrx_word' id='word_1_68' title='bbox 206 996 254 1055; x_wconf 84' lang='lat' dir='ltr'><strong>vel</strong></span> <span class='ocrx_word' id='word_1_69' title='bbox 286 994 386 1071; x_wconf 91' lang='lat' dir='ltr'><strong>lactis,</strong></span> <span class='ocrx_word' id='word_1_70' title='bbox 418 1012 475 1073; x_wconf 92' lang='lat' dir='ltr'><strong>quo</strong></span> <span class='ocrx_word' id='word_1_71' title='bbox 503 996 594 1072; x_wconf 79' lang='lat' dir='ltr'><strong>magis</strong></span> <span class='ocrx_word' id='word_1_72' title='bbox 622 994 732 1054; x_wconf 91' lang='lat' dir='ltr'><strong>lubrico</strong></span> <span class='ocrx_word' id='word_1_73' title='bbox 757 996 982 1072; x_wconf 80' lang='lat' dir='ltr'><strong>circumagatur;</strong></span> <span class='ocrx_word' id='word_1_74' title='bbox 1002 996 1078 1074; x_wconf 92' lang='lat' dir='ltr'><strong>quod</strong></span> 
     </span>
     <span class='ocr_line' id='line_1_10' title="bbox 90 1078 1077 1160; baseline -0.002 -18"><span class='ocrx_word' id='word_1_75' title='bbox 90 1085 182 1160; x_wconf 90' lang='lat' dir='ltr'><strong>ipsum</strong></span> <span class='ocrx_word' id='word_1_76' title='bbox 210 1088 317 1154; x_wconf 89' lang='lat' dir='ltr'><strong>tamen,</strong></span> <span class='ocrx_word' id='word_1_77' title='bbox 344 1081 367 1137; x_wconf 93' lang='lat' dir='ltr'><strong>si</strong></span> <span class='ocrx_word' id='word_1_78' title='bbox 395 1079 542 1157; x_wconf 84' lang='lat' dir='ltr'><strong>copiosius</strong></span> <span class='ocrx_word' id='word_1_79' title='bbox 565 1087 624 1155; x_wconf 89' lang='lat' dir='ltr'><strong>est,</strong></span> <span class='ocrx_word' id='word_1_80' title='bbox 653 1079 744 1138; x_wconf 90' lang='lat' dir='ltr'><strong>aciem</strong></span> <span class='ocrx_word' id='word_1_81' title='bbox 768 1078 934 1139; x_wconf 76' lang='lat' dir='ltr'><strong>ferramenti</strong></span> <span class='ocrx_word' id='word_1_82' title='bbox 951 1079 1077 1141; x_wconf 88' lang='lat' dir='ltr'><strong>hebetat.</strong></span> 
     </span>
     <span class='ocr_line' id='line_1_11' title="bbox 57 1161 1077 1240; baseline 0 -16"><span class='ocrx_word' id='word_1_83' title='bbox 57 1165 147 1227; x_wconf 83' lang='lat' dir='ltr'><strong>rollbi</strong></span> <span class='ocrx_word' id='word_1_84' title='bbox 163 1166 223 1240; x_wconf 79' lang='lat' dir='ltr'><strong>Jam</strong></span> <span class='ocrx_word' id='word_1_85' title='bbox 245 1164 300 1222; x_wconf 91' lang='lat' dir='ltr'><strong>iter</strong></span> <span class='ocrx_word' id='word_1_86' title='bbox 321 1163 449 1223; x_wconf 90' lang='lat' dir='ltr'><strong>modiolo</strong></span> <span class='ocrx_word' id='word_1_87' title='bbox 468 1164 637 1240; x_wconf 89' lang='lat' dir='ltr'><strong>impressum</strong></span> <span class='ocrx_word' id='word_1_88' title='bbox 655 1170 715 1236; x_wconf 89' lang='lat' dir='ltr'><strong>est,</strong></span> <span class='ocrx_word' id='word_1_89' title='bbox 731 1161 841 1221; x_wconf 89' lang='lat' dir='ltr'><strong>medius</strong></span> <span class='ocrx_word' id='word_1_90' title='bbox 862 1163 962 1222; x_wconf 86' lang='lat' dir='ltr'><strong>clavus</strong></span> <span class='ocrx_word' id='word_1_91' title='bbox 981 1162 1077 1224; x_wconf 83' lang='lat' dir='ltr'><strong>educi·</strong></span> 
     </span>
     <span class='ocr_line' id='line_1_12' title="bbox 91 1245 1077 1326; baseline 0 -18"><span class='ocrx_word' id='word_1_92' title='bbox 91 1260 146 1324; x_wconf 90' lang='lat' dir='ltr'><strong>tur,</strong></span> <span class='ocrx_word' id='word_1_93' title='bbox 163 1258 192 1307; x_wconf 91' lang='grc' dir='ltr'><strong>ιι</strong></span> <span class='ocrx_word' id='word_1_94' title='bbox 209 1247 259 1307; x_wconf 92' lang='lat' dir='ltr'><strong>ille</strong></span> <span class='ocrx_word' id='word_1_95' title='bbox 272 1264 325 1324; x_wconf 88' lang='lat' dir='ltr'><strong>per</strong></span> <span class='ocrx_word' id='word_1_96' title='bbox 338 1265 370 1305; x_wconf 93' lang='lat' dir='ltr'><strong>se</strong></span> <span class='ocrx_word' id='word_1_97' title='bbox 384 1248 491 1323; x_wconf 82' lang='lat' dir='ltr'><strong>agitur:</strong></span> <span class='ocrx_word' id='word_1_98' title='bbox 508 1245 622 1322; x_wconf 92' lang='lat' dir='ltr'><strong>deinde,</strong></span> <span class='ocrx_word' id='word_1_99' title='bbox 637 1262 722 1322; x_wconf 93' lang='lat' dir='ltr'><strong>quum</strong></span> <span class='ocrx_word' id='word_1_100' title='bbox 734 1246 840 1305; x_wconf 83' lang='lat' dir='ltr'><strong>sanitas</strong></span> <span class='ocrx_word' id='word_1_101' title='bbox 852 1246 997 1307; x_wconf 82' lang='lat' dir='ltr'><strong>inferioris</strong></span> <span class='ocrx_word' id='word_1_102' title='bbox 1007 1264 1077 1326; x_wconf 84' lang='lat' dir='ltr'><strong>par·</strong></span> 
     </span>
     <span class='ocr_line' id='line_1_13' title="bbox 92 1327 1077 1406; baseline 0.002 -17"><span class='ocrx_word' id='word_1_103' title='bbox 92 1334 128 1390; x_wconf 92' lang='lat' dir='ltr'><strong>tis</strong></span> <span class='ocrx_word' id='word_1_104' title='bbox 145 1331 236 1391; x_wconf 91' lang='lat' dir='ltr'><strong>scobe</strong></span> <span class='ocrx_word' id='word_1_105' title='bbox 253 1330 368 1406; x_wconf 83' lang='lat' dir='ltr'><strong>cognita</strong></span> <span class='ocrx_word' id='word_1_106' title='bbox 386 1339 441 1405; x_wconf 91' lang='lat' dir='ltr'><strong>est,</strong></span> <span class='ocrx_word' id='word_1_107' title='bbox 461 1328 603 1388; x_wconf 89' lang='lat' dir='ltr'><strong>modiolus</strong></span> <span class='ocrx_word' id='word_1_108' title='bbox 617 1338 793 1388; x_wconf 88' lang='lat' dir='ltr'><strong>removetur.</strong></span> <span class='ocrx_word' id='word_1_109' title='bbox 823 1327 863 1388; x_wconf 84' lang='lat' dir='ltr'><strong>At</strong></span> <span class='ocrx_word' id='word_1_110' title='bbox 885 1331 909 1388; x_wconf 93' lang='lat' dir='ltr'><strong>si</strong></span> <span class='ocrx_word' id='word_1_111' title='bbox 932 1329 1077 1391; x_wconf 81' lang='lat' dir='ltr'><strong>latius-vi·</strong></span> 
     </span>
     <span class='ocr_line' id='line_1_14' title="bbox 92 1411 1077 1491; baseline 0.002 -18"><span class='ocrx_word' id='word_1_112' title='bbox 92 1416 164 1491; x_wconf 19' lang='lat' dir='ltr'><strong>tium,</strong></span> <span class='ocrx_word' id='word_1_113' title='bbox 176 1422 239 1490; x_wconf 90' lang='lat' dir='ltr'><strong>est,</strong></span> <span class='ocrx_word' id='word_1_114' title='bbox 255 1429 338 1490; x_wconf 86' lang='lat' dir='ltr'><strong>quum</strong></span> <span class='ocrx_word' id='word_1_115' title='bbox 355 1422 385 1471; x_wconf 92' lang='lat' dir='ltr'><strong>ut</strong></span> <span class='ocrx_word' id='word_1_116' title='bbox 400 1412 450 1471; x_wconf 94' lang='lat' dir='ltr'><strong>illo</strong></span> <span class='ocrx_word' id='word_1_117' title='bbox 470 1412 745 1490; x_wconf 82' lang='lat' dir='ltr'><strong>comprehendatur,</strong></span> <span class='ocrx_word' id='word_1_118' title='bbox 769 1411 884 1472; x_wconf 88' lang='lat' dir='ltr'><strong>terebra</strong></span> <span class='ocrx_word' id='word_1_119' title='bbox 899 1431 948 1472; x_wconf 93' lang='lat' dir='ltr'><strong>res</strong></span> <span class='ocrx_word' id='word_1_120' title='bbox 964 1414 1077 1491; x_wconf 80' lang='lat' dir='ltr'><strong>agenda</strong></span> 
     </span>
     <span class='ocr_line' id='line_1_15' title="bbox 93 1495 1075 1574; baseline 0.001 -18"><span class='ocrx_word' id='word_1_121' title='bbox 93 1506 145 1558; x_wconf 89' lang='lat' dir='ltr'><strong>est.</strong></span> <span class='ocrx_word' id='word_1_122' title='bbox 176 1495 220 1556; x_wconf 81' lang='lat' dir='ltr'><strong>lla</strong></span> <span class='ocrx_word' id='word_1_123' title='bbox 242 1496 372 1555; x_wconf 82' lang='lat' dir='ltr'><strong>foramen</strong></span> <span class='ocrx_word' id='word_1_124' title='bbox 394 1496 424 1556; x_wconf 87' lang='lat' dir='ltr'><strong>lit</strong></span> <span class='ocrx_word' id='word_1_125' title='bbox 443 1496 472 1555; x_wconf 93' lang='lat' dir='ltr'><strong>in</strong></span> <span class='ocrx_word' id='word_1_126' title='bbox 489 1498 554 1574; x_wconf 91' lang='lat' dir='ltr'><strong>ipso</strong></span> <span class='ocrx_word' id='word_1_127' title='bbox 569 1496 625 1556; x_wconf 88' lang='lat' dir='ltr'><strong>line</strong></span> <span class='ocrx_word' id='word_1_128' title='bbox 645 1497 741 1555; x_wconf 87' lang='lat' dir='ltr'><strong>vitiosi</strong></span> <span class='ocrx_word' id='word_1_129' title='bbox 764 1498 840 1554; x_wconf 91' lang='lat' dir='ltr'><strong>ossis</strong></span> <span class='ocrx_word' id='word_1_130' title='bbox 855 1505 941 1574; x_wconf 86' lang='lat' dir='ltr'><strong>atque</strong></span> <span class='ocrx_word' id='word_1_131' title='bbox 956 1497 1075 1574; x_wconf 60' lang='lat' dir='ltr'><strong>integrm</strong></span> 
     </span>
     <span class='ocr_line' id='line_1_16' title="bbox 57 1578 1076 1657; baseline -0.002 -15"><span class='ocrx_word' id='word_1_132' title='bbox 57 1602 80 1642; x_wconf 81' lang='grc' dir='ltr'><strong>ιι</strong></span> <span class='ocrx_word' id='word_1_133' title='bbox 92 1581 196 1641; x_wconf 89' lang='lat' dir='ltr'><strong>deinde</strong></span> <span class='ocrx_word' id='word_1_134' title='bbox 212 1579 332 1639; x_wconf 89' lang='lat' dir='ltr'><strong>alterum</strong></span> <span class='ocrx_word' id='word_1_135' title='bbox 348 1596 405 1638; x_wconf 91' lang='lat' dir='ltr'><strong>non</strong></span> <span class='ocrx_word' id='word_1_136' title='bbox 423 1580 461 1639; x_wconf 93' lang='lat' dir='ltr'><strong>ita</strong></span> <span class='ocrx_word' id='word_1_137' title='bbox 476 1579 575 1656; x_wconf 83' lang='lat' dir='ltr'><strong>longe,</strong></span> <span class='ocrx_word' id='word_1_138' title='bbox 591 1582 773 1657; x_wconf 89' lang='lat' dir='ltr'><strong>tertiumque,</strong></span> <span class='ocrx_word' id='word_1_139' title='bbox 789 1578 883 1639; x_wconf 89' lang='lat' dir='ltr'><strong>donec</strong></span> <span class='ocrx_word' id='word_1_140' title='bbox 897 1587 975 1640; x_wconf 88' lang='lat' dir='ltr'><strong>totus</strong></span> <span class='ocrx_word' id='word_1_141' title='bbox 993 1582 1016 1639; x_wconf 92' lang='lat' dir='ltr'><strong>is</strong></span> <span class='ocrx_word' id='word_1_142' title='bbox 1034 1580 1076 1640; x_wconf 93' lang='lat' dir='ltr'><strong>lo·</strong></span> 
     </span>
     <span class='ocr_line' id='line_1_17' title="bbox 92 1662 1076 1742; baseline -0.001 -18"><span class='ocrx_word' id='word_1_143' title='bbox 92 1683 152 1740; x_wconf 88' lang='lat' dir='ltr'><strong>cns,</strong></span> <span class='ocrx_word' id='word_1_144' title='bbox 176 1664 223 1742; x_wconf 91' lang='lat' dir='ltr'><strong>qui</strong></span> <span class='ocrx_word' id='word_1_145' title='bbox 245 1662 421 1723; x_wconf 84' lang='lat' dir='ltr'><strong>excidendus</strong></span> <span class='ocrx_word' id='word_1_146' title='bbox 443 1673 503 1739; x_wconf 89' lang='lat' dir='ltr'><strong>est,</strong></span> <span class='ocrx_word' id='word_1_147' title='bbox 530 1664 575 1722; x_wconf 94' lang='lat' dir='ltr'><strong>bis</strong></span> <span class='ocrx_word' id='word_1_148' title='bbox 605 1664 684 1723; x_wconf 86' lang='lat' dir='ltr'><strong>cavis</strong></span> <span class='ocrx_word' id='word_1_149' title='bbox 709 1665 820 1723; x_wconf 91' lang='lat' dir='ltr'><strong>cinctus</strong></span> <span class='ocrx_word' id='word_1_150' title='bbox 842 1664 888 1723; x_wconf 91' lang='lat' dir='ltr'><strong>sit.</strong></span> <span class='ocrx_word' id='word_1_151' title='bbox 920 1663 1017 1742; x_wconf 82' lang='lat' dir='ltr'><strong>Atque</strong></span> <span class='ocrx_word' id='word_1_152' title='bbox 1036 1664 1076 1724; x_wconf 93' lang='lat' dir='ltr'><strong>ibi</strong></span> 
     </span>
     <span class='ocr_line' id='line_1_18' title="bbox 91 1745 1075 1824; baseline 0 -18"><span class='ocrx_word' id='word_1_153' title='bbox 91 1765 219 1824; x_wconf 90' lang='lat' dir='ltr'><strong>quoque,</strong></span> <span class='ocrx_word' id='word_1_154' title='bbox 235 1755 375 1824; x_wconf 93' lang='lat' dir='ltr'><strong>quatenns</strong></span> <span class='ocrx_word' id='word_1_155' title='bbox 390 1746 505 1807; x_wconf 91' lang='lat' dir='ltr'><strong>terebra</strong></span> <span class='ocrx_word' id='word_1_156' title='bbox 522 1746 634 1823; x_wconf 83' lang='lat' dir='ltr'><strong>agenda</strong></span> <span class='ocrx_word' id='word_1_157' title='bbox 651 1749 703 1823; x_wconf 78' lang='lat' dir='ltr'><strong>sit,</strong></span> <span class='ocrx_word' id='word_1_158' title='bbox 717 1746 817 1806; x_wconf 92' lang='lat' dir='ltr'><strong>scobis</strong></span> <span class='ocrx_word' id='word_1_159' title='bbox 830 1745 981 1823; x_wconf 77' lang='lat' dir='ltr'><strong>significat.</strong></span> <span class='ocrx_word' id='word_1_160' title='bbox 1006 1747 1075 1806; x_wconf 86' lang='lat' dir='ltr'><strong>Tum</strong></span> 
     </span>
     <span class='ocr_line' id='line_1_19' title="bbox 92 1829 1074 1908; baseline 0.003 -20"><span class='ocrx_word' id='word_1_161' title='bbox 92 1831 254 1890; x_wconf 73' lang='lat' dir='ltr'><strong>excisorius</strong></span> <span class='ocrx_word' id='word_1_162' title='bbox 279 1830 397 1908; x_wconf 85' lang='lat' dir='ltr'><strong>scalper</strong></span> <span class='ocrx_word' id='word_1_163' title='bbox 418 1830 454 1890; x_wconf 88' lang='lat' dir='ltr'><strong>ab</strong></span> <span class='ocrx_word' id='word_1_164' title='bbox 478 1831 573 1890; x_wconf 88' lang='lat' dir='ltr'><strong>altero·</strong></span> <span class='ocrx_word' id='word_1_165' title='bbox 592 1830 733 1889; x_wconf 88' lang='lat' dir='ltr'><strong>foramine</strong></span> <span class='ocrx_word' id='word_1_166' title='bbox 750 1829 785 1889; x_wconf 86' lang='lat' dir='ltr'><strong>ad</strong></span> <span class='ocrx_word' id='word_1_167' title='bbox 803 1829 923 1890; x_wconf 85' lang='lat' dir='ltr'><strong>alterum</strong></span> <span class='ocrx_word' id='word_1_168' title='bbox 937 1829 1074 1899; x_wconf 85' lang='lat' dir='ltr'><strong>malleolo</strong></span> 
     </span>
     <span class='ocr_line' id='line_1_20' title="bbox 90 1913 1075 1992; baseline 0.001 -20"><span class='ocrx_word' id='word_1_169' title='bbox 90 1914 218 1988; x_wconf 86' lang='lat' dir='ltr'><strong>aductus,</strong></span> <span class='ocrx_word' id='word_1_170' title='bbox 233 1913 272 1990; x_wconf 93' lang='lat' dir='ltr'><strong>id,</strong></span> <span class='ocrx_word' id='word_1_171' title='bbox 290 1913 366 1991; x_wconf 88' lang='lat' dir='ltr'><strong>quod</strong></span> <span class='ocrx_word' id='word_1_172' title='bbox 380 1916 453 1974; x_wconf 89' lang='lat' dir='ltr'><strong>inter</strong></span> <span class='ocrx_word' id='word_1_173' title='bbox 468 1923 617 1992; x_wconf 91' lang='lat' dir='ltr'><strong>utrumque</strong></span> <span class='ocrx_word' id='word_1_174' title='bbox 631 1913 753 1973; x_wconf 91' lang='lat' dir='ltr'><strong>medium</strong></span> <span class='ocrx_word' id='word_1_175' title='bbox 765 1922 824 1989; x_wconf 91' lang='lat' dir='ltr'><strong>est,</strong></span> <span class='ocrx_word' id='word_1_176' title='bbox 843 1913 964 1983; x_wconf 86' lang='lat' dir='ltr'><strong>excidit;</strong></span> <span class='ocrx_word' id='word_1_177' title='bbox 982 1931 1017 1973; x_wconf 89' lang='lat' dir='ltr'><strong>ac</strong></span> <span class='ocrx_word' id='word_1_178' title='bbox 1032 1915 1075 1974; x_wconf 92' lang='lat' dir='ltr'><strong>sie</strong></span> 
     </span>
     <span class='ocr_line' id='line_1_21' title="bbox 55 1995 1074 2076; baseline 0.002 -20"><span class='ocrx_word' id='word_1_179' title='bbox 55 1996 210 2061; x_wconf 70' lang='lat' dir='ltr'><strong>coambitus</strong></span> <span class='ocrx_word' id='word_1_180' title='bbox 233 1996 332 2057; x_wconf 92' lang='lat' dir='ltr'><strong>similis</strong></span> <span class='ocrx_word' id='word_1_181' title='bbox 356 1999 382 2056; x_wconf 89' lang='lat' dir='ltr'><strong>ei</strong></span> <span class='ocrx_word' id='word_1_182' title='bbox 405 1999 451 2072; x_wconf 86' lang='lat' dir='ltr'><strong>iit,</strong></span> <span class='ocrx_word' id='word_1_183' title='bbox 481 1998 577 2076; x_wconf 91' lang='lat' dir='ltr'><strong>quiin</strong></span> <span class='ocrx_word' id='word_1_184' title='bbox 604 1999 797 2074; x_wconf 82' lang='lat' dir='ltr'><strong>angustiorem</strong></span> <span class='ocrx_word' id='word_1_185' title='bbox 822 1996 922 2056; x_wconf 92' lang='lat' dir='ltr'><strong>orbem</strong></span> <span class='ocrx_word' id='word_1_186' title='bbox 946 1995 1074 2063; x_wconf 91' lang='lat' dir='ltr'><strong>modiolo</strong></span> 
     </span>
     <span class='ocr_line' id='line_1_22' title="bbox 91 2080 1073 2160; baseline 0.002 -21"><span class='ocrx_word' id='word_1_187' title='bbox 91 2081 267 2158; x_wconf 86' lang='lat' dir='ltr'><strong>imprimitur.</strong></span> <span class='ocrx_word' id='word_1_188' title='bbox 299 2081 372 2141; x_wconf 90' lang='lat' dir='ltr'><strong>Utro</strong></span> <span class='ocrx_word' id='word_1_189' title='bbox 394 2080 479 2141; x_wconf 92' lang='lat' dir='ltr'><strong>modo</strong></span> <span class='ocrx_word' id='word_1_190' title='bbox 495 2080 607 2141; x_wconf 89' lang='lat' dir='ltr'><strong>veroid</strong></span> <span class='ocrx_word' id='word_1_191' title='bbox 624 2081 846 2140; x_wconf 86' lang='lat' dir='ltr'><strong>circumductum</strong></span> <span class='ocrx_word' id='word_1_192' title='bbox 862 2089 916 2157; x_wconf 89' lang='lat' dir='ltr'><strong>cst,</strong></span> <span class='ocrx_word' id='word_1_193' title='bbox 933 2080 1008 2160; x_wconf 89' lang='lat' dir='ltr'><strong>idem</strong></span> <span class='ocrx_word' id='word_1_194' title='bbox 1024 2099 1073 2141; x_wconf 88' lang='lat' dir='ltr'><strong>ex·</strong></span> 
     </span>
     <span class='ocr_line' id='line_1_23' title="bbox 91 2159 1125 2244; baseline 0 -20"><span class='ocrx_word' id='word_1_195' title='bbox 91 2165 213 2224; x_wconf 87' lang='lat' dir='ltr'><strong>cisorius</strong></span> <span class='ocrx_word' id='word_1_196' title='bbox 231 2163 347 2242; x_wconf 78' lang='lat' dir='ltr'><strong>scalper</strong></span> <span class='ocrx_word' id='word_1_197' title='bbox 362 2166 390 2223; x_wconf 91' lang='lat' dir='ltr'><strong>in</strong></span> <span class='ocrx_word' id='word_1_198' title='bbox 408 2183 475 2225; x_wconf 92' lang='lat' dir='ltr'><strong>osse</strong></span> <span class='ocrx_word' id='word_1_199' title='bbox 492 2173 628 2242; x_wconf 90' lang='lat' dir='ltr'><strong>corrupto</strong></span> <span class='ocrx_word' id='word_1_200' title='bbox 646 2165 748 2244; x_wconf 88' lang='lat' dir='ltr'><strong>planus</strong></span> <span class='ocrx_word' id='word_1_201' title='bbox 771 2159 907 2223; x_wconf 88' lang='lat' dir='ltr'><strong>summam</strong></span> <span class='ocrx_word' id='word_1_202' title='bbox 932 2181 1074 2244; x_wconf 88' lang='lat' dir='ltr'><strong>quamque</strong></span> <span class='ocrx_word' id='word_1_203' title='bbox 1122 2193 1125 2198; x_wconf 93' lang='lat'>·</span> 
     </span>
     <span class='ocr_line' id='line_1_24' title="bbox 89 2246 1073 2327; baseline 0.001 -21"><span class='ocrx_word' id='word_1_204' title='bbox 89 2256 191 2306; x_wconf 88' lang='lat' dir='ltr'><strong>testam</strong></span> <span class='ocrx_word' id='word_1_205' title='bbox 210 2246 316 2322; x_wconf 80' lang='lat' dir='ltr'><strong>laevet,</strong></span> <span class='ocrx_word' id='word_1_206' title='bbox 333 2248 425 2310; x_wconf 91' lang='lat' dir='ltr'><strong>donec</strong></span> <span class='ocrx_word' id='word_1_207' title='bbox 441 2251 581 2326; x_wconf 80' lang='lat' dir='ltr'><strong>integrum</strong></span> <span class='ocrx_word' id='word_1_208' title='bbox 597 2265 631 2307; x_wconf 93' lang='lat' dir='ltr'><strong>os</strong></span> <span class='ocrx_word' id='word_1_209' title='bbox 652 2248 838 2326; x_wconf 88' lang='lat' dir='ltr'><strong>relinquatur.</strong></span> <span class='ocrx_word' id='word_1_210' title='bbox 869 2248 926 2308; x_wconf 90' lang='lat' dir='ltr'><strong>Vix</strong></span> <span class='ocrx_word' id='word_1_211' title='bbox 941 2265 1073 2327; x_wconf 91' lang='lat' dir='ltr'><strong>umquam</strong></span> 
     </span>
     <span class='ocr_line' id='line_1_25' title="bbox 91 2329 1157 2408; baseline 0.003 -21"><span class='ocrx_word' id='word_1_212' title='bbox 91 2332 220 2407; x_wconf 83' lang='lat' dir='ltr'><strong>nigrities</strong></span> <span class='ocrx_word' id='word_1_213' title='bbox 229 2330 334 2405; x_wconf 86' lang='lat' dir='ltr'><strong>caries,</strong></span> <span class='ocrx_word' id='word_1_214' title='bbox 347 2329 488 2388; x_wconf 92' lang='lat' dir='ltr'><strong>interdum</strong></span> <span class='ocrx_word' id='word_1_215' title='bbox 501 2337 591 2388; x_wconf 92' lang='lat' dir='ltr'><strong>totum</strong></span> <span class='ocrx_word' id='word_1_216' title='bbox 604 2347 637 2388; x_wconf 92' lang='lat' dir='ltr'><strong>os</strong></span> <span class='ocrx_word' id='word_1_217' title='bbox 649 2333 822 2408; x_wconf 80' lang='lat' dir='ltr'><strong>perrumpit:</strong></span> <span class='ocrx_word' id='word_1_218' title='bbox 836 2332 1015 2408; x_wconf 84' lang='lat' dir='ltr'><strong>maximeque</strong></span> <span class='ocrx_word' id='word_1_219' title='bbox 1024 2330 1073 2392; x_wconf 93' lang='lat' dir='ltr'><strong>ubi</strong></span> <span class='ocrx_word' id='word_1_220' title='bbox 1153 2330 1157 2336; x_wconf 86' lang='grc'><strong>’</strong></span> 
     </span>
     <span class='ocr_line' id='line_1_26' title="bbox 55 2414 1073 2495; baseline -0.001 -20"><span class='ocrx_word' id='word_1_221' title='bbox 55 2414 189 2475; x_wconf 78' lang='grc' dir='ltr'>ιιιιιιιιιιι</span> <span class='ocrx_word' id='word_1_222' title='bbox 211 2414 335 2475; x_wconf 86' lang='lat' dir='ltr'><strong>calvaria</strong></span> <span class='ocrx_word' id='word_1_223' title='bbox 359 2425 412 2475; x_wconf 88' lang='lat' dir='ltr'><strong>est.</strong></span> <span class='ocrx_word' id='word_1_224' title='bbox 446 2416 478 2474; x_wconf 90' lang='lat' dir='ltr'><strong>ld</strong></span> <span class='ocrx_word' id='word_1_225' title='bbox 500 2435 614 2495; x_wconf 88' lang='lat' dir='ltr'><strong>qnoque</strong></span> <span class='ocrx_word' id='word_1_226' title='bbox 635 2414 759 2493; x_wconf 87' lang='lat' dir='ltr'><strong>specillo</strong></span> <span class='ocrx_word' id='word_1_227' title='bbox 782 2416 973 2492; x_wconf 81' lang='lat' dir='ltr'><strong>significatur:</strong></span> <span class='ocrx_word' id='word_1_228' title='bbox 996 2414 1073 2494; x_wconf 92' lang='lat' dir='ltr'><strong>quod</strong></span> 
     </span>
     <span class='ocr_line' id='line_1_27' title="bbox 91 2496 1071 2576; baseline 0.004 -21"><span class='ocrx_word' id='word_1_229' title='bbox 91 2496 260 2576; x_wconf 91' lang='lat' dir='ltr'><strong>depressum</strong></span> <span class='ocrx_word' id='word_1_230' title='bbox 280 2499 307 2557; x_wconf 95' lang='lat' dir='ltr'><strong>in</strong></span> <span class='ocrx_word' id='word_1_231' title='bbox 331 2499 357 2557; x_wconf 96' lang='lat' dir='ltr'><strong>id</strong></span> <span class='ocrx_word' id='word_1_232' title='bbox 377 2500 523 2574; x_wconf 78' lang='lat' dir='ltr'><strong>foramen,</strong></span> <span class='ocrx_word' id='word_1_233' title='bbox 540 2499 617 2576; x_wconf 85' lang='lat' dir='ltr'><strong>qdod</strong></span> <span class='ocrx_word' id='word_1_234' title='bbox 631 2499 704 2558; x_wconf 87' lang='lat' dir='ltr'><strong>inira</strong></span> <span class='ocrx_word' id='word_1_235' title='bbox 720 2498 842 2559; x_wconf 88' lang='lat' dir='ltr'><strong>solidam</strong></span> <span class='ocrx_word' id='word_1_236' title='bbox 858 2498 958 2558; x_wconf 92' lang='lat' dir='ltr'><strong>sedern</strong></span> <span class='ocrx_word' id='word_1_237' title='bbox 973 2499 1071 2573; x_wconf 87' lang='lat' dir='ltr'><strong>habet,</strong></span> 
     </span>
     <span class='ocr_line' id='line_1_28' title="bbox 90 2580 1072 2662; baseline 0.002 -23"><span class='ocrx_word' id='word_1_238' title='bbox 90 2589 118 2640; x_wconf 89' lang='grc' dir='ltr'><strong>ιι</strong></span> <span class='ocrx_word' id='word_1_239' title='bbox 134 2580 171 2639; x_wconf 94' lang='lat' dir='ltr'><strong>ob</strong></span> <span class='ocrx_word' id='word_1_240' title='bbox 186 2580 214 2640; x_wconf 93' lang='lat' dir='ltr'><strong>id</strong></span> <span class='ocrx_word' id='word_1_241' title='bbox 230 2585 356 2642; x_wconf 88' lang='lat' dir='ltr'><strong>renitens</strong></span> <span class='ocrx_word' id='word_1_242' title='bbox 372 2583 478 2662; x_wconf 85' lang='lat' dir='ltr'><strong>aliquid</strong></span> <span class='ocrx_word' id='word_1_243' title='bbox 494 2584 613 2658; x_wconf 88' lang='lat' dir='ltr'><strong>invenit,</strong></span> <span class='ocrx_word' id='word_1_244' title='bbox 632 2592 660 2641; x_wconf 91' lang='lat' dir='ltr'><strong>et</strong></span> <span class='ocrx_word' id='word_1_245' title='bbox 677 2583 795 2643; x_wconf 86' lang='lat' dir='ltr'><strong>madens</strong></span> <span class='ocrx_word' id='word_1_246' title='bbox 812 2584 884 2643; x_wconf 90' lang='lat' dir='ltr'><strong>exit:</strong></span> <span class='ocrx_word' id='word_1_247' title='bbox 902 2583 926 2641; x_wconf 93' lang='lat' dir='ltr'><strong>si</strong></span> <span class='ocrx_word' id='word_1_248' title='bbox 942 2585 1072 2662; x_wconf 87' lang='lat' dir='ltr'><strong>pervium</strong></span> 
     </span>
     <span class='ocr_line' id='line_1_29' title="bbox 89 2664 1070 2744; baseline 0.005 -23"><span class='ocrx_word' id='word_1_249' title='bbox 89 2665 211 2740; x_wconf 91' lang='lat' dir='ltr'><strong>invenit,</strong></span> <span class='ocrx_word' id='word_1_250' title='bbox 226 2664 311 2724; x_wconf 88' lang='lat' dir='ltr'><strong>altius</strong></span> <span class='ocrx_word' id='word_1_251' title='bbox 329 2666 509 2725; x_wconf 88' lang='lat' dir='ltr'><strong>descendens</strong></span> <span class='ocrx_word' id='word_1_252' title='bbox 524 2667 644 2725; x_wconf 90' lang='lat' dir='ltr'><strong>interos</strong></span> <span class='ocrx_word' id='word_1_253' title='bbox 661 2677 690 2725; x_wconf 92' lang='lat' dir='ltr'><strong>et</strong></span> <span class='ocrx_word' id='word_1_254' title='bbox 705 2666 914 2741; x_wconf 85' lang='lat' dir='ltr'><strong>membranam,</strong></span> <span class='ocrx_word' id='word_1_255' title='bbox 931 2666 1000 2725; x_wconf 91' lang='lat' dir='ltr'><strong>nihil</strong></span> <span class='ocrx_word' id='word_1_256' title='bbox 1017 2684 1070 2744; x_wconf 94' lang='lat' dir='ltr'><strong>op·</strong></span> 
     </span>
     <span class='ocr_line' id='line_1_30' title="bbox 88 2749 1072 2828; baseline 0.002 -24"><span class='ocrx_word' id='word_1_257' title='bbox 88 2749 213 2824; x_wconf 90' lang='lat' dir='ltr'><strong>positum</strong></span> <span class='ocrx_word' id='word_1_258' title='bbox 240 2749 363 2826; x_wconf 87' lang='lat' dir='ltr'><strong>invenit,</strong></span> <span class='ocrx_word' id='word_1_259' title='bbox 391 2749 576 2827; x_wconf 88' lang='lat' dir='ltr'><strong>educiturque</strong></span> <span class='ocrx_word' id='word_1_260' title='bbox 598 2751 721 2810; x_wconf 83' lang='lat' dir='ltr'><strong>sicctun:</strong></span> <span class='ocrx_word' id='word_1_261' title='bbox 745 2767 879 2828; x_wconf 87' lang='lat' dir='ltr'><strong>nonque</strong></span> <span class='ocrx_word' id='word_1_262' title='bbox 902 2767 959 2808; x_wconf 94' lang='lat' dir='ltr'><strong>non</strong></span> <span class='ocrx_word' id='word_1_263' title='bbox 981 2749 1072 2809; x_wconf 88' lang='lat' dir='ltr'><strong>subsit</strong></span> 
     </span>
     <span class='ocr_line' id='line_1_31' title="bbox 54 2830 1070 2911; baseline -0.001 -21"><span class='ocrx_word' id='word_1_264' title='bbox 54 2849 80 2890; x_wconf 83' lang='grc' dir='ltr'><strong>ιι</strong></span> <span class='ocrx_word' id='word_1_265' title='bbox 90 2830 185 2906; x_wconf 86' lang='lat' dir='ltr'><strong>aliqua</strong></span> <span class='ocrx_word' id='word_1_266' title='bbox 209 2833 311 2892; x_wconf 83' lang='lat' dir='ltr'><strong>vitiosa</strong></span> <span class='ocrx_word' id='word_1_267' title='bbox 333 2834 445 2899; x_wconf 87' lang='lat' dir='ltr'><strong>sanies;</strong></span> <span class='ocrx_word' id='word_1_268' title='bbox 472 2833 524 2892; x_wconf 93' lang='lat' dir='ltr'><strong>sed</strong></span> <span class='ocrx_word' id='word_1_269' title='bbox 544 2834 677 2911; x_wconf 86' lang='lat' dir='ltr'><strong>qnoniam</strong></span> <span class='ocrx_word' id='word_1_270' title='bbox 694 2833 741 2909; x_wconf 91' lang='lat' dir='ltr'><strong>ibi,</strong></span> <span class='ocrx_word' id='word_1_271' title='bbox 767 2841 796 2891; x_wconf 93' lang='lat' dir='ltr'><strong>ut</strong></span> <span class='ocrx_word' id='word_1_272' title='bbox 816 2836 844 2892; x_wconf 92' lang='lat' dir='ltr'><strong>in</strong></span> <span class='ocrx_word' id='word_1_273' title='bbox 862 2833 966 2892; x_wconf 89' lang='lat' dir='ltr'><strong>latiore</strong></span> <span class='ocrx_word' id='word_1_274' title='bbox 988 2831 1070 2905; x_wconf 91' lang='lat' dir='ltr'><strong>sede,</strong></span> 
     </span>
     <span class='ocr_line' id='line_1_32' title="bbox 90 2913 1070 2994; baseline 0.001 -24"><span class='ocrx_word' id='word_1_275' title='bbox 90 2913 190 2971; x_wconf 87' lang='lat' dir='ltr'><strong>dillusa</strong></span> <span class='ocrx_word' id='word_1_276' title='bbox 206 2915 250 2973; x_wconf 91' lang='lat' dir='ltr'><strong>sit.</strong></span> <span class='ocrx_word' id='word_1_277' title='bbox 275 2916 344 2974; x_wconf 87' lang='lat' dir='ltr'><strong>Sive</strong></span> <span class='ocrx_word' id='word_1_278' title='bbox 356 2926 449 2976; x_wconf 88' lang='lat' dir='ltr'><strong>autem</strong></span> <span class='ocrx_word' id='word_1_279' title='bbox 463 2918 604 2994; x_wconf 81' lang='lat' dir='ltr'><strong>nigrities,</strong></span> <span class='ocrx_word' id='word_1_280' title='bbox 622 2934 706 2994; x_wconf 91' lang='lat' dir='ltr'><strong>quam</strong></span> <span class='ocrx_word' id='word_1_281' title='bbox 726 2915 841 2975; x_wconf 88' lang='lat' dir='ltr'><strong>terebra</strong></span> <span class='ocrx_word' id='word_1_282' title='bbox 863 2915 986 2990; x_wconf 89' lang='lat' dir='ltr'><strong>detexit,</strong></span> <span class='ocrx_word' id='word_1_283' title='bbox 1008 2914 1070 2972; x_wconf 87' lang='lat' dir='ltr'><strong>sive</strong></span> 
     </span>
     <span class='ocr_line' id='line_1_33' title="bbox 90 2996 1097 3077; baseline 0 -22"><span class='ocrx_word' id='word_1_284' title='bbox 90 2998 192 3073; x_wconf 87' lang='lat' dir='ltr'><strong>caries,</strong></span> <span class='ocrx_word' id='word_1_285' title='bbox 211 3015 294 3074; x_wconf 91' lang='lat' dir='ltr'><strong>quam</strong></span> <span class='ocrx_word' id='word_1_286' title='bbox 310 2999 460 3077; x_wconf 91' lang='lat' dir='ltr'><strong>specillum</strong></span> <span class='ocrx_word' id='word_1_287' title='bbox 476 2999 611 3073; x_wconf 87' lang='lat' dir='ltr'><strong>ostendit,</strong></span> <span class='ocrx_word' id='word_1_288' title='bbox 628 3016 662 3058; x_wconf 93' lang='lat' dir='ltr'><strong>os</strong></span> <span class='ocrx_word' id='word_1_289' title='bbox 676 3000 801 3074; x_wconf 88' lang='lat' dir='ltr'><strong>transiit,</strong></span> <span class='ocrx_word' id='word_1_290' title='bbox 824 2996 940 3058; x_wconf 91' lang='lat' dir='ltr'><strong>modioli</strong></span> <span class='ocrx_word' id='word_1_291' title='bbox 957 2996 1070 3076; x_wconf 90' lang='lat' dir='ltr'><strong>quidem</strong></span> <span class='ocrx_word' id='word_1_292' title='bbox 1094 3020 1097 3026; x_wconf 94' lang='lat'>·</span> 
     </span>
     <span class='ocr_line' id='line_1_34' title="bbox 88 3081 1069 3160; baseline 0.002 -23"><span class='ocrx_word' id='word_1_293' title='bbox 88 3099 156 3139; x_wconf 82' lang='lat' dir='ltr'><strong>ursus</strong></span> <span class='ocrx_word' id='word_1_294' title='bbox 177 3081 241 3140; x_wconf 86' lang='lat' dir='ltr'><strong>iere</strong></span> <span class='ocrx_word' id='word_1_295' title='bbox 264 3100 460 3159; x_wconf 85' lang='lat' dir='ltr'><strong>supervacuus</strong></span> <span class='ocrx_word' id='word_1_296' title='bbox 481 3092 538 3151; x_wconf 90' lang='lat' dir='ltr'><strong>est;</strong></span> <span class='ocrx_word' id='word_1_297' title='bbox 560 3084 625 3160; x_wconf 88' lang='lat' dir='ltr'><strong>qnia</strong></span> <span class='ocrx_word' id='word_1_298' title='bbox 649 3082 733 3142; x_wconf 87' lang='lat' dir='ltr'><strong>latius</strong></span> <span class='ocrx_word' id='word_1_299' title='bbox 747 3090 844 3160; x_wconf 85' lang='lat' dir='ltr'><strong>pateat</strong></span> <span class='ocrx_word' id='word_1_300' title='bbox 865 3098 990 3140; x_wconf 90' lang='lat' dir='ltr'><strong>necesse</strong></span> <span class='ocrx_word' id='word_1_301' title='bbox 1015 3090 1069 3158; x_wconf 82' lang='lat' dir='ltr'><strong>est,</strong></span> 
     </span>
     <span class='ocr_line' id='line_1_35' title="bbox 89 3164 1069 3244; baseline 0.002 -22"><span class='ocrx_word' id='word_1_302' title='bbox 89 3164 166 3241; x_wconf 90' lang='lat' dir='ltr'><strong>quod</strong></span> <span class='ocrx_word' id='word_1_303' title='bbox 178 3165 239 3238; x_wconf 90' lang='lat' dir='ltr'><strong>jam</strong></span> <span class='ocrx_word' id='word_1_304' title='bbox 259 3164 316 3224; x_wconf 89' lang='lat' dir='ltr'><strong>alte</strong></span> <span class='ocrx_word' id='word_1_305' title='bbox 340 3167 494 3244; x_wconf 90' lang='lat' dir='ltr'><strong>processit.</strong></span> <span class='ocrx_word' id='word_1_306' title='bbox 540 3166 667 3226; x_wconf 85' lang='lat' dir='ltr'><strong>Terebra</strong></span> <span class='ocrx_word' id='word_1_307' title='bbox 692 3182 764 3225; x_wconf 87' lang='lat' dir='ltr'><strong>vero</strong></span> <span class='ocrx_word' id='word_1_308' title='bbox 787 3183 820 3225; x_wconf 89' lang='lat' dir='ltr'><strong>ea</strong></span> <span class='ocrx_word' id='word_1_309' title='bbox 843 3182 925 3242; x_wconf 92' lang='lat' dir='ltr'><strong>quam</strong></span> <span class='ocrx_word' id='word_1_310' title='bbox 940 3164 1069 3225; x_wconf 91' lang='lat' dir='ltr'><strong>secundo</strong></span> 
     </span>
     <span class='ocr_line' id='line_1_36' title="bbox 53 3246 1068 3327; baseline 0.007 -27"><span class='ocrx_word' id='word_1_311' title='bbox 53 3246 156 3305; x_wconf 73' lang='lat' dir='ltr'><strong>cnloco</strong></span> <span class='ocrx_word' id='word_1_312' title='bbox 177 3250 278 3324; x_wconf 91' lang='lat' dir='ltr'><strong>posui,</strong></span> <span class='ocrx_word' id='word_1_313' title='bbox 304 3249 452 3314; x_wconf 81' lang='lat' dir='ltr'><strong>utendum:</strong></span> <span class='ocrx_word' id='word_1_314' title='bbox 478 3267 589 3327; x_wconf 89' lang='lat' dir='ltr'><strong>eaque,</strong></span> <span class='ocrx_word' id='word_1_315' title='bbox 610 3267 646 3308; x_wconf 94' lang='lat' dir='ltr'><strong>ne</strong></span> <span class='ocrx_word' id='word_1_316' title='bbox 662 3249 744 3308; x_wconf 90' lang='lat' dir='ltr'><strong>nimis</strong></span> <span class='ocrx_word' id='word_1_317' title='bbox 761 3249 930 3324; x_wconf 85' lang='lat' dir='ltr'><strong>incalescat,</strong></span> <span class='ocrx_word' id='word_1_318' title='bbox 948 3248 1068 3308; x_wconf 87' lang='lat' dir='ltr'><strong>subinde</strong></span> 
     </span>
     <span class='ocr_line' id='line_1_37' title="bbox 33 3332 1067 3409; baseline 0.004 -23"><span class='ocrx_word' id='word_1_319' title='bbox 33 3363 35 3368; x_wconf 33' lang='grc' dir='ltr'>ι</span> <span class='ocrx_word' id='word_1_320' title='bbox 89 3332 235 3407; x_wconf 89' lang='lat' dir='ltr'><strong>inaquam</strong></span> <span class='ocrx_word' id='word_1_321' title='bbox 255 3332 388 3409; x_wconf 81' lang='lat' dir='ltr'><strong>frigidam</strong></span> <span class='ocrx_word' id='word_1_322' title='bbox 410 3332 582 3392; x_wconf 85' lang='lat' dir='ltr'><strong>demittenda</strong></span> <span class='ocrx_word' id='word_1_323' title='bbox 605 3342 658 3392; x_wconf 87' lang='lat' dir='ltr'><strong>est.</strong></span> <span class='ocrx_word' id='word_1_324' title='bbox 696 3333 753 3392; x_wconf 90' lang='lat' dir='ltr'><strong>Sed</strong></span> <span class='ocrx_word' id='word_1_325' title='bbox 775 3342 841 3392; x_wconf 92' lang='lat' dir='ltr'><strong>tnnc</strong></span> <span class='ocrx_word' id='word_1_326' title='bbox 865 3333 975 3408; x_wconf 90' lang='lat' dir='ltr'><strong>majore</strong></span> <span class='ocrx_word' id='word_1_327' title='bbox 1000 3350 1067 3390; x_wconf 90' lang='lat' dir='ltr'><strong>cura</strong></span> 
     </span>
     <span class='ocr_line' id='line_1_38' title="bbox 89 3414 1068 3496; baseline 0.004 -27"><span class='ocrx_word' id='word_1_328' title='bbox 89 3414 229 3487; x_wconf 81' lang='lat' dir='ltr'><strong>agendum</strong></span> <span class='ocrx_word' id='word_1_329' title='bbox 246 3425 302 3492; x_wconf 88' lang='lat' dir='ltr'><strong>est,</strong></span> <span class='ocrx_word' id='word_1_330' title='bbox 319 3435 403 3494; x_wconf 93' lang='lat' dir='ltr'><strong>quum</strong></span> <span class='ocrx_word' id='word_1_331' title='bbox 411 3416 471 3496; x_wconf 89' lang='lat' dir='ltr'><strong>jam</strong></span> <span class='ocrx_word' id='word_1_332' title='bbox 485 3425 532 3475; x_wconf 86' lang='lat' dir='ltr'><strong>aut</strong></span> <span class='ocrx_word' id='word_1_333' title='bbox 547 3418 671 3495; x_wconf 82' lang='lat' dir='ltr'><strong>simplex</strong></span> <span class='ocrx_word' id='word_1_334' title='bbox 689 3435 722 3478; x_wconf 93' lang='lat' dir='ltr'><strong>os</strong></span> <span class='ocrx_word' id='word_1_335' title='bbox 739 3416 879 3476; x_wconf 88' lang='lat' dir='ltr'><strong>dimidium</strong></span> <span class='ocrx_word' id='word_1_336' title='bbox 892 3415 1068 3495; x_wconf 86' lang='lat' dir='ltr'><strong>perforatum</strong></span> 
     </span>
     <span class='ocr_line' id='line_1_39' title="bbox 89 3499 1069 3581; baseline 0.007 -29"><span class='ocrx_word' id='word_1_337' title='bbox 89 3504 147 3565; x_wconf 88' lang='lat' dir='ltr'><strong>est;</strong></span> <span class='ocrx_word' id='word_1_338' title='bbox 164 3501 253 3557; x_wconf 89' lang='lat' dir='ltr'><strong>autin</strong></span> <span class='ocrx_word' id='word_1_339' title='bbox 271 3499 379 3578; x_wconf 92' lang='lat' dir='ltr'><strong>duplici</strong></span> <span class='ocrx_word' id='word_1_340' title='bbox 395 3500 540 3578; x_wconf 90' lang='lat' dir='ltr'><strong>superius:</strong></span> <span class='ocrx_word' id='word_1_341' title='bbox 562 3499 633 3560; x_wconf 90' lang='lat' dir='ltr'><strong>illud</strong></span> <span class='ocrx_word' id='word_1_342' title='bbox 652 3502 774 3580; x_wconf 89' lang='lat' dir='ltr'><strong>spatium</strong></span> <span class='ocrx_word' id='word_1_343' title='bbox 794 3501 901 3581; x_wconf 90' lang='lat' dir='ltr'><strong>ipsnm;</strong></span> <span class='ocrx_word' id='word_1_344' title='bbox 924 3499 982 3559; x_wconf 87' lang='lat' dir='ltr'><strong>boc</strong></span> <span class='ocrx_word' id='word_1_345' title='bbox 1004 3516 1069 3552; x_wconf 82' lang='lat' dir='ltr'><strong>scn-</strong></span> 
     </span>
    </p>
   </div>
   <div class='ocr_carea' id='block_1_3' title="bbox 0 0 1212 3924">
    <p class='ocr_par' dir='ltr' id='par_1_3' title="bbox 0 0 1212 3924">
     <span class='ocr_line' id='line_1_40' title="bbox 0 0 1212 3924; baseline 0 4"><span class='ocrx_word' id='word_1_346' title='bbox 0 0 1212 3924; x_wconf 95' lang='lat' dir='ltr'><strong> </strong></span> 
     </span>
    </p>
   </div>
  </div>
 </body>
</html>
