2414 3924
433 225 501 274 cru.
516 225 548 272 v.
572 225 647 274 cnr.
662 225 757 272 xxvr.
1032 212 1089 274 195

84 387 173 459 lum,
198 399 233 442 au
255 382 329 440 inira
350 387 494 439 nascatur.
533 379 565 438 si
587 378 695 438 subeo
718 379 859 455 nascitur,
885 377 1037 455 albumque
1061 386 1091 438 ει

90 484 230 528 erassum
251 465 297 525 diu
317 464 422 539 fertur,
451 480 570 521 nervum
592 464 753 541 praecisum
777 479 844 521 esre
868 461 1006 520 credibile
1028 469 1088 530 est:

34 557 38 559 “
89 551 266 627 magisque,
290 566 347 627 quo
369 547 496 622 madores
520 545 638 606 dolores
654 545 963 624 inflammationesque,
988 553 1017 603 et
1032 561 1089 623 quo

91 635 235 694 maturius
258 633 400 692 excitatae
422 639 495 690 suut.
534 629 669 705 Quamvis
684 639 848 690 autemnon
863 628 1010 688 abscissus
1025 646 1089 687 ner·

63 741 80 779 s
93 736 153 778 vus
170 727 228 786 est;
254 725 365 790 ιειεεε,
381 715 406 773 si
421 716 498 774 circa
513 723 606 774 tumor
620 713 707 772 durus
723 714 769 773 diu
784 722 948 791 permanet,
966 729 1090 771 necesse

96 810 146 862 est
165 810 193 860 et
214 801 373 860 diuturnum
387 798 469 857 ulcus
485 816 568 873 esse,
592 807 637 874 et,
661 815 731 858 sano
746 814 861 875 quoque
877 814 930 872 eo,
951 805 1090 855 tumorem

97 902 287 965 permanere:
314 883 495 958 futurumque
517 890 578 956 est,
601 891 630 940 ut
654 881 735 941 tarde
754 881 909 939 membrum
931 880 960 939 id
976 880 1024 938 vel
1041 897 1089 938 ex·

99 969 249 1044 tendatur,
269 968 316 1026 vel
334 965 525 1026 contrahatur.
552 965 646 1040 Major
661 965 796 1025 tamenin
813 964 996 1024 extendendo
1011 980 1090 1021 mora

101 1061 163 1128 est,
190 1050 236 1110 ubi
260 1060 413 1110 recurvato
435 1050 556 1110 articulo
582 1051 691 1108 curatio
713 1047 836 1108 adhibita
862 1057 920 1115 est;
955 1066 1037 1126 quam
1063 1046 1091 1104 in

63 1134 285 1200 rorecurvaudo
307 1152 343 1194 eo
365 1133 442 1211 quod
460 1142 570 1193 rectum
587 1133 818 1192 continuerimus.
856 1129 1003 1191 Collocari
1020 1148 1090 1208 quo·

102 1237 159 1296 que
183 1216 338 1277 membrum
355 1217 433 1295 quod
450 1218 535 1277 ictum
553 1225 614 1291 est,
641 1217 753 1275 ratione
770 1225 849 1274 certa
865 1215 966 1275 debet:
988 1215 1013 1275 si
1028 1214 1091 1291 glu-

101 1301 245 1362 tinandum
262 1310 323 1376 est,
349 1309 378 1360 ut
394 1302 527 1377 superius
543 1302 592 1367 sit;
617 1301 641 1359 si
656 1301 684 1357 in
699 1299 916 1359 inflammatione
933 1308 994 1375 est,
1018 1298 1092 1356 utin

103 1394 231 1445 neutram
252 1392 360 1461 partem
386 1383 551 1443 inclinatum
569 1384 619 1450 sit;
647 1384 671 1441 si
686 1384 746 1457 Jam
768 1400 821 1461 pus
842 1382 973 1461 proiluit,
994 1391 1023 1441 ut
1043 1382 1092 1440 de·

103 1486 209 1526 vexuru
227 1469 272 1526 sit.
294 1466 436 1545 Optimum
452 1468 537 1526 etiam
551 1466 789 1526 medicamentum
801 1468 882 1543 quies
896 1475 955 1525 est:
971 1465 1092 1540 moveri,

69 1550 267 1624 inambulare,
291 1552 345 1609 nisi
369 1552 467 1626 sanis,
489 1550 611 1609 alienum
627 1559 679 1608 cst.
715 1549 807 1609 Minus
822 1559 916 1609 tamen
931 1550 965 1608 iis
980 1551 1092 1628 pericu-

103 1635 213 1709 losum,
238 1635 284 1712 qui
305 1635 333 1693 in
355 1635 450 1712 capite
476 1633 523 1692 vel
539 1633 679 1709 brachiis,
702 1650 786 1709 quam
801 1634 849 1710 qui
865 1635 892 1691 in
910 1632 1093 1692 inferioribus

103 1717 233 1796 partibus
255 1717 395 1778 vulnerati
417 1727 490 1777 suut.
523 1717 694 1796 Minimeque
709 1716 862 1776 ambulatio
882 1717 1030 1791 convenit,
1052 1715 1092 1773 ie-

102 1802 197 1874 mine,
213 1809 260 1858 aut
276 1819 376 1877 crure,
393 1810 441 1862 εει
458 1801 532 1878 pede
549 1801 706 1861 laborante.
739 1799 834 1859 Locus
849 1802 877 1858 iu
893 1818 950 1878 quo
967 1798 1093 1874 cubabit,

101 1881 219 1960 tepidus
242 1902 307 1943 esse
323 1885 448 1944 debebit.
486 1884 624 1944 Balneum
641 1901 773 1962 quoque,
798 1883 861 1942 dum
878 1900 977 1962 parum
993 1882 1094 1941 vulnus

63 1989 88 2028 ao
101 1983 207 2046 purum
223 1976 280 2042 est,
299 1968 372 2027 inter
387 1987 435 2027 res
451 1969 650 2028 infestissimas
668 1977 727 2026 est:
751 1979 813 2026 uam
829 1967 856 2026 id
873 1976 901 2025 et
917 1965 1049 2025 tumidum
1065 1973 1094 2024 et

98 2047 249 2112 sordidum
271 2052 379 2111 reddit:
405 2071 442 2110 ex
464 2053 566 2130 quibus
583 2051 619 2111 ad
642 2069 775 2110 cancrum
790 2052 924 2109 transitus
940 2068 1005 2108 esse
1025 2067 1093 2109 con-

96 2134 207 2195 suevit.
241 2133 326 2193 Lenis
348 2136 444 2195 frictio
465 2145 547 2196 recte
570 2135 734 2202 adhibetur;
758 2135 809 2193 sed
825 2135 859 2192 iis
877 2133 1004 2213 partibus
1021 2149 1094 2212 quae

96 2217 221 2291 longius
239 2217 340 2276 absunt
355 2238 370 2279 ε
386 2220 516 2278 νειεεεε.

168 2296 218 2358 29.
251 2299 475 2362 Inflammatione
503 2305 599 2378 linita,
630 2302 733 2360 vulnus
759 2302 937 2380 purgandum
964 2310 1017 2360 est.
1061 2299 1094 2360 ld

55 2383 214 2462 asoptime
238 2382 343 2443 iaciunt
370 2387 457 2446 tincta
483 2388 511 2445 iu
534 2385 619 2445 melle
645 2384 814 2453 linamenta;
847 2403 992 2463 supraque
1020 2385 1095 2444 idem

94 2463 300 2542 emplastrum,
316 2468 363 2526 vel
376 2470 652 2548 enneapharmacum
666 2469 733 2547 (19,
749 2470 803 2547 10)
820 2468 941 2528 dandum
953 2478 1007 2528 est.
1027 2467 1096 2528 'lum

92 2553 218 2611 demum
230 2565 299 2607 vero
312 2568 413 2628 purum
425 2562 479 2629 est,
497 2571 580 2630 quum
592 2552 685 2629 rubet,
697 2570 732 2612 ac
743 2553 857 2612 nimium
871 2571 964 2632 neque
978 2555 1095 2628 siccum,

92 2647 202 2708 neque
219 2628 357 2692 humidum
373 2643 428 2693 est.
465 2636 504 2694 Αι
518 2637 718 2714 quodcumque
734 2655 821 2695 sensu
838 2647 932 2712 caret,
950 2637 1025 2714 quod
1038 2653 1095 2694 non

91 2709 274 2777 naturaliter
287 2717 387 2791 sentit,
407 2719 483 2792 quod
498 2721 611 2778 nimium
629 2729 675 2780 εει
689 2720 813 2796 aridum,
830 2729 876 2780 εει
887 2720 1027 2780 humidum
1041 2728 1095 2793 est,

50 2826 79 2866 30
94 2794 183 2878 quod
210 2804 257 2853 εει
276 2797 414 2874 albidum,
440 2811 488 2860 εει
509 2802 660 2880 pallidum,
687 2812 733 2862 aut
754 2804 885 2879 lividum,
915 2812 962 2862 εει
985 2805 1096 2878 nigrum

90 2891 162 2956 est,
183 2876 214 2935 id
230 2895 328 2954 purum
343 2899 401 2940 non
417 2895 471 2943 est.

163 2962 218 3023 30.
242 2962 384 3041 Purgato,
401 2969 533 3043 sequitur
548 2977 578 3027 ut
593 2968 754 3045 impleatur.
777 2972 898 3047 Jamque
914 2969 1006 3027 calida
1022 2985 1095 3044 aqua

90 3060 223 3113 eatenus
243 3049 411 3107 necessaria
436 3061 497 3126 est,
523 3060 553 3110 ut
569 3053 665 3110 sanies
688 3063 880 3113 removeatur.
916 3051 1010 3109 banne
1031 3067 1094 3108 suc·

91 3134 183 3196 oldae
210 3148 407 3207 supervacuus
430 3151 498 3191 usus
522 3142 583 3192 est:
614 3132 674 3193 lota
694 3137 796 3195 melius
817 3134 1015 3194 circumdatur.
1049 3133 1095 3192 Ad

51 3248 78 3286 aa
91 3214 277 3296 implendum
300 3222 395 3272 autem
421 3215 523 3276 vulnus
548 3215 702 3293 proliciunt
729 3219 842 3295 quidem
864 3220 949 3277 etiam
971 3217 1095 3276 medica·

90 3310 195 3363 menta
218 3297 331 3375 aliqua:
355 3296 451 3372 itaque
475 3318 509 3360 ea
532 3298 662 3360 adhiberi
679 3320 736 3361 non
753 3304 874 3362 alienum
890 3296 948 3369 εει;
972 3310 1001 3359 ει
1016 3300 1096 3376 buty-

91 3405 157 3446 rum
184 3401 250 3442 cum
265 3397 352 3453 rosa,
376 3386 404 3435 et
420 3383 527 3458 exigua
544 3382 638 3443 mellis
655 3395 749 3464 parte;
774 3396 820 3445 εει
836 3404 898 3445 cum
914 3385 1015 3445 eadem
1030 3402 1099 3445 rosa

91 3467 378 3547 tetrapharmacum;
398 3471 445 3521 εει
461 3483 498 3527 err
515 3487 581 3528 rosa
598 3467 763 3531 linamenta.
793 3471 860 3530 Plus
874 3481 968 3530 tamen
984 3485 1008 3546 p¹
1047 3469 1053 3472 ’

836 3555 895 3614 13*
