2414 3924
452 229 520 276 nra.
537 229 588 276 111.
605 228 679 277 oar.
696 229 747 278 111.
1060 220 1100 280 77

18 365 22 370 ’
99 402 157 446 nou
184 382 385 459 dissimularit,
423 381 476 442 sed
508 400 561 461 per
591 382 664 443 baec
688 394 798 444 mature
826 384 929 445 morbo
961 387 1100 463 occurrit,

100 475 243 544 aegrotet.

451 702 635 762 cAPUT
663 702 739 761 111.

435 816 472 866 De
489 816 596 867 febrium
613 817 760 882 generibus.

74 993 88 1031 s
162 967 260 1044 Atque
277 967 350 1026 haec
367 967 479 1043 quidem
504 967 581 1025 sanis
602 967 734 1028 iacienda
750 977 831 1044 sunt,
855 977 962 1028 tantum
986 989 1100 1031 oausam

98 1050 298 1111 metuentibus
329 1051 464 1127 Sequitur
479 1067 550 1109 rero
567 1051 675 1110 curatio
692 1050 831 1126 febrium,
855 1052 933 1128 quod
949 1056 1000 1114 et
992 1073 1020 1113 m
1038 1064 1099 1114 toto

100 1150 244 1213 corpore,
272 1142 302 1192 et
316 1133 439 1210 vulgare
460 1136 580 1192 maxime
600 1133 692 1193 morbi
716 1152 809 1211 genus
833 1143 887 1193 est
919 1134 965 1197 Ex
982 1138 1028 1197 bis
1044 1156 1099 1198 una

99 1214 278 1297 quotidiana,
303 1216 392 1276 altera
417 1218 555 1291 tertiana,
585 1216 673 1276 altera
702 1226 841 1294 quartana
869 1228 927 1280 est:
958 1220 1098 1280 interdum

100 1302 184 1360 etiam
194 1298 328 1377 longiore
343 1301 491 1359 circumitu
508 1299 647 1377 quaedam
661 1299 795 1370 redeunt;
813 1301 865 1360 sed
882 1301 910 1362 id
926 1321 993 1364 raro
1011 1306 1080 1365 iit:
1072 1322 1099 1364 m

64 1407 89 1446 ro
102 1383 246 1465 prioribus
264 1393 293 1443 et
309 1382 402 1444 morbi
420 1392 500 1458 sunt,
528 1391 557 1443 et
577 1383 727 1442 medicina.
759 1383 797 1443 Et
813 1395 968 1462 quartanae
985 1389 1099 1465 quidem

99 1467 295 1547 simpliciores
313 1476 386 1526 sunt.
421 1466 564 1546 incipiunt
586 1468 649 1527 lere
673 1467 709 1527 ab
732 1468 870 1538 horrore:
898 1470 1001 1530 deinde
1019 1472 1099 1532 calor

100 1553 238 1629 erumpit;
255 1552 392 1628 finitaque
406 1550 489 1609 febre
508 1550 622 1610 biduum
640 1553 782 1628 integrum
799 1560 859 1610 est:
876 1554 914 1612 ita
930 1564 1034 1631 quarto
1053 1556 1099 1614 die

98 1635 261 1695 revertitur.
294 1633 488 1694 Tertianarum
512 1650 582 1693 vero
607 1634 663 1694 duo
681 1652 791 1711 genera
808 1643 885 1694 sunt:
911 1637 1032 1697 alterum
1048 1655 1097 1697 eo·

98 1720 161 1778 dem
178 1717 275 1791 modo,
297 1734 354 1795 quo
369 1726 520 1794 quartana,
537 1727 565 1776 et
581 1719 737 1795 incipiens,
755 1726 784 1776 et
801 1716 952 1788 desideum
972 1719 1022 1779 illo
1037 1731 1097 1779 tan·

63 1813 156 1863 astum
177 1802 347 1878 interposito
369 1799 548 1874 discrimine,
576 1800 653 1878 quod
676 1818 760 1860 unum
782 1801 856 1858 diem
879 1811 1006 1880 praestat
1026 1804 1097 1862 inte-

98 1903 197 1963 grum,
219 1885 303 1943 tertio
328 1883 417 1943 redit:
439 1883 558 1943 alterum
575 1882 663 1959 longe
680 1885 888 1961 perniciosius,
911 1885 988 1963 quod
1011 1888 1097 1945 tertio

98 1967 213 2046 quidem
235 1967 280 2025 die
301 1967 475 2040 revertitur,
500 1979 538 2026 ex
560 1975 627 2026 coto
647 1975 740 2025 autem
762 1977 790 2026 et
814 1966 1002 2045 quadraginta
1017 1967 1097 2028 horis

97 2053 162 2111 lere
180 2069 233 2109 sex
248 2059 277 2109 et
292 2051 406 2126 triginta
424 2068 477 2127 per
492 2050 693 2109 accessionem
706 2059 841 2149 opcupat,
860 2051 1000 2110 interdum
1013 2054 1097 2115 etiam

98 2135 144 2194 vel
163 2136 270 2207 minus,
301 2133 348 2192 vel
364 2133 444 2211 plus;
468 2151 562 2211 neque
586 2152 623 2192 ex
646 2142 707 2192 toto
730 2136 758 2192 in
780 2135 951 2193 remissione
975 2136 1096 2208 desistit,

62 2236 90 2276 nc
99 2218 150 2278 sed
167 2227 273 2277 tantum
290 2217 382 2275 levius
400 2225 453 2275 est
485 2216 517 2275 ld
528 2234 622 2293 genus
635 2217 766 2295 plerique
778 2205 910 2276 medioi‘
892 2226 1099 2298 qpuspssaiuu

98 2301 253 2400 appellant.
282 2299 471 2375 Quotidianae
484 2317 556 2358 vero
570 2302 669 2360 variae
684 2310 759 2376 suot,
773 2310 801 2360 ct
813 2301 997 2380 multiplices
1012 2301 1097 2361 Aliae

98 2389 171 2444 enim
195 2386 325 2462 protinus
346 2402 361 2442 a
384 2382 482 2442 calore
505 2384 660 2461 incipiunt,
684 2384 756 2444 aliae
781 2402 796 2443 a
817 2385 945 2461 frigore,
969 2386 1043 2446 aliae
1061 2385 1097 2445 ab

97 2469 228 2527 horrore.
259 2468 365 2544 Frigus
380 2483 467 2540 voco,
485 2467 533 2525 ubi
548 2476 695 2526 extremae
711 2477 810 2545 partes
824 2469 1016 2530 membrorum
1028 2469 1097 2529 inal-

98 2560 235 2627 gesonnt:
256 2551 418 2626 horrorem,
437 2549 484 2608 ubi
501 2567 607 2630 corpus
623 2560 713 2610 totum
730 2553 862 2611 intremit.
896 2553 1007 2613 Rursus
1023 2553 1098 2612 aliae

63 2653 89 2692 rs
101 2637 143 2693 sio
159 2634 307 2709 desinunt,
324 2643 354 2691 ut
369 2652 406 2692 ex
421 2642 482 2692 toto
498 2643 634 2711 sequatur
649 2635 816 2710 integritas:
835 2635 908 2694 aliae
926 2637 984 2712 sic,
1000 2645 1031 2694 ut
1046 2634 1098 2696 ali-

100 2726 232 2794 quantum
249 2716 362 2793 quidem
378 2719 517 2775 minuatur
534 2735 571 2775 err
587 2717 687 2792 febre,
704 2718 886 2777 nibilominus
904 2728 997 2778 tamen
1011 2737 1097 2798 quae-

99 2800 163 2859 dam
178 2798 317 2878 reliquiae
332 2809 513 2874 remaneant,
538 2800 632 2858 donec
647 2800 737 2859 altera
760 2803 893 2861 accessio
911 2803 1045 2862 accedat:
1063 2820 1098 2862 ac

98 2900 190 2960 saepe
217 2881 289 2942 aliae
308 2884 357 2942 vix
379 2882 532 2960 quidquam
556 2891 603 2940 aut
617 2882 685 2941 nihil
702 2885 857 2943 remittunt.
887 2885 998 2945 Deinde
1023 2886 1098 2944 aliae

97 2968 245 3026 fervorem
260 2967 405 3042 ingentem
421 2965 543 3039 hubent,
569 2964 642 3024 aliae
659 2965 856 3025 tolerabilem:
879 2967 952 3026 aliae
969 2968 1098 3045 quotidie

48 3041 88 3107 ‘ao
97 3068 184 3130 pares
200 3058 275 3124 sunt,
295 3049 368 3108 aliae
386 3051 525 3126 impares;
544 3056 630 3123 atque
647 3050 769 3107 invicem
786 3048 879 3108 altero
895 3049 941 3108 die
958 3050 1096 3123 leviores,

96 3135 188 3195 altero
210 3133 460 3192 vehementiores:
483 3131 555 3190 aliae
576 3139 707 3207 tempore
725 3131 828 3190 eodem
843 3131 983 3208 postridie
998 3149 1097 3189 rever·

97 3227 209 3294 tantur,
238 3216 312 3276 aliae
334 3215 382 3274 vel
401 3216 493 3275 serius
514 3214 563 3272 vel
581 3214 722 3272 celerius:
745 3214 819 3273 aliae
834 3212 908 3272 diem
924 3222 1097 3291 noctemque

97 3301 271 3360 accessione
294 3307 323 3357 et
346 3298 519 3358 decessione
542 3296 676 3374 implent,
700 3297 774 3357 aliae
790 3298 899 3371 minus,
920 3296 995 3356 aliae
1015 3296 1096 3373 plns:

98 3384 189 3458 aliae,
211 3402 296 3463 quum
313 3382 471 3457 decedunt,
498 3380 630 3439 sudorem
651 3390 784 3456 movent,
806 3380 880 3439 aliae
894 3397 950 3438 non
966 3387 1097 3446 moveam

62 3476 184 3546 aratque
202 3467 274 3526 alias
290 3484 344 3543 per
360 3466 493 3524 sudorem
508 3463 543 3522 ad
561 3464 753 3539 iutegritatem
767 3464 890 3538 venitur,
908 3461 977 3522 alias
991 3478 1096 3538 corpus
