2414 3924
476 222 514 232 -
564 187 694 252 84--

1 350 61 389 2191
77 333 268 396 inflexibilem
287 349 449 410 nervorum
468 340 499 394 et
517 331 723 394 musculorum
745 334 842 394 tensio
861 349 930 394 oum
953 334 1068 412 ingenti
1089 328 1093 415 1

78 423 190 486 dolore.
226 421 490 502 emprostbotonos
514 429 614 482 autem
636 423 668 482 in
692 423 841 485 anteriore
867 428 952 501 parte
974 439 1095 483 muscu-

77 513 176 573 lorum
199 512 326 572 cervicis
349 518 380 571 et
396 528 569 584 ⁴nervorum
592 509 721 572 efficitur
744 511 922 591 connectio,
949 517 983 571 ut
1006 512 1094 571 etiam

78 609 213 663 mentum
254 600 346 660 fixum
386 601 502 679 pectori
538 598 685 679 videatur,
729 616 798 659 cum
834 601 949 678 ingenti
967 598 1095 659 «dolore.

38 704 52 744 5
81 690 288 771 opisthotonos
307 696 406 750 autem
425 687 461 747 ad
484 688 681 767 posteriorem
703 693 820 767 partem
838 686 1043 749 musculorum
1065 696 1096 747 et

79 796 240 840 nervorum
267 778 406 857 cervicis,
438 792 513 854 quos
543 781 681 836 tenontas
709 783 828 856 vocant,
863 776 993 837 efficitur
1025 794 1094 835 con·

79 869 186 928 tractio
219 884 288 927 cum
321 864 489 924 vehementi
520 862 632 924 dolore.
676 865 823 944 contingit
854 863 1029 943 frequenter
1059 883 1096 924 ex

79 954 268 1017 antecedenti
286 955 376 1014 nimia
393 953 605 1032 perfrictione,
624 954 764 1032 quotiens
781 952 849 1033 plus
868 952 988 1033 frigoris
1007 971 1097 1032 quam

78 1046 175 1123 possit
202 1051 307 1105 natura
334 1042 469 1121 corporis
497 1042 591 1122 ferre,
624 1043 823 1104 sustinuerint
852 1039 1035 1123 laborantes,
1069 1051 1098 1101 et

39 1147 65 1186 10
80 1131 206 1193 dorsalis
232 1129 359 1192 medulla
381 1130 567 1211 perfrixerit,
595 1148 685 1210 quam
708 1129 814 1191 Graeci
836 1130 958 1192 notioon
981 1130 1099 1210 myelon

79 1230 194 1282 vocant.
234 1237 303 1280 uam
331 1218 531 1299 Hippocrates
558 1221 589 1280 in
613 1219 762 1280 aforismis
785 1221 829 1280 sie
852 1220 905 1297 ait,
935 1237 1022 1279 omne
1047 1220 1099 1280 fri·

78 1308 182 1389 gidum
210 1307 319 1369 dorsali
352 1307 498 1368 medullae
531 1315 562 1368 et
588 1309 689 1368 nervis
716 1326 783 1369 esse
815 1307 923 1369 hostile
952 1311 1014 1369 sive
1043 1311 1099 1368 inl·

78 1399 204 1478 micum,
228 1397 308 1477 quod
332 1404 432 1458 eutem
455 1395 583 1457 calidum
609 1398 745 1467 amicum.

144 1488 200 1559 ,in
219 1484 425 1547 curationibus
443 1503 514 1546 vero
536 1493 655 1565 oportet
678 1503 782 1546 omnes
805 1487 837 1546 in
860 1485 982 1548 brachio
1006 1485 1099 1546 flebo-

40 1587 65 1629 11
79 1582 194 1636 tomare
223 1573 261 1635 ob
289 1576 474 1636 nimietatem
506 1573 619 1635 doloris
651 1573 697 1635 vel
724 1574 914 1637 relaxationis
947 1574 1099 1636 faciendae

80 1664 332 1746 causa,maxime
356 1665 382 1723 si
405 1671 436 1724 et
457 1662 658 1742 plethorioum
682 1680 792 1743 corpus
815 1663 977 1726 habuerint
998 1682 1101 1743 aegro-

79 1760 192 1835 tantas,
220 1751 299 1831 quod
322 1768 378 1812 nos
408 1751 500 1812 latino
524 1769 663 1813 sermone
685 1750 863 1813 abundabile
886 1753 1014 1815 dicimus
1037 1756 1100 1816 sive

80 1839 269 1903 multitudine
298 1842 363 1902 suci
389 1840 520 1920 plenum.
565 1847 634 1921 post
661 1840 735 1902 haec
763 1841 922 1903 chalastico
953 1843 1100 1922 lysiponio

81 1931 185 1991 uteris.
223 1938 253 1991 et
272 1929 429 1991 conficitur
448 1930 500 1990 sic.
537 1931 655 1990 resinae
675 1928 887 2013 terebintinae,
910 1933 995 2012 ysopi
1017 1934 1100 1992 attici

40 2032 68 2071 20
82 2019 161 2100 suci,
189 2036 275 2078 cerae
305 2017 402 2099 albae,
430 2018 564 2080 omnium
591 2019 684 2079 trium
705 2021 810 2080 uncias
838 2027 1012 2102 quaternae,
1040 2020 1100 2098 gal-

80 2105 150 2166 bani
181 2115 212 2167 et
239 2109 418 2187 opopanacis
449 2109 553 2169 uncias
583 2106 728 2188 singulas,
760 2107 819 2168 olei
845 2110 955 2170 veteris
983 2115 1019 2178 Ζ
1051 2107 1101 2170 111.

80 2192 238 2272 diligenter
267 2195 415 2257 conficies.
458 2197 484 2256 si
507 2196 586 2258 forte
616 2194 720 2256 durior
749 2195 854 2276 fuerit,
882 2199 1005 2276 cyprino
1035 2197 1101 2258 oleo

155 2406 170 2452 1
198 2403 422 2470 amprostotonoa
449 2431 480 2440 -
508 2401 548 2470 (t)
574 2399 670 2455 dolore
695 2414 746 2457 ont.
770 2415 793 2455 c.
905 2400 935 2456 in
961 2402 1101 2457 anteriore

84 2471 154 2533 f—ri
168 2474 200 2541 p)
219 2474 301 2542 parte
319 2489 363 2542 99.
474 2478 490 2526 6
513 2473 645 2526 tenentes
670 2471 715 2539 (cf.
739 2469 836 2526 Simon
858 2471 928 2528 Jan.
947 2489 968 2528 s.
987 2476 1035 2541 o.):
1059 2479 1102 2528 te·

83 2543 166 2598 tanos
184 2559 243 2613 pop.
327 2542 490 2613 ‘tContigit
506 2559 532 2612 9.
614 2541 848 2615 8perfricatione
865 2560 897 2613 p.
970 2561 1055 2612 quam
1074 2561 1102 2599 c:

83 2631 159 2698 qnod
187 2648 218 2701 9,
246 2648 331 2702 quam
359 2631 435 2701 quod
458 2649 489 2702 p.
616 2636 632 2684 9
659 2631 749 2701 possit
775 2649 801 2687 c:
829 2634 925 2702 potest
951 2647 980 2701 9,
1008 2633 1042 2700 pt
1070 2649 1102 2700 p.

85 2701 352 2771 subfsb'Jstinuerint
370 2720 411 2774 cp.
487 2707 520 2757 10
538 2701 674 2759 nauticou
686 2701 793 2757 miclon
810 2720 836 2773 9,
854 2702 917 2759 noti
936 2702 1063 2758 oomelon
1078 2721 1102 2771 e,

83 2777 103 2826 fi
121 2773 231 2842 pmyelo
246 2791 269 2842 p
289 2777 347 2843 (aad
360 2791 447 2844 supro
461 2773 575 2829 uoticon
585 2777 641 2843 p0).
715 2779 746 2827 11
760 2775 908 2844 ypocrates
921 2791 958 2845 gp
979 2774 1103 2844 (ipos'cus

84 2846 119 2912 c).
155 2845 211 2899 oid.
236 2845 325 2914 Hipp.
344 2846 420 2913 III,
443 2848 496 2902 741
515 2844 594 2913 Lapa
703 2844 843 2901 aforiamis
865 2863 899 2917 pc
922 2845 1046 2917 (ephoris
1060 2849 1103 2916 p).

83 2915 145 2969 ait.
162 2957 168 2969 .
185 2958 190 2970 .
206 2931 267 2970 esse
283 2960 288 2969 .
306 2956 311 2969 .
328 2958 333 2971 .
348 2915 495 2972 inimicum
511 2916 675 2973 testatore.
780 2922 812 2972 ta
833 2918 961 2988 quod-
981 2918 1104 2972 amicum

84 3002 134 3042 om.
154 3003 176 3042 c.
260 2993 293 3042 16
314 3004 429 3043 causam
448 2988 507 3059 (cic)
525 2992 569 3055 ps
623 2985 808 3057 plectoricum
828 3006 887 3060 gap.
963 2995 996 3042 1⁷
1016 2989 1103 3042 abun·

84 3056 191 3115 debile:
212 3056 309 3115 habile
327 3076 363 3129 99
383 3059 495 3127 (Petu),
514 3056 642 3112 decabile
661 3073 683 3111 c.
767 3063 804 3114 18Ι
819 3059 953 3115 catartico
971 3057 1105 3130 lisiponio

84 3165 110 3217 9,
130 3168 153 3206 c.
171 3149 326 3220 hysopomo
345 3165 372 3218 c,
392 3147 552 3208 calestiel’rs
571 3140 696 3216 opo“1⁰p.
793 3154 828 3202 20
847 3164 926 3204 caere
944 3164 975 3218 9,
999 3164 1061 3203 cere
1081 3166 1104 3217 c,

85 3232 117 3297 111
130 3256 161 3308 p.
259 3237 384 3294 omnium
403 3268 436 3278 -
457 3235 566 3307 (uncias
584 3250 614 3305 9,
635 3233 659 3302 ⁷,-
679 3237 703 3303 c)
728 3238 881 3305 quaternae
897 3253 943 3307 991
962 3241 1007 3292 ait.
1031 3242 1047 3300 3
1068 3242 1106 3306 (ἢ

82 3311 125 3377 p0)
144 3310 205 3365 IIII.
220 3327 250 3378 p.
324 3315 358 3364 21
383 3308 562 3380 opopanacis.
594 3308 630 3358 ’ἓν
649 3308 704 3360 und
722 3306 783 3376 (etc)
802 3307 926 3378 singulas
943 3325 962 3379 9
980 3310 1017 3378 (⁷,-
1034 3327 1054 3363 s.
1069 3315 1103 3377 o).

83 3390 107 3433 z
128 3380 190 3448 (aie)
207 3381 248 3432 111
265 3397 297 3450 9,
317 3381 341 3449 ⁷,—
359 3383 425 3436 tres.
445 3398 468 3436 c.
553 3383 586 3432 22
606 3376 719 3433 conficis
736 3419 742 3432 .
758 3419 764 3433 .
780 3419 787 3433 .
802 3379 925 3435 resolvor
940 3423 947 3437 .
963 3423 969 3434 .
986 3418 993 3435 .
1008 3396 1103 3435 moves

81 3464 141 3520 999.
216 3449 322 3519 cipriuo
342 3466 388 3521 cp,
408 3450 523 3522 caprino
540 3465 565 3520 9.
