2414 3924
128 227 192 291 240
419 235 823 286 a.c.cuus1uunrcuuau

128 394 225 456 mollis
239 391 369 452 addenda
385 400 445 470 est,
463 409 537 470 quae
553 391 701 450 bnmorem
715 393 791 451 intus
806 392 961 452 contineat.
995 389 1033 450 llt
1046 391 1122 452 baec

129 477 245 558 quidem
268 477 427 536 communia
450 483 524 534 sunt.
562 473 799 534 Medicamentum
821 493 893 534 vero
916 483 961 534 est
976 483 1119 554 etrosae,

129 573 158 624 et
174 561 302 622 radicum
317 560 461 619 arundinis
475 576 596 635 succus,
614 567 643 618 et
658 559 769 636 oleum,
787 561 814 618 in
830 576 887 637 quo
900 557 1031 618 lumbrici
1044 561 1121 620 cocti

129 648 201 723 sint,
224 654 252 705 et
274 645 376 704 bumor
397 662 435 702 ex
455 644 557 701 amaris
573 642 710 717 nucibus,
735 652 782 702 ant
798 662 835 702 ex
850 642 955 702 nucleo
973 643 1040 702 mali
1056 661 1120 722 per·

129 731 184 790 sici
199 746 369 807 expressus.
392 725 560 805 Composita
578 743 649 785 vero
667 726 703 786 ad
716 726 963 786 inflammationem
976 726 1145 787 dolorem-s

129 832 186 893 qne
203 811 366 872 leniendum
384 811 457 870 baec
472 810 536 869 iere
554 819 632 869 sunt:
657 813 798 887 castorei,
815 811 970 889 papaveris
986 811 1121 871 lacrimae

130 915 218 977 pares
240 896 391 974 portiones
413 903 614 968 conternntur,
644 893 747 954 deinde
768 895 900 968 adjicitur
921 893 965 953 bis
988 912 1120 972 passum:

130 981 178 1041 vel
194 981 350 1060 papaveris
365 979 517 1053 lacrimae,
542 978 639 1054 croci,
662 977 795 1052 myrrhae
811 996 863 1056 par
877 978 978 1037 modus
995 979 1039 1037 sic
1054 979 1121 1038 teri·

130 1076 193 1141 tur,
211 1073 242 1122 ιιι
258 1065 380 1122 invicem
396 1063 481 1122 modo
497 1080 582 1137 rosa,
597 1061 683 1120 modo
701 1079 816 1140 passum
832 1062 1001 1122 instilletur:
1018 1063 1066 1122 vel
1081 1062 1120 1138 id,

131 1148 208 1226 quod
225 1163 350 1205 amarum
366 1149 394 1206 in
410 1146 546 1222 aegyptia
561 1145 627 1204 iaba
641 1155 703 1221 est,
721 1146 893 1222 conteritur,
910 1163 978 1205 rosa
991 1144 1120 1221 adjecta;
1132 1166 1156 1206 m

132 1230 234 1310 quibus
256 1231 389 1303 myrrhae
412 1247 527 1307 qnoque
548 1229 662 1308 paulum
679 1247 694 1288 a
712 1229 880 1306 quibusdam
895 1230 1049 1290 miscetur:
1071 1229 1121 1289 vel

132 1315 288 1394 papaveris
305 1312 435 1388 lacrima,
453 1321 500 1371 aut
514 1322 634 1372 tuscum
647 1313 779 1372 muliebri
792 1314 885 1372 laete:
903 1314 950 1372 vel
962 1331 1121 1373 amararum

131 1415 234 1457 uncum
253 1414 316 1455 cnm
339 1414 405 1456 rosa
424 1413 544 1456 succus:
564 1397 612 1456 vel
629 1399 771 1471 castorei,
792 1397 943 1472 myrrhae,
967 1398 1122 1475 papaveris

131 1482 269 1542 lacrimae
289 1499 375 1560 pares
398 1481 548 1560 portiones
569 1499 632 1542 cum
653 1498 755 1558 passo:
779 1481 828 1540 vel
849 1483 929 1541 croci
954 1499 982 1559 p.
996 1481 1053 1561 )·(.
1069 1480 1120 1545 :-.

131 1564 281 1640 myrrhae,
306 1565 435 1623 aluminis
457 1564 595 1640 scissilis,
620 1564 798 1641 singulorum
823 1582 851 1643 p.
876 1563 932 1642 )-(.
957 1582 982 1623 n.
1006 1563 1157 1642 quibus,rs

132 1649 197 1710 dum
220 1658 366 1724 teruntur,
390 1647 525 1726 paulatim
548 1650 703 1708 miscentur
720 1650 798 1726 passi
818 1648 914 1723 cyathi
930 1657 1008 1725 tres,
1026 1647 1121 1707 mellis

131 1735 223 1792 minus
244 1732 362 1807 cyatbo;
388 1731 472 1809 idque
496 1750 533 1790 ex
557 1733 655 1810 primis
675 1731 890 1791 medicamentis
913 1741 973 1791 est:
1002 1731 1050 1791 vel
1072 1747 1122 1810 pa·

132 1816 248 1895 paveris
275 1817 392 1876 lacrima
420 1834 457 1874 ex
483 1825 576 1875 aceto.
626 1817 707 1875 Licet
732 1817 816 1875 etiam
842 1817 1054 1894 compositione
1083 1815 1123 1873 uti

132 1901 328 1970 Themisonis3
359 1918 432 1979 quae
455 1899 541 1959 babet
571 1901 715 1975 castorei,
743 1901 939 1979 opopanacis,
967 1897 1123 1978 papaueris

132 1987 284 2060 lacrimae,
317 1985 494 2062 singulorum
520 2003 548 2062 p.
569 1983 625 2063 )·(.
647 1998 685 2044 11.
712 2002 830 2062 spumae
851 1984 918 2058 lycii
944 2001 973 2062 p.
997 1982 1157 2064 )·(.1v.2o

133 2088 207 2147 quae
239 2071 361 2128 contrita
384 2085 472 2146 passo
495 2069 697 2146 excipiuntur,
727 2068 822 2127 donee
845 2067 934 2126 cerati
959 2065 1122 2126 crassitudi-

131 2173 196 2213 nem
225 2152 368 2229 babeant,
399 2162 483 2229 atque
513 2153 550 2210 ita
572 2162 758 2230 reponuntur.
810 2151 866 2211 Ubi
894 2169 962 2210 usus
991 2151 1122 2228 requirit,

95 2307 100 2316 ¹
132 2255 231 2296 rursus
246 2236 273 2295 id
289 2236 540 2312 medicamentum,
566 2235 681 2314 adjecto
697 2252 800 2314 passo,
818 2235 927 2293 teritur.
966 2232 1040 2293 lllud
1058 2250 1123 2313 per·

133 2330 249 2399 petunm
281 2328 346 2396 est,
380 2321 618 2396 quotiescumque
646 2321 773 2379 crassius
801 2318 1037 2377 medicamentum
1067 2326 1122 2392 est,

133 2420 217 2480 quam
241 2411 269 2460 ut
292 2404 319 2460 in
344 2420 439 2461 aurem
465 2402 594 2462 instillari
617 2407 727 2483 possit,
757 2402 946 2477 adjiciendum
969 2419 1033 2461 eum
1055 2418 1122 2459 esse
1132 2419 1158 2460 ts

133 2485 303 2562 humorem,
334 2504 371 2543 ex
397 2503 453 2563 quo
479 2486 506 2545 id
533 2489 667 2565 componi
695 2487 802 2563 debet,
831 2485 923 2545 donee
948 2485 1018 2544 satis
1041 2484 1123 2561 liqui·

134 2568 200 2626 dum
216 2568 261 2626 sit.

193 2651 223 2709 2.
250 2654 280 2710 Si
300 2671 371 2712 vero
393 2672 447 2731 pus
472 2671 586 2731 quoque
611 2673 696 2713 aures
713 2653 832 2731 habent,
855 2662 936 2712 reete
951 2652 1056 2727 lycium
1070 2667 1125 2729 per

133 2754 166 2795 se
189 2735 358 2812 infunditur,
384 2747 430 2796 aut
451 2738 550 2797 irinum
567 2746 756 2814 unguentum
781 2745 828 2796 aut
843 2738 922 2815 porri
939 2752 1044 2794 succus
1061 2751 1124 2793 cum

133 2819 234 2889 melle;
258 2829 304 2880 ant
330 2823 467 2880 centaurii
489 2839 593 2880 succus
612 2839 793 2898 compasso:
817 2830 865 2880 aut
879 2820 971 2879 dulcis
987 2818 1054 2877 mali
1070 2835 1120 2895 pu·
1132 2836 1159 2879 ao

133 2906 188 2964 nici
213 2923 318 2964 succus
339 2906 365 2962 in
389 2907 479 2983 ipsius
503 2907 614 2964 cortice
630 2905 820 2984 tepefactus,
854 2904 966 2978 adjecta
990 2900 1123 2976 myrrhae

134 2990 239 3066 exigna
251 2999 343 3066 parte.
362 2987 453 3048 Recte
466 2991 549 3048 etiam
561 2990 716 3048 miscentur
728 2988 872 3064 myrrhae,
886 3005 969 3066 qnam
980 2975 1124 3063 στακτήν

136 3074 348 3148 cognominant,
367 3092 394 3150 p.
407 3071 463 3151 )·(.
476 3086 498 3131 1.
518 3074 597 3132 croci
613 3073 797 3147 tantumdem,
813 3089 902 3130 nuces
915 3087 1030 3130 amarae
1041 3081 1122 3129 xxv.

133 3154 228 3213 mellis
247 3156 482 3234 sesquicyathus:
507 3174 580 3234 quae
597 3159 735 3232 coutrita,
759 3173 843 3234 quum
858 3155 992 3214 utendum
1010 3162 1073 3228 est,
1095 3153 1124 3209 in

135 3239 245 3298 cortice
260 3240 326 3298 mali
342 3242 437 3317 punici
453 3241 601 3318 tepebunt.
623 3240 665 3299 Ει
679 3258 795 3318 quoque
807 3239 1031 3312 medicamenta,
1048 3254 1159 3315 quaeat

135 3323 193 3380 oris
220 3323 379 3382 exulcerati
402 3342 487 3382 causa
513 3333 741 3402 componuntur,
771 3342 863 3400 aeque
890 3322 989 3382 ulcera
1015 3322 1124 3381 aurium

135 3414 243 3464 sanant.
281 3407 363 3482 Quae
385 3409 408 3467 si
424 3409 581 3466 vetustiora
597 3416 678 3485 suut,
701 3417 729 3466 et
744 3407 830 3467 multa
847 3409 941 3466 sanies
958 3406 1034 3480 lluit,
1058 3413 1124 3483 apta

134 3491 307 3566 compositio
336 3499 396 3565 est,
426 3509 498 3569 qnae
518 3492 553 3551 ad
579 3500 725 3551 auctorem
752 3490 956 3551 Erasistratum
981 3489 1124 3565 relertur:
