2414 3924
128 177 187 244 198
417 191 449 237 s.
468 189 822 239 cenomannorum

184 346 224 407 Αι
246 347 270 405 si
291 345 421 421 nigrities
444 353 504 420 est,
531 343 691 421 nequedum
714 347 819 424 serpit,
849 347 1021 425 imponenda
1044 359 1124 429 sunt,

126 448 200 512 quae
223 447 337 490 carnem
360 439 470 507 putrem
494 429 586 488 lenius
608 427 747 500 exedant:
770 438 1014 509 repurgatumque
1036 433 1124 495 ulcus

126 518 169 577 sic
189 522 219 574 ut
239 521 354 586 cetera,
377 512 553 572 nutriendum
575 520 628 571 est.
665 511 696 570 Si
712 514 805 589 magis
820 521 902 591 putre
920 524 980 590 cst,
999 515 1124 595 jamque

126 597 260 680 procedit
275 614 310 656 ac
325 598 429 675 serpit,
446 614 519 676 opus
536 604 581 655 εει
596 594 793 656 vehementius
810 596 1007 659 erodentibus.
1036 601 1067 659 Si
1084 619 1124 662 ne

125 685 200 744 baec
218 680 331 761 quidem
348 681 498 757 evincunt,
521 680 602 739 aduri
618 678 701 738 locus
716 679 818 754 debet,
842 680 937 740 donec
953 700 991 740 ex
1006 701 1043 743 eo
1058 685 1147 746 nul-s

125 769 171 829 lus
193 767 294 826 humor
314 764 437 824 feratur:
461 782 524 824 nam
546 762 623 841 quod
644 781 742 823 sanum
763 773 823 838 est,
848 765 954 824 siccum
971 775 1018 825 est
1034 785 1123 846 quum

125 852 261 913 aduritur.
294 847 364 908 Post
385 851 525 907 ustionem
547 849 636 925 putris
659 847 786 923 ulceris,
807 850 1032 927 superponenda
1055 862 1124 912 sunt

126 953 201 1016 quae
217 941 329 993 crustas
344 949 360 991 a
377 934 444 991 vivo
457 932 616 992 resolvant.
654 930 710 992 Ubi
726 948 779 991 eae
795 932 976 1009 exciderunt,
993 951 1122 1012 purgan-

126 1021 192 1082 dum
224 1018 306 1077 ulcus
333 1018 455 1076 maxime
474 1015 561 1075 melle
583 1023 611 1074 et
632 1016 728 1074 resina
752 1023 813 1076 est:
843 1016 895 1075 sed
917 1017 980 1076 aliis
1002 1035 1123 1096 quoque

127 1102 243 1183 purgari
260 1109 371 1178 potest,
394 1099 496 1178 quibus
512 1097 661 1178 purulenta
678 1108 826 1168 curantur;
856 1099 1016 1180 eodemque
1031 1102 1122 1163 modo
1135 1127 1159 1167 ro

127 1186 161 1247 ad
178 1186 326 1244 sanitatem
342 1183 555 1262 perducendum
572 1191 625 1241 εει.

188 1267 237 1327 34.
261 1266 458 1342 Gangraenam
475 1285 562 1342 vero,
580 1268 604 1325 si
615 1266 739 1325 nondum
752 1266 837 1345 plane
850 1275 945 1343 tenet,
963 1268 1014 1327 sed
1028 1269 1124 1331 adbuc

127 1353 244 1429 incipit,
267 1369 368 1410 curare
389 1368 446 1410 non
469 1350 664 1409 difficillimum
687 1359 745 1418 est;
766 1352 864 1430 utique
884 1351 912 1409 in
936 1368 1064 1428 corpore
1074 1354 1122 1428 ju-

128 1434 229 1495 venili:
253 1443 281 1493 ει
301 1435 391 1510 magis
414 1434 499 1493 etiam
521 1435 546 1492 si
565 1434 686 1493 musculi
708 1435 814 1511 integri
829 1443 909 1501 sunt;
934 1435 959 1493 si
973 1436 1056 1494 nervi
1070 1437 1121 1495 vel

127 1520 199 1580 laesi
223 1535 280 1578 non
296 1527 374 1594 sunt,
397 1518 444 1577 vel
460 1517 566 1577 leviter
581 1518 678 1578 allecti
693 1527 773 1585 sunt;
796 1535 890 1596 neque
906 1518 980 1577 ullus
996 1536 1120 1595 magnus
1132 1544 1157 1584 ιε

128 1602 264 1664 articulus
279 1603 398 1661 nudatus
414 1610 473 1670 est;
489 1610 537 1661 aut
551 1602 645 1661 carnis
662 1603 690 1660 in
702 1619 738 1660 eo
751 1601 819 1662 loco
832 1602 946 1680 paulum
961 1611 1022 1678 est,
1038 1602 1120 1663 ideo·

128 1705 184 1767 que
195 1703 253 1746 non
264 1686 395 1761 multum,
411 1685 489 1763 quod
501 1694 698 1765 putresceret,
710 1685 779 1752 iuit;
799 1687 987 1763 consistitque
1003 1703 1039 1745 eo
1051 1686 1119 1746 loco

128 1773 242 1846 vitium,
259 1770 335 1849 quod
351 1773 472 1829 maxime
490 1770 553 1830 lieri
569 1771 597 1828 in
612 1769 702 1846 digito
719 1778 825 1847 potest.
847 1769 879 1830 ln
891 1769 1033 1843 ejusmodi
1050 1788 1120 1830 casu

128 1858 249 1936 primum
275 1863 335 1929 est,
359 1854 382 1913 si
405 1856 483 1913 vires
505 1857 663 1932 patiuntur,
682 1854 849 1930 sanguinem
865 1855 993 1913 mittere:
1015 1852 1119 1914 deinde

127 1938 263 2019 quidquid
277 1937 385 1997 aridum
402 1947 463 2015 est,
481 1948 510 1998 et
522 1938 680 1998 intentione
695 1936 815 2016 quadam
828 1939 988 2016 proximum
1002 1954 1119 2017 quoque
1129 1965 1155 2003 ει

127 2024 222 2085 Ιοειιιιι
238 2022 312 2082 male
329 2022 431 2098 babet,
448 2041 539 2100 usque
558 2040 657 2081 sanum
675 2038 782 2098 corpus
798 2021 963 2081 concidere.
993 2019 1119 2081 Medica·

127 2117 221 2167 menta
238 2123 326 2181 vero,
349 2106 413 2165 dum
427 2107 530 2166 malum
551 2107 660 2183 serpit,
677 2103 837 2164 adhibenda
853 2104 931 2165 nulla
949 2113 1027 2180 sunt,
1045 2123 1120 2182 quae

127 2209 180 2268 pus
208 2207 327 2249 movere
354 2198 541 2256 consuerunt;
570 2190 753 2267 ideoquene
777 2206 851 2266 aqua
878 2187 991 2267 quidem
1015 2188 1118 2248 calida.
1203 2249 1205 2253 ,

128 2274 231 2333 Gravia
255 2289 386 2350 quoqne,
407 2273 535 2348 quamvis
553 2273 756 2349 reprimentia,
781 2271 874 2332 aliena
899 2280 977 2339 sunt;
1002 2270 1055 2331 sed
1075 2272 1120 2331 his

128 2373 211 2434 quam
233 2356 389 2416 levissimis
415 2373 488 2433 opus
514 2364 572 2414 est:
601 2373 746 2434 superque
773 2373 822 2430 ea,
850 2373 924 2432 quae
949 2354 1156 2420 inllammataae

126 2448 207 2513 sunt,
234 2439 369 2498 utendum
393 2447 437 2497 εει
457 2437 707 2514 refrigerantibus.
743 2440 773 2498 Si
793 2439 882 2498 nihilo
902 2440 994 2515 magis
1015 2438 1120 2497 malum

128 2523 271 2597 constitit,
294 2523 337 2580 uri
361 2520 389 2580 id
411 2521 486 2599 quod
510 2531 554 2581 est
578 2523 651 2582 inter
667 2523 810 2599 integrum
826 2541 861 2582 ac
879 2525 1007 2581 vitiatum
1023 2521 1120 2580 locum

127 2606 223 2665 debet.
248 2604 466 2684 Praecipueque
490 2609 518 2665 in
538 2606 595 2666 boc
613 2624 681 2666 casu
695 2606 868 2685 petendum,
891 2624 948 2665 non
963 2624 979 2665 a
995 2605 1120 2664 medica-

125 2691 229 2750 mentis
244 2689 354 2765 solnm,
372 2689 424 2749 sed
441 2692 524 2750 etiam
540 2691 662 2750 evictus
674 2691 787 2750 ratione
804 2692 978 2768 praesidium
993 2698 1051 2749 est:
1069 2708 1119 2748 ne-

127 2792 183 2853 que
209 2773 283 2832 enim
308 2772 337 2831 id
361 2775 481 2850 malum,
502 2775 556 2834 nisi
580 2776 708 2853 corrupti
731 2775 886 2852 vitiosique
908 2775 1041 2851 corporis
1064 2781 1156 2835 estao

125 2858 207 2934 Ergo
224 2858 332 2935 primo,
349 2860 403 2918 nisi
420 2859 601 2918 imbecillitas
617 2857 766 2937 prohibet,
782 2858 954 2918 abstinentia
970 2856 1118 2922 utendum:

126 2942 230 3004 deinde
246 2942 353 3018 danda,
370 2961 443 3021 quae
461 2961 514 3021 per
531 2942 622 3002 cibum
640 2944 845 3021 potionemque
862 2943 975 3017 alvum,
994 2941 1120 3017 ideoque

127 3030 210 3087 etiam
226 3044 348 3105 corpus,
371 3027 563 3103 adstringant;
587 3028 639 3086 sed
661 3044 695 3086 ea
716 3026 802 3086 levia.
830 3025 953 3102 Postea,
977 3028 1000 3084 si
1023 3025 1121 3083 vitium

127 3112 268 3188 constitit,
291 3112 398 3189 imponi
421 3129 510 3189 super
533 3110 634 3170 vulnus
649 3110 749 3170 eadem
765 3109 888 3184 debent,
905 3128 979 3187 quae
1001 3110 1029 3166 in
1045 3109 1120 3185 putri

126 3196 225 3255 ulcere
242 3196 424 3274 praescripta
441 3204 514 3253 sunt.
542 3194 587 3252 Ac
599 3204 654 3253 tum
668 3212 786 3272 quoque
802 3195 984 3272 plenioribus
998 3190 1070 3252 cibis
1081 3192 1121 3249 uti
1131 3209 1156 3250 au

126 3279 226 3339 licebit
241 3298 278 3338 cx
293 3279 386 3338 media
402 3280 538 3346 materia;
556 3277 607 3337 sed
621 3287 714 3338 tamen
728 3296 787 3339 non
802 3280 857 3337 nisi
875 3277 984 3353 alvum,
1001 3292 1120 3353 corpus·

125 3380 182 3440 que
198 3364 389 3431 siccantibus;
413 3380 486 3440 aqua
507 3378 578 3420 vero
602 3361 719 3438 pluviali
739 3361 855 3438 frigida.
893 3361 1048 3434 Balneum,
1065 3359 1120 3417 nisi

121 3446 182 3520 jam
198 3455 277 3506 certa
294 3446 396 3507 fiducia
418 3445 547 3506 redditae
569 3445 696 3504 sanitatis
718 3455 783 3522 est,
807 3446 929 3505 alienum
950 3452 1009 3504 est:
1035 3444 1122 3520 siqui-
