2414 3924
386 225 435 272 on
456 225 517 272 orn
539 224 671 273 uerum
694 223 770 272 cur.
786 223 818 272 v.
1065 208 1086 272 9

117 364 276 426 credulitas
300 365 423 444 recepit.
468 381 548 423 nunc
569 381 640 424 vero
667 381 701 424 eo
724 363 858 423 licentiae
880 361 994 439 poetica
1017 372 1137 440 pro-12

117 451 205 513 cessit
226 449 331 520 libido,
355 450 454 509 utrix
475 448 578 509 auditu
597 448 720 509 ferenda
744 442 927 524 contingant,
949 451 1016 525 post
1033 445 1086 507 ho-

118 537 230 596 minum
252 535 427 594 memoriam
449 534 654 612 progeneratis
674 534 732 593 iam
754 530 891 609 gentibus
913 537 943 591 et
962 529 1087 592 urbibus

118 621 242 681 conditis
264 618 399 677 homines
416 624 528 678 eterra
550 617 674 679 diversis
689 616 785 676 modis
806 617 915 686 editoe,
943 622 975 676 ut
990 616 1021 675 in
1036 617 1086 676 At·

83 714 99 765 5
117 706 173 765 tica
189 704 285 763 fertur
300 703 423 779 regione
438 701 648 763 Erichthonius
671 720 707 762 ex
722 700 845 761 Vulcani
867 700 979 761 semine
994 701 1086 761 humo

118 794 254 857 exortus,
278 794 306 847 et
322 787 351 845 in
367 784 507 847 Colchide
529 785 575 847 vel
591 787 712 847 Bneotia
728 787 849 847 consitis
872 786 975 864 anguis
991 785 1086 846 denti-

117 873 174 932 bus
195 872 300 932 armati
316 877 484 949 spartoeve,
508 889 524 931 e
540 870 647 949 quibus
662 877 765 931 mutua
782 871 871 931 caede
892 872 971 930 inter
987 888 1018 930 se
1034 888 1086 930 ne·

118 957 191 1017 catis
207 957 294 1034 pauci
310 973 467 1035 superasse
482 955 649 1026 traduntur,
668 956 764 1035 quiin
780 955 900 1016 conditu
916 954 1087 1016 Thebarum

65 1098 79 1113 ,
118 1042 228 1103 Cadmo
245 1041 356 1101 luerint
378 1040 562 1110 adiumento,
591 1058 722 1101 necnon
738 1040 768 1100 in
790 1055 861 1116 agro
878 1040 1086 1117 Tarquiniensi
1105 1047 1137 1096 13

68 1138 99 1186 1o
117 1143 193 1204 puer
216 1125 322 1185 dicitur
338 1124 454 1185 divinus
470 1133 607 1186 exaratus
623 1126 742 1185 nomine
756 1123 866 1202 Tegee,
891 1125 942 1203 qui
957 1123 1085 1202 discipli-

117 1228 187 1271 nam
207 1211 348 1270 cecinerit
370 1210 528 1289 extispicii,
560 1228 649 1291 quam
672 1209 846 1270 lucumones
866 1217 930 1270 tum
950 1209 1087 1270 Etruriae

117 1301 254 1375 potentes
269 1297 498 1372 exscripserunt.

181 1379 331 1440 Hactenus
352 1379 388 1439 de
409 1381 504 1457 prima
519 1380 675 1440 hominum
692 1379 820 1457 origine:
850 1387 981 1439 ceterum
1004 1378 1084 1457 quod
1101 1377 1120 1436 5

119 1463 154 1525 ad
182 1471 355 1542 praesentes
374 1471 494 1525 nostros
514 1466 644 1542 pertinet
669 1462 782 1524 natales
809 1480 973 1541 eorumque
994 1463 1085 1534 initio,

68 1557 100 1608 15
118 1566 206 1628 quam
222 1555 327 1626 potero
344 1549 509 1628 conpendio
525 1549 631 1609 dicam.

181 1633 274 1710 lgitur
290 1651 392 1693 semen
415 1633 494 1693 unde
517 1639 601 1693 exeat
621 1634 698 1692 inter
719 1632 881 1709 sapientiae
903 1633 1087 1709 professores
1104 1637 1120 1685 2

118 1736 178 1777 non
200 1723 322 1778 constat.
354 1716 546 1776 Parmenides
568 1718 645 1776 enim
660 1723 722 1776 tum
740 1734 775 1776 ex
791 1716 901 1776 dextris
916 1722 979 1776 tum
996 1735 1011 1776 e
1028 1714 1087 1776 lae-

117 1803 161 1862 vis
177 1799 311 1876 partibus
327 1801 399 1859 oriri
414 1802 536 1879 putavit.
567 1799 700 1879 Hipponi
715 1818 785 1861 vero
797 1801 1000 1878 Metapontino
1016 1801 1085 1870 sive,

117 1892 150 1945 ut
170 1885 363 1944 Aristoxenus
383 1891 486 1945 auctor
507 1892 566 1954 est,
598 1885 695 1945 Samio
723 1902 758 1945 ex
780 1883 917 1946 medullis
938 1883 1086 1961 profluere

67 1979 101 2028 20
119 1985 220 2029 semen
237 1968 367 2038 videtur,
388 1968 477 2047 idque
493 1988 528 2030 eo
543 1968 679 2048 probari,
702 1969 780 2047 quod
797 1963 863 2046 post
878 1969 1087 2031 admissionem

118 2052 267 2131 pecudum
282 2054 306 2112 si
323 2055 388 2132 quis
402 2071 501 2115 mares
515 2054 679 2122 interimat,
702 2053 844 2115 medullas
860 2061 961 2133 utpote
977 2054 1086 2115 exhau-

118 2146 177 2197 stas
193 2154 253 2196 non
268 2139 407 2215 reperiat.
440 2139 491 2199 sed
507 2138 585 2198 hanc
600 2139 770 2216 opinionem
787 2137 921 2199 nonnulli
937 2137 1085 2206 refellunt,

118 2229 151 2283 ut
170 2223 360 2300 Anaxagoras
381 2222 567 2283 Democritus
589 2231 618 2285 et
638 2221 799 2284 Alcmaeon
823 2223 1023 2285 Crotoniates:
1055 2223 1086 2283 hi
1104 2229 1120 2278 3

73 2337 75 2343 .
120 2308 197 2368 enirn
220 2313 287 2384 post
307 2324 430 2386 gregum
452 2309 672 2369 contentionem
694 2326 754 2369 non
775 2306 912 2370 medullis
927 2308 1015 2368 modo
1037 2326 1086 2368 re-

188 2495 210 2543 1.
234 2495 347 2559 poetice
365 2495 511 2556 Manutius,
539 2506 672 2559 poerroae
690 2494 746 2542 DV
812 2495 837 2545 2.
861 2508 1045 2559 consurgene
1063 2494 1088 2543 D

119 2567 178 2611 aute
196 2577 260 2620 ros„
279 2578 347 2613 corr.
367 2564 385 2612 d
452 2563 478 2614 4.
497 2577 512 2610 e
531 2563 549 2611 d
567 2559 604 2624 (in
621 2559 686 2624 rue.)
710 2561 746 2624 V,
767 2576 800 2612 ex
819 2565 884 2615 coni.
901 2562 1020 2612 Halmius

118 2630 142 2679 5.
168 2629 364 2680 enrcenhoruus
387 2630 425 2691 D,
461 2628 630 2680 ericthonius
658 2630 684 2677 V
750 2629 830 2680 homo
857 2630 883 2678 V
950 2631 974 2680 6.
1003 2629 1087 2680 chou-

118 2695 198 2745 chibe
210 2697 267 2745 DV
333 2699 357 2749 7.
378 2692 664 2761 artoarto.panroroe
677 2697 739 2758 DV,
753 2698 854 2747 armati
866 2701 977 2762 sparteo
990 2698 1088 2747 Iabnuc

119 2764 160 2812 10.
179 2762 292 2814 divinus
304 2765 489 2824 Lachmannus,
508 2762 643 2815 diuturnus
661 2764 720 2813 DV
786 2768 917 2814 exaratus
936 2765 1087 2825 Guilielmus,

119 2844 261 2880 exorsurus
284 2832 309 2880 D
325 2829 377 2891 V1,
409 2835 519 2880 exortus
546 2832 574 2881 V
577 2831 588 2864 ²
617 2835 643 2882 in
665 2847 745 2896 marg.
816 2834 856 2881 11.
888 2831 981 2881 lucum
1002 2830 1088 2880 hone·

118 2901 189 2947 etum
216 2897 244 2945 V
315 2900 355 2947 12.
381 2913 603 2950 exscnrnsenuur
626 2900 651 2948 Ι)
726 2900 766 2949 14.
788 2913 945 2963 penrcueuu
967 2899 1023 2947 JlV

119 2966 159 3016 15.
177 2962 263 3014 dicem
283 2965 304 3025 (i
322 2965 466 3031 dieras.)
485 2967 510 3016 D
581 2968 621 3017 17.
642 2965 743 3016 dextris
762 2963 825 3029 (tris
843 2969 861 3017 d
878 2968 904 3016 in
921 2963 988 3030 ras.)
1006 2964 1031 3013 D

119 3048 133 3081 e
152 3034 244 3081 uacuis
264 3029 317 3097 (uis
337 3035 355 3083 d
371 3034 398 3082 in
415 3035 535 3096 roc.)1),
561 3033 632 3084 leuis
655 3035 681 3083 V
748 3035 789 3084 18.
809 3034 875 3085 oriri
897 3035 937 3083 ed.
956 3032 1087 3096 Bartsch,

118 3095 190 3149 abhu
209 3101 232 3148 Ι)
251 3096 271 3161 (ι
289 3117 363 3165 apr.
382 3117 421 3161 nc,
440 3107 468 3151 ut
485 3099 610 3165 uidetur),
635 3100 706 3151 adiri
734 3101 770 3165 V,
792 3101 906 3164 forsitan
929 3101 986 3150 olim
1006 3100 1089 3164 fuerit

118 3172 175 3217 tum
196 3182 229 3217 ex
247 3166 362 3219 dextera
380 3172 437 3218 tum
456 3185 471 3219 e
489 3168 574 3220 laeva
592 3173 672 3234 parte
691 3168 811 3218 suboriri
878 3168 1001 3235 hrppont
1017 3167 1073 3218 DV

117 3249 189 3286 ueno
208 3250 241 3286 er
259 3237 284 3285 D
352 3238 393 3287 20.
412 3236 530 3301 probare
553 3234 606 3296 V1,
629 3252 698 3288 corr.
716 3239 782 3286 m.2
851 3238 892 3286 21.
914 3234 1044 3301 pecodum
1062 3235 1088 3282 D

119 3316 261 3354 meremur
277 3303 281 3368 Ι
296 3315 421 3368 pentmar
433 3305 470 3363 D,
489 3306 526 3355 ad
535 3318 564 3355 ru
580 3306 599 3355 d
613 3318 743 3369 superarer.
757 3317 770 3353 s
788 3302 897 3368 (omuino
909 3305 987 3369 igitur
997 3315 1089 3353 mareu

118 3372 175 3420 sint
192 3369 268 3437 cet),
287 3386 378 3422 mares
395 3372 515 3437 perimat
537 3373 568 3431 V,
587 3387 655 3424 corr.
674 3371 772 3422 Iubnue
839 3373 881 3423 22.
900 3371 1044 3436 repperiet
1064 3366 1093 3418 V

117 3439 158 3490 23.
177 3451 326 3506 augemeou
344 3440 380 3499 D,
402 3440 527 3490 alcmeon
548 3440 575 3490 V
640 3441 681 3491 24.
700 3454 816 3506 gregum
834 3440 985 3498 Guilielmue
1003 3442 1090 3506 poue*

117 3517 177 3558 cato
196 3508 234 3570 D,
251 3521 364 3573 grecam
385 3507 414 3556 V
