2414 3924
122 185 185 249 200
414 193 447 238 u.
464 190 494 240 c.
512 190 611 241 cucur
626 192 819 241 unmcmsn

124 352 254 422 colorem
275 351 397 408 maxime
420 365 490 408 sano
517 349 634 425 corpori
651 347 772 406 similem
790 348 904 425 accipit.
939 346 1017 407 Idem
1036 349 1122 409 radix

124 435 267 496 sllvestris
288 435 448 492 cucumeris
469 440 612 511 praestat:
638 431 713 490 idern
728 431 916 509 compositio,
938 449 1012 508 quae
1030 432 1121 492 babet

124 519 236 579 elaterii
257 535 286 595 p.
301 517 358 595 )·(.
381 529 403 574 1.
429 533 547 594 spumae
564 515 676 590 argenti
691 532 719 592 p.
735 514 790 593 )·(.
809 528 845 573 11.
862 518 999 591 unguenti
1017 533 1046 593 p.
1062 517 1121 596 )·(.

123 616 183 662 vn.
209 617 283 679 quae
306 599 488 676 excipiuntur
508 600 604 657 resina
625 598 832 674 terebinthina,
854 598 948 657 donec
971 600 1121 677 emplastri

125 683 286 746 crassitudo
303 702 340 742 ex
364 683 494 741 omnibus
511 681 568 741 liat.
600 681 644 741 Ac
659 683 758 757 nigras
777 698 893 759 quoque
909 684 1064 742 cicatrices
1078 684 1145 748 les

123 773 198 829 niter
217 775 341 846 purgant
356 766 474 845 paribus
491 766 673 843 portionibus
687 766 774 824 mixta
799 783 909 841 aerugo
926 775 955 825 et
974 766 1122 844 plumbum

124 854 247 927 elotum,
266 851 424 927 eademque
440 850 536 908 resina
555 859 672 917 coacta3
689 850 752 907 sive
767 850 882 925 ungitur
894 851 1025 926 cicatrix,
1043 852 1123 928 quod

123 940 152 996 ln
166 937 243 996 facie
260 937 322 994 lieri
340 943 453 1013 potest:
478 935 541 992 sive
561 933 589 992 id
609 942 639 991 ut
657 932 843 1009 emplastrum
858 934 1026 1010 imponitur,
1043 935 1123 1012 quod
1186 973 1189 978 -

124 1022 152 1080 in
167 1020 231 1081 aliis
247 1018 376 1098 partibus
393 1015 570 1077 commodius
587 1027 641 1076 εει.
675 1016 713 1074 At
729 1018 753 1075 si
770 1016 817 1075 vel
838 1017 970 1075 excrevit
988 1018 1122 1095 cicatrix,

91 1101 92 1104 ’
125 1105 173 1163 vel
190 1120 319 1163 concava
336 1110 401 1175 εει,
418 1101 533 1160 stultum
550 1109 594 1159 est
609 1100 726 1159 decoris
738 1118 933 1159 cansarursns
946 1110 975 1159 et
986 1100 1121 1162 dolorem
1132 1112 1157 1153 ¹⁰

125 1197 154 1247 et
166 1187 335 1246 medicinam
351 1187 509 1244 sustinere:
527 1184 652 1262 alioquin
664 1202 713 1242 res
729 1186 841 1261 utrique
856 1184 986 1242 succurri
1002 1188 1119 1262 patitur.

125 1269 272 1347 Siquidem
289 1277 409 1345 utraque
422 1269 543 1327 cicatrix
556 1267 720 1326 exulcerari
732 1267 876 1344 rcalpello
889 1277 1001 1345 potest:
1020 1269 1044 1327 si
1061 1288 1120 1329 me·

126 1354 314 1414 dicamentunr
326 1352 429 1430 ailquis
440 1352 562 1426 mavult,
581 1351 656 1410 idem
670 1351 798 1410 efficiunt
811 1353 1041 1429 compositiones
1053 1372 1120 1428 eae,

127 1454 200 1515 qnae
230 1453 337 1514 corpus
364 1436 498 1495 exedunt.
530 1433 601 1493 Cute
629 1434 814 1508 exulcerata,
838 1453 926 1514 super
949 1437 1120 1496 eminentem

127 1537 241 1581 carnem
262 1518 415 1579 exedentia
431 1520 639 1578 medicamenta
652 1519 834 1593 conjIcienda
849 1528 928 1584 sunt;
945 1537 1033 1597 super
1051 1532 1158 1582 con-1⁵

126 1621 242 1678 cavam,
266 1603 425 1680 impleutIa;
448 1603 542 1662 donec
566 1610 717 1679 utrumqne
736 1601 818 1660 ulcus
837 1620 924 1662 sanae
941 1603 997 1662 cuti
1013 1621 1120 1681 aequa·

125 1698 190 1749 tura
206 1697 235 1747 et
251 1697 306 1746 tum
325 1688 444 1745 cicatrix
462 1686 620 1745 inducatur.

426 1922 608 1984 CAPUT
641 1923 820 1983 XXVII.

238 2041 273 2090 De
291 2043 418 2091 curatione
436 2041 579 2099 vulnerum,
599 2055 663 2103 quae
679 2053 724 2104 per
742 2052 842 2088 morsus
859 2038 1011 2087 inferuntur.

192 2194 218 2250 l.
240 2192 305 2250 Dixi
319 2192 396 2250 deiis
408 2191 585 2266 vulneribus,
599 2209 672 2268 quae
684 2193 806 2249 maxime
816 2209 868 2268 per
877 2190 934 2250 tela
945 2190 1117 2248 iuleruntur:
1128 2201 1155 2240 ει

126 2276 272 2352 sequitur,
288 2283 317 2332 ut
332 2275 367 2333 de
386 2277 420 2333 iis
436 2274 543 2349 dicam,
566 2292 640 2350 quae
657 2291 752 2333 morsu
770 2276 855 2349 liunt,
873 2274 1012 2333 interdum
1029 2272 1118 2331 bomi-

126 2360 169 2416 nis
190 2358 244 2434 (cl.
262 2359 333 2418 Plin.
355 2356 466 2432 XVIII,
491 2358 528 2431 4,
551 2355 603 2435 8),
625 2359 764 2417 interdum
780 2360 893 2434 simiae,
916 2375 1005 2434 saepe
1024 2359 1118 2431 canis,

125 2457 334 2518 nonnumquam
349 2441 476 2499 ferorum
492 2441 666 2517 animalium,
683 2451 730 2500 aut
746 2445 931 2520 serpentium.
959 2440 1056 2499 Omnis
1069 2458 1118 2498 au-

126 2532 181 2582 tem
202 2523 265 2580 lere
288 2541 402 2582 morsus
419 2525 505 2582 babet
521 2524 664 2601 quoddam
680 2527 767 2585 vlnus.
800 2525 901 2603 ltaque
919 2526 943 2583 si
960 2523 1119 2582 vehemens

126 2606 227 2664 vulnus
249 2617 309 2683 est,
332 2607 509 2667 cucurbitula
533 2608 709 2668 admovenda
732 2619 791 2669 est:
814 2611 838 2669 ri
860 2610 969 2680 levius,
986 2607 1118 2685 protinus
1129 2623 1155 2662 cs

126 2689 309 2766 emplastrum
332 2692 530 2767 injiciendum,
553 2694 770 2772 praecipueque
791 2694 933 2770 Diogenis
950 2691 1024 2770 (19,
1043 2690 1118 2770 20);

125 2775 148 2833 ri
170 2772 197 2831 id
213 2792 269 2833 non
287 2785 348 2852 est,
371 2777 519 2854 quodlibet
537 2778 641 2850 exiis,
665 2795 738 2854 quae
761 2777 902 2836 adversus
919 2793 1032 2834 morsus
1050 2792 1118 2852 pro-

125 2859 224 2935 posui;
255 2863 278 2919 si
299 2879 409 2920 eanon
432 2871 512 2935 sunt,
538 2861 630 2919 vlridc
653 2861 866 2920 alexandrinum
890 2860 963 2938 (19,
988 2860 1064 2937 tt);
1094 2859 1118 2916 si
1184 2894 1187 2898 -

124 2961 160 3002 ne
183 2944 210 3002 id
227 2946 340 3021 quidem
357 2955 418 3020 est,
444 2945 593 3023 quodlibet
608 2961 665 3003 non
681 2946 788 3022 pingue
804 2963 841 3004 ex
857 2945 909 3019 iis,
928 2961 1001 3021 quae
1015 2961 1117 3001 recen·

125 3027 199 3086 tibus
221 3029 388 3088 vulneribus
412 3029 672 3088 accommodantur.
708 3029 756 3087 Sal
781 3046 897 3107 quoque
920 3028 982 3099 bis,
1004 3027 1153 3105 praeci-ao

124 3129 237 3189 pueque
258 3114 300 3188 ei,
326 3112 403 3192 qnod
420 3113 499 3171 canis
515 3113 603 3186 lecit,
628 3111 863 3171 medicamentum
880 3120 940 3187 est,
966 3110 990 3168 si
1005 3109 1118 3168 vulneri

123 3197 292 3272 imponitur,
316 3215 461 3274 superque
484 3196 512 3255 id
536 3195 646 3254 dnobus
668 3197 764 3272 digitis
780 3194 966 3254 verberatur:
987 3195 1119 3253 exsaniat

123 3280 206 3337 enim.
243 3280 289 3339 Ac
311 3281 512 3339 salsamentum
536 3297 652 3357 quoque
672 3290 753 3338 recte
770 3297 858 3356 super
875 3278 903 3337 id
924 3277 1026 3336 vulnus
1045 3277 1117 3335 deli-

122 3370 215 3436 gatar.

188 3447 216 3504 2.
238 3448 344 3525 Utique
369 3456 479 3522 autem,
511 3448 534 3504 si
566 3447 698 3506 rabiosus
727 3445 806 3504 canis
839 3446 906 3522 luit,
939 3442 1155 3504 cucurbitulam
