2414 3924
131 239 171 301 62
425 250 458 297 s.
475 247 505 297 c.
522 246 621 296 censs
635 245 828 294 uunrcmrn

131 406 245 468 modurn
268 403 418 465 vindicant.
453 402 624 463 Liberaliter
644 419 733 479 agere
756 419 789 460 se
811 401 945 473 credunt,
962 401 1021 474 qui,
1039 419 1125 482 quurn

133 499 230 553 cetera
246 488 359 548 iliorum
375 487 493 548 arbitrio
509 485 686 564 relinquant,
707 485 735 543 in
750 503 860 562 genere
876 489 932 548 cibi
946 480 1032 547 liberi
1045 496 1126 554 sunt;

133 575 214 654 quasi
229 582 391 651 quaeratur,
410 569 478 651 quid
494 569 607 629 medico
624 569 721 645 liceat,
737 586 794 629 non
810 571 876 648 quid
892 586 983 646 aegro
998 569 1124 630 salutare

132 660 178 718 sit.
209 655 262 718 Gni
278 655 464 716 vehementer
478 664 581 729 nocet,
597 654 712 732 quoties
728 653 757 711 in
772 653 852 728 ejus,
868 652 945 733 quod
961 655 1124 730 assumitur,

131 741 179 802 vel
195 751 336 819 tempore,
353 739 401 799 vel
416 737 510 814 modo,
527 737 576 797 vel
591 754 701 814 genere
717 745 864 816 peccatur.
1135 773 1148 813 5

457 904 644 967 CAPUT
676 905 797 966 XVII.

486 1018 523 1068 De
539 1020 632 1069 sudore
648 1017 779 1068 eliciendo.

197 1156 291 1217 Sudor
307 1156 392 1216 etiarn
407 1154 517 1215 dnobus
531 1154 624 1216 modis
639 1155 767 1215 elicitur:
789 1163 836 1214 aut
851 1155 931 1215 sicco
947 1155 1062 1231 calore,
1079 1163 1127 1215 aul

133 1240 248 1302 balneo.
277 1240 378 1299 Siccus
401 1239 481 1300 calor
496 1249 556 1314 cst,
581 1248 610 1298 et
624 1257 730 1299 arenae
746 1238 870 1314 calidae,
888 1248 916 1297 et
932 1238 1072 1312 laconici,
1099 1248 1127 1299 et

135 1325 239 1386 clibani
261 1324 316 1403 (cf.
334 1321 447 1383 Oribas.
469 1321 496 1400 l,
520 1340 549 1402 p.
573 1321 667 1400 563),
696 1332 725 1382 et
753 1322 934 1401 quarumdam
957 1322 1125 1383 naturalium
1137 1344 1161 1384 lo

135 1408 329 1482 sudationum,
350 1406 397 1466 ubi
414 1425 430 1466 e
445 1416 522 1467 terra
537 1407 673 1485 profusus
695 1406 803 1466 calidus
821 1424 914 1485 vapor
936 1406 1069 1466 aedificio
1085 1409 1125 1466 in·

135 1491 271 1568 cluditur,
293 1493 367 1553 sicut
384 1508 473 1569 super
492 1490 578 1566 Baias
598 1491 653 1569 (cf.
671 1491 770 1551 Horat.
792 1488 893 1569 Epist.
915 1491 942 1567 l,
966 1492 1019 1566 15,
1042 1509 1069 1549 v.
1089 1488 1125 1566 2)

134 1580 163 1637 in
177 1576 305 1636 murtetis
320 1575 457 1634 babemus
474 1575 528 1653 (cf.
544 1574 581 1651 11,
597 1573 665 1653 21).
695 1574 815 1634 Praeter
831 1574 904 1635 haec
920 1573 982 1634 sole
998 1590 1124 1652 quoqne,

134 1669 163 1720 et
189 1661 395 1720 exercitatione
420 1660 445 1718 is
471 1667 611 1719 movetur.
652 1658 796 1737 Utiliaque
825 1658 898 1718 baec
921 1675 1030 1736 genera
1050 1665 1124 1731 sunt,

134 1745 247 1825 quotics
268 1742 369 1803 bnmor
389 1744 463 1803 intus
485 1751 585 1820 nocet,
612 1742 694 1821 isque
715 1742 889 1819 digerendus
907 1751 960 1802 cst.
993 1740 1161 1806 boner-15

134 1844 359 1908 eorumquoque
374 1825 591 1906 quaedam'vitia
603 1826 647 1886 sic
662 1827 769 1904 optime
784 1835 926 1886 curantur.
954 1824 1012 1885 Sed
1029 1833 1125 1885 cetera

133 1912 250 1971 infirmis
261 1919 382 1989 possunt
394 1913 569 1971 convenire:
586 1909 630 1971 sol
643 1919 672 1970 et
684 1912 853 1970 exercitatio
866 1918 973 1971 tantum
984 1907 1126 1969 robustio-

133 1995 226 2065 ribus;
251 1996 298 2073 qni
313 2005 407 2056 tamen
422 1996 484 2055 sine
499 1995 599 2070 febre,
620 1994 667 2054 vel
689 1995 762 2053 inter
778 1995 857 2054 initia
873 1994 1056 2069 morborum,
1079 1990 1127 2052 vel

134 2081 220 2140 etiarn
240 2095 297 2138 non
318 2079 456 2156 gravibus
476 2079 584 2139 morbis
602 2086 743 2137 tenentur.
779 2077 944 2138 Cavendum
965 2087 1058 2137 autem
1073 2086 1126 2152 est,

94 2204 96 2208 -
133 2181 170 2222 ne
193 2161 260 2242 quid
284 2162 384 2223 borum
399 2163 447 2222 vel
470 2165 499 2222 in
520 2163 618 2238 febre,
642 2161 688 2221 rel
710 2164 737 2220 in
760 2161 900 2222 cruditate
922 2171 1055 2222 tentetur.
1089 2162 1163 2222 Atro

133 2247 229 2308 balnei
245 2245 352 2325 duplex
368 2264 435 2306 usus
457 2256 514 2313 est;
546 2263 610 2305 nam
625 2245 728 2321 modo,
754 2245 892 2306 discussis
911 2245 1056 2321 febribus,
1079 2246 1128 2303 ini·

134 2333 208 2390 tium
223 2329 279 2389 cibi
293 2329 447 2408 plenioris,
471 2333 586 2410 vinique
607 2330 740 2389 firmioris
759 2331 915 2390 valetudini
937 2331 1020 2397 facit:
1042 2328 1128 2389 modo

134 2413 245 2475 febrem
269 2415 361 2492 ipsam
377 2414 460 2474 tollit.
486 2413 619 2494 Fereque
637 2414 803 2490 adhibetur,
820 2414 866 2473 ubi
885 2431 1018 2474 summam
1035 2423 1129 2472 cutem

133 2496 269 2572 relaxari,
286 2500 462 2577 evocarique
481 2508 646 2577 corruptum
664 2497 822 2574 humorem,
840 2507 867 2556 et
882 2497 1005 2557 habitum
1022 2515 1127 2575 corpo-

133 2582 174 2640 ris
189 2582 289 2639 mutari
305 2581 432 2658 expedit.
461 2582 577 2661 Antiqui
593 2581 714 2641 timidius
732 2600 767 2641 eo
789 2581 953 2642 utebantur:
974 2580 1125 2658 Asclepia·
1137 2601 1162 2640 rs

135 2663 186 2722 des
202 2662 346 2723 audacius.
377 2665 479 2743 Neque
494 2675 604 2725 terrere
618 2674 711 2726 autem
727 2685 761 2726 ea
776 2685 835 2741 res,
851 2667 875 2725 si
888 2665 1058 2743 tempestiva
1072 2673 1126 2737 est,

134 2747 245 2807 debetz·
261 2756 326 2807 ante
341 2756 453 2826 tempus
471 2757 567 2809 nocet.
601 2749 736 2827 Quisquis
752 2750 835 2810 febre
856 2748 993 2810 liberatus
1010 2758 1068 2822 est,
1091 2750 1127 2806 si·

133 2831 276 2909 mulatque
293 2849 327 2891 ea
343 2850 398 2891 uno
417 2832 462 2891 die
477 2851 535 2893 non
551 2834 687 2905 accessit,
706 2850 742 2892 eo
756 2836 803 2913 qni
816 2835 963 2913 proximus
984 2842 1044 2908 est,
1062 2840 1128 2909 post

134 2923 246 2993 tempus
263 2916 458 2991 accessionis,
481 2924 541 2975 tuto
563 2915 652 2975 lavari
674 2925 779 2992 potest.
815 2918 853 2976 lit
876 2921 900 2978 si
917 2920 1064 2978 circuitum
1079 2915 1126 2974 ha-

133 2999 203 3060 bere
219 3018 253 3059 ea
271 2999 361 3059 febris
376 2999 461 3060 solita
477 3007 520 3057 est
536 3001 593 3074 sio,
603 3008 644 3059 ¹ut
658 3002 759 3074 tertio,
783 3011 922 3079 quartove
938 3002 983 3061 die
998 3008 1125 3060 reverta·
1136 3016 1161 3056 so

133 3093 193 3160 tur,
215 3084 452 3162 quandocumque
476 3099 533 3142 non
554 3084 692 3159 accessit,
717 3083 850 3143 balneum
871 3095 959 3144 tutum
982 3093 1034 3144 est.
1066 3082 1124 3142 bla-

133 3168 265 3228 nentibus
286 3186 356 3227 vero
372 3167 464 3228 adhuc
486 3166 631 3243 febribus,
660 3167 684 3226 si
705 3185 758 3226 eae
774 3177 839 3227 sunt
859 3169 956 3244 lenes,
987 3168 1124 3245 levesque

129 3252 235 3326 jamdiu
257 3251 332 3311 male
355 3251 474 3326 babent,
500 3260 581 3311 recte
602 3249 740 3311 medicina
761 3253 815 3311 ista
838 3261 977 3313 tentatur:
1005 3269 1067 3311 cum
1089 3269 1125 3309 eo

133 3342 224 3394 tamen
249 3354 284 3393 ne
301 3334 471 3413 praecordia
494 3333 562 3394 dura
585 3337 652 3409 sint,
674 3352 747 3394 neve
765 3354 798 3395 ea
816 3345 957 3412 tumeant,
978 3353 1052 3395 neve
1074 3335 1125 3392 lin-

133 3433 189 3493 gua
205 3436 308 3495 aspera
325 3420 375 3493 sit,
397 3436 471 3478 neve
489 3428 536 3478 aut
551 3420 578 3476 in
593 3416 687 3477 medio
705 3435 841 3498 corpore,
857 3429 903 3480 aut
920 3421 947 3479 in
966 3421 1061 3499 capite
1076 3418 1124 3477 do·
1136 3441 1160 3480 35

132 3496 180 3559 lor
195 3501 270 3559 ullus
286 3502 338 3577 sit,
354 3519 428 3561 nere
445 3511 501 3561 tum
518 3501 607 3561 febris
622 3501 774 3562 increscat.
808 3501 903 3583 Atque
919 3503 995 3563 iniis
1012 3503 1126 3582 quidem
