2414 3924
136 182 177 245 34
431 189 465 238 Δ.
482 189 514 238 c.
531 188 629 237 cnusu
644 187 839 235 mnnrcmnu

133 348 232 425 urgeri
253 345 307 424 (ci.
326 342 406 423 Aple.
420 342 457 420 ll,
477 345 529 423 3);
548 345 692 422 pejusque
707 358 765 421 quo
784 343 875 419 magis
895 358 988 419 sopor
1002 338 1136 414 interdiu,

135 440 280 509 noctuque
293 430 448 490 continuat.
476 426 544 486 llali
558 428 644 486 etiam
659 425 753 486 morbi
764 426 957 486 testimonium
970 433 1031 499 est,
1047 423 1137 483 vehe-

134 524 247 576 menter
257 523 290 575 et
306 513 412 573 crebro
430 513 559 590 spirare,
576 529 592 569 a
610 519 695 571 sexto
711 510 758 570 die
775 512 912 588 coepisse
932 509 1138 569 inhorrescere

135 598 190 680 (cl.
212 596 291 676 Aple.
312 596 369 672 lV,
397 594 472 675 29),
499 614 553 673 pus
572 612 719 674 expuere,
746 595 795 653 vix
817 612 976 668 excreare,
1006 592 1138 652 dolorem

134 683 242 744 babere
262 681 440 755 continuum,
460 677 615 739 diiiiculter
629 678 708 738 lerre
723 678 870 753 morbum,
884 679 998 753 jactare
1020 676 1164 736 brachiac

137 777 166 827 et
179 783 272 841 crura,
289 766 351 825 sine
363 764 510 824 voluntate
526 763 676 822 lacrimare
689 762 750 841 (ci.
767 758 846 840 Aple.
862 762 918 838 lV,
935 762 1012 839 52);
1029 761 1138 820 babere

135 852 282 912 humorem
311 849 485 926 glutinosum
516 846 649 906 dentibus
676 846 874 906 inhaerentem
905 845 960 924 (cl.
982 842 1061 924 Apb.
1084 845 1136 918 lv,

135 936 210 1015 53),
233 943 328 994 cutem
358 934 436 992 circa
465 930 627 990 umbilicum
649 939 677 990 et
697 929 803 1008 pubem
825 948 950 990 macram
978 929 1032 1007 (cf.
1057 925 1137 1007 Apb.

134 1018 179 1094 ll,
201 1019 275 1097 35),
296 1015 467 1095 praecordia
486 1014 674 1090 inflammata,
693 1013 831 1089 dolentia,
848 1015 935 1090 dura,
953 1014 1075 1089 tumida,
1098 1014 1138 1072 in·

135 1111 230 1176 teuta,
253 1103 403 1178 magisque
421 1100 446 1158 si
465 1099 540 1159 baec
560 1099 662 1158 dextra
683 1108 783 1177 parte,
806 1116 890 1176 quarn
913 1099 1045 1172 sinistra,
1074 1106 1174 1158 suntro

136 1185 298 1264 (Proqn.§
314 1184 366 1262 7)·;
387 1182 664 1261 periculosissimum
682 1191 777 1242 tamen
794 1193 854 1256 est,
872 1184 897 1241 si
912 1200 1005 1242 venae
1020 1198 1139 1260 quoque

136 1269 372 1329 ibivebementer
387 1269 529 1344 agitantur
545 1263 672 1347 (ibid).
715 1265 783 1326 llali
805 1269 889 1326 etiam
912 1266 1006 1325 morbi
1028 1267 1139 1343 siguum

136 1361 197 1429 est,
222 1354 304 1411 nimis
325 1350 463 1410 celeriter
480 1369 697 1420 emacrescere;
720 1361 849 1429 caputet
867 1350 961 1430 pedes
980 1367 1139 1428 manusque

102 1502 104 1508 ,
135 1435 254 1512 frigidas
274 1435 399 1510 babere,
419 1443 520 1494 ventre
537 1445 566 1495 ct
592 1433 731 1494 lateribus
746 1435 927 1509 calentibus,
950 1444 998 1495 aut
1018 1434 1137 1511 frigidas

136 1529 280 1581 extremas
301 1528 400 1598 partes
425 1528 509 1578 acuto
529 1519 631 1581 morbo
656 1529 778 1595 urgente
801 1517 896 1599 (Aple.
913 1518 990 1593 ΝΠ,
1018 1518 1066 1596 1);
1091 1524 1174 1577 aut¹⁵

135 1612 203 1683 post
215 1603 350 1663 sudorem
363 1603 581 1671 inhorrescere;
600 1613 647 1663 aut
660 1611 728 1682 post
741 1606 876 1663 vomitum
888 1602 1045 1680 singultum
1057 1620 1138 1676 esse,

135 1687 183 1747 vel
204 1686 310 1747 rubere
327 1687 429 1747 oculos
446 1683 540 1766 (Aple.
562 1686 634 1761 Vll,
651 1688 716 1747 det
733 1688 785 1766 3);
803 1697 851 1747 aut
866 1696 934 1766 post
953 1686 1138 1765 cupiditatem

136 1770 203 1847 cibi,
220 1779 324 1850 postve
340 1770 442 1848 longas
454 1770 554 1830 febres
566 1770 711 1840 fastidire3
725 1781 772 1831 aut
784 1772 902 1831 multum
912 1771 1032 1846 sudare,
1048 1771 1136 1828 maxi·

134 1873 239 1933 meque
265 1855 370 1934 lrlgido
396 1855 517 1924 sudore;
546 1864 594 1915 aut
615 1855 725 1915 babere
747 1855 870 1916 sudores
892 1873 950 1914 non
972 1873 1025 1933 per
1047 1862 1137 1913 toturn

135 1956 242 2017 corpus
264 1939 418 2018 aequales,
440 1940 545 2017 quique
572 1939 685 2000 labrem
699 1956 755 1998 nou
772 1939 882 2009 liniant;
906 1948 935 1999 ct
959 1960 1009 2002 eas
1024 1942 1137 2015 febres,
1147 1957 1174 1998 ao

135 2041 208 2101 quae
232 2024 360 2102 quotidie
382 2032 513 2101 ternpore
535 2024 638 2083 codem
661 2033 857 2093 revertantur;
887 2042 1000 2102 quaeve
1021 2040 1138 2100 semper

134 2124 220 2184 pares
239 2108 425 2166 accessiones
442 2107 575 2184 babeant,
596 2126 690 2187 neque
704 2109 789 2167 tertio
806 2125 923 2186 quoque
939 2108 986 2168 die
1004 2108 1138 2166 leventur

135 2190 188 2267 (ci.
205 2188 283 2268 Aple.
300 2191 350 2265 lV,
364 2192 420 2258 433
437 2189 548 2271 Propo.
567 2191 656 2269 §6);
684 2210 797 2269 quaeve
821 2195 865 2251 sio
890 2194 1073 2265 continuent,
1108 2199 1138 2249 ut

134 2291 188 2350 per
202 2276 388 2333 accessiones
406 2276 584 2350 increscant,
607 2295 660 2354 per
675 2277 865 2337 decessiones
880 2285 987 2335 tantum
1006 2275 1136 2335 mollian-

133 2365 194 2432 tur,
221 2375 315 2434 neque
339 2376 470 2435 umquam
493 2360 634 2436 integrum
653 2377 759 2438 corpus
781 2361 928 2420 dimittant.
977 2360 1173 2420 Pessimumes

134 2449 194 2515 est,
219 2442 243 2497 si
264 2459 299 2498 ue
317 2441 428 2500 levatur
446 2442 559 2520 quidem
582 2444 690 2519 febris,
711 2444 763 2503 sed
784 2463 877 2522 aeque
901 2446 1045 2504 concitata
1068 2461 1136 2502 cou-

133 2525 231 2582 tinuat.
255 2523 452 2583 Periculosum
466 2536 511 2585 est
523 2530 624 2601 etiam,
642 2537 709 2606 post
721 2539 869 2607 arquatum
880 2526 1009 2586 morbum
1022 2526 1138 2586 febrem

134 2608 202 2667 oriri
227 2607 281 2684 (ci.
306 2606 361 2681 lll,
385 2609 459 2686 24);
478 2611 575 2689 utique
593 2614 617 2671 si
640 2613 811 2689 praecordia
835 2613 936 2672 dextra
958 2620 1042 2688 parte
1065 2611 1136 2669 dura

132 2701 304 2750 manserunt.
339 2691 383 2751 Ac
397 2692 560 2754 dolentibus
576 2696 628 2770 iis,
650 2697 727 2756 nulla
744 2705 827 2756 acuta
851 2695 942 2757 febris
959 2694 1063 2754 leviter
1078 2704 1136 2753 ter-

133 2791 198 2833 rere
215 2792 268 2834 nos
283 2775 385 2845 debet;
409 2796 504 2856 neque
521 2797 650 2860 umquam
668 2781 696 2839 in
708 2790 791 2840 acuta
806 2780 908 2855 lcbre,
932 2788 980 2838 aut
1002 2795 1135 2838 asomno
1146 2800 1171 2840 oo

132 2875 188 2916 uon
202 2868 246 2917 est
257 2859 393 2919 terribilis
407 2880 559 2922 nervorum
572 2863 717 2924 distentio.
746 2863 861 2924 Timere
874 2867 959 2924 etiam
972 2881 1009 2922 ex
1021 2880 1134 2937 somno,

131 2942 197 3001 mali
215 2943 307 3003 morbi
319 2954 379 3012 est;
398 2947 524 3024 itemque
540 2949 568 3005 in
584 2949 674 3025 prima
687 2948 770 3007 lebre
786 2950 917 3026 protinus
929 2957 1055 3006 ruentem
1068 2965 1136 3006 esse

131 3026 286 3101 turbatam,
316 3030 509 3090 membrumve
538 3031 656 3111 aliquod
685 3032 853 3091 resolutum.
905 3032 951 3091 Ex
973 3049 1030 3109 quo
1054 3048 1134 3105 casu,

132 3114 260 3188 quamvis
286 3114 344 3172 vita
370 3114 509 3189 redditur,
535 3124 630 3174 tamen
656 3117 683 3176 id
704 3117 768 3175 iere
784 3117 942 3176 membrum
960 3116 1133 3176 debilitatur.

135 3195 266 3256 Vomitus
289 3198 373 3256 etiam
397 3199 581 3276 periculosus
603 3209 648 3259 est
668 3202 798 3260 sincerus
821 3203 959 3279 pituitae,
982 3201 1030 3260 vel
1051 3199 1171 3265 bilis;ss

130 3280 288 3358 pej0rque,
311 3283 334 3339 si
356 3282 465 3357 viridis,
493 3293 541 3343 aut
564 3285 646 3361 niger
666 3294 711 3343 est
742 3286 797 3363 (ci.
819 3285 932 3365 Propo.
953 3285 974 3361 δ
996 3283 1062 3361 13).
1098 3282 1136 3342 At

129 3363 202 3421 mala
216 3366 296 3423 urina
309 3375 369 3439 est,
391 3367 486 3444 inqua
504 3367 654 3426 subsidunt
665 3367 808 3428 subrubra
822 3379 850 3429 et
866 3370 977 3429 laevia:
995 3369 1134 3441 deterior,

129 3444 157 3500 iu
179 3463 234 3523 qua
255 3450 337 3524 quasi
357 3449 426 3509 lolia
454 3451 593 3528 quaedam
616 3452 712 3511 tenuia
734 3461 820 3532 atque
840 3454 922 3515 alba:
948 3454 1074 3532 pessima
1097 3469 1136 3511 ex
