2414 3924
498 211 720 278 ..30-

102 377 172 422 vero
200 359 302 421 fimum
330 357 489 419 combures
517 366 548 418 et
575 355 681 417 exinde
709 358 810 417 mittes
839 355 875 416 dr
904 356 944 439 11,
977 359 1059 418 croci
1086 367 1117 420 et

102 451 178 511 costi
201 449 237 509 di
260 446 403 527 singulas,
425 445 522 507 mellis
545 445 624 525 quod
648 445 808 506 suffecerit.

189 536 354 598 levissimae
383 543 483 596 autem
509 534 685 596 ulcerationi
708 533 832 615 sufficit,
859 535 885 594 si
911 540 943 595 et
972 533 1116 595 antheran

102 643 170 686 cum
198 625 284 686 melle
311 623 438 685 inhuies
480 625 528 684 sin
550 640 621 682 vero
645 621 733 702 aptha
760 622 852 683 fuerit
879 624 911 683 in
933 640 986 683 ore
1016 622 1117 683 idest

74 716 162 774 coris
186 715 297 795 coctio,
326 712 371 774 lac
395 714 543 773 asininum
566 710 757 790 singulariter
780 718 831 771 aut
855 718 936 772 certe
961 713 1116 790 caprinum

101 801 228 863 admixto
258 800 376 862 modico
409 818 496 881 passo
523 792 706 878 'frequenter
743 798 827 861 dahis
860 796 1053 882 colueudum,
1086 810 1117 862 et

100 893 193 970 magis
221 893 247 951 si
272 892 358 970 nigra
385 890 478 951 fuerit
505 888 601 969 aptha.
643 887 696 948 sed
723 890 750 948 si
777 889 856 949 forte
883 889 971 951 nimis
994 888 1114 950 sordida

100 997 167 1040 oum
191 978 350 1059 putredine
373 978 558 1060 apparuerit,
582 979 645 1038 erri
673 975 834 1057 pollinihus
858 979 1040 1040 tenuissimis
1065 978 1114 1039 ad·

98 1069 191 1129 mixto
223 1067 310 1128 melle
339 1067 476 1146 deterges
504 1084 541 1126 ex
567 1064 765 1145 leptospathio
800 1066 981 1128 ferramento
1013 1066 1115 1129 licinio

59 1171 86 1212 ro
99 1155 241 1234 involuto,
260 1164 290 1217 et
307 1163 466 1236 postquam
483 1153 654 1235 deterseris,
673 1156 774 1215 vinum
793 1154 975 1233 tepefactum
994 1155 1114 1216 coluen·

98 1244 170 1306 dum
189 1243 285 1326 dahis,
304 1246 336 1304 in
355 1262 414 1324 quo
433 1251 501 1304 ante
521 1243 613 1304 fuerit
631 1242 754 1304 decocta
777 1261 845 1304 rosa
870 1245 948 1304 sicca
968 1251 998 1305 et
1017 1251 1115 1304 murta

98 1335 178 1393 sicca
211 1340 242 1394 et
275 1332 368 1394 olivae
400 1332 470 1393 lolia
502 1330 614 1393 viridia.
660 1339 729 1411 post
759 1330 832 1392 haec
865 1331 1115 1394 medicamentum

98 1423 211 1482 siccum
239 1440 385 1502 appones,
419 1422 505 1482 cuius
538 1419 748 1482 medicamenti
779 1421 928 1482 confectio
960 1420 1028 1482 talis
1061 1430 1115 1481 est.

97 1509 168 1571 facit
191 1512 271 1571 enim
294 1509 330 1571 ad
353 1512 508 1571 universas
531 1509 636 1589 apthas
658 1512 759 1589 nigras
783 1517 814 1570 et
831 1508 912 1571 albas
936 1517 967 1571 et
990 1508 1026 1569 ad
1049 1511 1116 1570 uni·

9 1622 32 1663 ρ.
48 1611 88 1654 aar
101 1616 188 1659 versa
202 1617 287 1678 ·quae
307 1599 313 1674 Ι
333 1601 363 1660 in
384 1617 439 1659 ore
463 1606 636 1660 nascuntur.
674 1600 781 1678 accipit
803 1606 904 1660 autem
926 1597 1064 1659 balaustii
1088 1607 1118 1660 et

98 1689 220 1749 corticis
252 1686 289 1749 de
321 1694 443 1766 granata
476 1689 555 1748 sicca
586 1686 623 1748 dr
655 1694 791 1768 octonas,
823 1686 967 1766 gallarum
994 1695 1025 1748 et
1054 1687 1118 1747 lolii

98 1778 202 1856 optimi
230 1775 267 1836 di
295 1784 468 1859 quaternae,
497 1775 635 1837 aluminis
664 1777 750 1837 scissi
778 1783 809 1836 et
835 1777 974 1837 mastices
997 1774 1034 1836 dr
1057 1778 1117 1836 sin·

97 1864 189 1944 gulas.
228 1884 305 1945 quae
326 1874 396 1927 sunt
415 1863 567 1926 tundenda
585 1864 694 1926 tundes
713 1872 744 1925 et
767 1882 843 1944 quae
861 1862 990 1926 terenda
1013 1872 1117 1924 terun-

170 2042 275 2092 lrero
297 2053 328 2106 p:
351 2053 419 2108 ergo
443 2037 491 2108 (go
515 2024 581 2106 ο,ἓ
599 2038 632 2106 9)
656 2052 697 2105 ep.
805 2035 902 2090 mittes
926 2051 952 2090 c:
981 2035 1051 2090 —tis
1069 2051 1117 2103 pp.

95 2106 231 2176 dromi
248 2109 401 2178 c).ll.9c:
419 2112 446 2170 3.
465 2107 499 2162 II.
514 2123 545 2176 p.
636 2106 806 2176 tdrafiffli
824 2107 850 2175 c)
871 2105 996 2175 singulas
1013 2121 1057 2174 pc:
1078 2112 1118 2159 ah

94 2178 206 2245 3.1.p.
280 2177 414 2233 sufficerit
430 2194 457 2247 9,
476 2178 590 2233 suffice.
664 2176 881 2233 3uloerutionis
898 2194 943 2247 9,,
997 2176 1118 2231 anthera

95 2249 305 2388 acuam
324 2247 819 2389 emercaretur·
861 2248 1069 2388 craft
1084 2253 1116 2386 a·

95 2388 190 2444 nothas
214 2406 244 2459 9,
270 2390 370 2445 anthes
396 2406 424 2459 c,
452 2389 532 2444 ethes
552 2407 584 2460 p.
693 2396 709 2445 6
729 2336 865 2446 eddmixto
887 2406 918 2460 9,
941 2389 1047 2444 amixto
1074 2405 1117 2458 cp.

96 2460 226 2514 lastheo
244 2476 270 2530 9,
290 2460 392 2530 apthas
414 2477 455 2530 cp.
547 2467 563 2516 8
582 2462 655 2517 ervi:
675 2462 756 2518 herbi
773 2480 833 2533 pop.
921 2461 1055 2515 ammirato
1074 2476 1115 2529 9ο.

95 2552 111 2601 9
135 2564 170 2602 cx
191 2547 266 2603 lecto
289 2549 380 2618 spatio
404 2539 551 2606 ferralfririu
573 2550 701 2606 involuto
719 2567 750 2620 9,
773 2568 808 2606 ax
826 2551 904 2620 lepto
926 2550 1021 2620 spacio
1040 2549 1114 2604 fera·

94 2654 191 2708 mento
208 2653 305 2709 linicir'r
323 2655 380 2710 inv.
399 2673 427 2722 c,
452 2673 487 2711 ex
504 2633 580 2726 letto
604 2658 686 2726 spate
705 2656 876 2713 tenemento
895 2656 991 2712 licinio
1009 2656 1065 2711 inv.
1080 2673 1113 2725 p.

89 2725 848 2800 ‘11etmirtosiccap,8rmurtesiccep⁰:om.pc.
922 2734 955 2783 12
975 2727 1117 2798 mridisp,

94 2794 167 2848 -da
181 2811 196 2849 c
210 2795 299 2864 (oliva
316 2797 418 2853 florida
430 2797 528 2853 viridis
543 2801 576 2870 c).
651 2805 685 2854 14
700 2799 793 2854 esther
806 2817 834 2872 9,
848 2800 949 2870 apthas
963 2816 1003 2868 ep.
1079 2804 1112 2854 lo

94 2865 207 2935 Accipit
225 2870 320 2923 autem
338 2886 368 2939 9ε
395 2871 536 2936 hiantem
555 2886 582 2938 c,
601 2871 672 2940 Rp.
779 2870 950 2926 balaustium
968 2877 1065 2939 (atcpro
1083 2876 1116 2940 9⁰

95 2934 124 2991 O.
143 2936 224 3007 folia)
238 2956 265 3009 9,
279 2939 418 2995 balaustia
433 2957 474 3010 ep.
548 2942 578 2995 et
591 2956 640 2996 om.
656 2957 697 3011 cp.
773 2946 805 2996 1c
823 2940 927 2997 cortice
946 2941 981 2996 de
995 2944 1117 3011 granata

95 3043 171 3098 sicca
182 3061 209 3114 9,
229 3045 341 3100 corticis
355 3046 466 3116 manati
483 3046 551 3102 sicci
569 3064 592 3113 c,
612 3047 700 3102 cortic
712 3013 824 3117 great21
837 3065 868 3117 p.
941 3048 1012 3119 dra}
1031 3038 1080 3116 (di'
1091 3049 1115 3116 c)

94 3121 210 3170 octenas
232 3132 277 3186 pc:
300 3121 338 3172 en
357 3118 475 3180 3.VIII.
497 3136 528 3188 p.
629 3119 782 3189 gallorum:
805 3135 893 3188 supro
914 3125 945 3190 9ο
972 3118 1115 3186 sulmncdl.

96 3191 128 3240 17
144 3186 215 3258 dra}
227 3189 273 3257 (di
287 3190 310 3256 c)
325 3192 475 3258 quaternas
488 3206 534 3259 per
554 3193 629 3253 a1'13.
644 3190 705 3245 IIII.
720 3206 751 3258 p.
823 3190 949 3245 mesticis
963 3208 989 3261 9,
1009 3191 1058 3243 —c
1073 3207 1115 3259 cp.

94 3256 165 3327 dra}
184 3259 229 3327 (di
244 3262 268 3329 c)
287 3260 413 3331 singulas
430 3277 475 3331 pc:
495 3265 571 3324 ei13.
590 3263 611 3316 1.
626 3277 657 3330 p.
740 3267 773 3316 18
793 3277 866 3330 quoa
886 3292 919 3300 —
938 3262 1117 3316 reservantur

94 3327 131 3396 (q.
155 3330 299 3386 tundenda
322 3334 388 3386 sunt
409 3333 504 3391 tundis
524 3377 531 3390 .
551 3377 558 3388 .
579 3375 585 3388 .
605 3335 680 3388 teres
694 3375 701 3389 .
717 3371 724 3385 .
740 3372 747 3386 .
761 3332 791 3386 in
809 3332 875 3387 vino
890 3374 896 3387 .
913 3374 919 3387 .
935 3375 941 3388 .
956 3334 1117 3387 reservatur

32 3424 35 3429 ·
94 3399 147 3452 etc.
171 3401 212 3453 sic
230 3403 254 3468 c)
273 3417 318 3470 pc:
337 3403 424 3457 tunde
443 3406 473 3458 et
489 3403 653 3459 tenuissime
672 3419 755 3459 cerne
774 3406 804 3458 et
827 3402 857 3457 in
875 3402 941 3460 vino
963 3402 1116 3458 commixta

93 3467 157 3523 usui
176 3476 335 3572 reserretpr
348 3489 379 3541 9.
