2414 3924
449 228 519 276 n1u.
536 228 587 276 111.
603 228 678 279 car.
693 229 718 278 1.
733 230 770 278 11.
1068 216 1109 278 75

106 385 145 443 tis
159 382 278 458 morbis,
295 399 379 460 quam
394 384 422 441 in
440 381 546 459 longis.
564 383 619 443 Hic
634 385 708 443 enim
723 383 814 444 breve
828 385 950 462 spatium
965 395 1020 463 est,
1036 388 1110 447 intra

107 467 202 547 qnod,
220 468 244 526 si
261 466 339 543 quod
359 466 494 525 auxilium
508 483 565 526 non
580 466 796 544 proiuit,aeger
807 469 1066 546 exstinguiturzibi
1081 479 1111 530 et

107 550 322 625 deliberationi,
339 559 368 608 et
382 552 528 611 mutationi
543 550 735 626 remediorum
749 560 863 629 tempus
884 560 977 630 patet;
996 550 1069 613 odeo
1081 562 1111 613 ut

105 652 184 711 raro,
194 635 218 694 si
230 635 306 693 inter
315 634 394 693 initia
401 633 530 694 medicus
537 636 672 713 accessit,
679 635 845 712 obsequens
854 652 945 712 aeger
959 637 1022 697 sine
1033 637 1109 697 iliius

84 721 177 787 ,vitio
193 726 304 796 pereat.
318 715 435 794 Longus
448 726 543 779 tomen
553 720 671 779 morbus
679 736 764 796 quum
777 720 890 797 ponitus
902 718 1016 797 insedit,
1033 721 1110 798 quod

105 802 140 863 ad
162 801 358 862 difficultatem
381 802 521 879 pertinet,
542 811 627 862 acuto
645 819 698 881 por
720 811 774 862 est.
804 801 842 886 Et
863 811 962 862 acutus
984 803 1109 882 quidem,

106 902 164 965 quo
183 886 324 945 vetustior
339 894 398 952 est;
425 885 532 962 longus
548 895 658 963 autem,
685 904 741 964 quo
758 887 921 961 recentior,
944 905 980 948 eo
995 887 1109 948 facilius

107 979 231 1029 curatur.
261 968 392 1028 Alterum
409 968 478 1027 illud
493 969 622 1044 ignorari
637 987 695 1028 non
712 977 839 1047 oportet,
857 970 934 1049 quod
946 989 1004 1031 non
1021 972 1109 1031 omni-

106 1053 160 1113 bus
177 1052 392 1131 aegriseadem
408 1052 513 1111 auxilia
529 1054 710 1113 conveniunt.
738 1052 785 1112 Ex
802 1069 858 1132 quo
878 1054 991 1132 incidit,
1007 1064 1038 1115 ut
1053 1054 1109 1116 aliu

70 1168 95 1209 ,ο
106 1147 192 1215 atque
215 1136 271 1196 alia
292 1138 391 1195 summi
414 1145 565 1212 auctores,
582 1139 663 1214 quasi
681 1137 759 1213 sola,
777 1138 1005 1216 venditaverint,
1023 1147 1109 1218 prout

106 1223 209 1298 cuique
226 1230 385 1280 cesserant.
418 1219 542 1300 Oportet
556 1224 663 1300 itaque,
680 1220 728 1281 ubi
742 1220 850 1300 aliquid
865 1239 922 1281 non
936 1222 1108 1302 respondet,

105 1321 164 1364 non
175 1305 245 1363 tanti
263 1313 363 1381 putare
380 1312 546 1380 auctorem,
569 1307 666 1382 quanti
681 1323 816 1382 aegrum,
839 1313 868 1364 et
890 1309 1017 1384 experiri
1033 1306 1109 1367 aliud

105 1397 191 1466 utque
206 1386 297 1447 aliud:
313 1389 356 1447 sic
371 1395 476 1464 tamen,
493 1397 523 1446 ut
540 1390 568 1447 in
585 1391 676 1449 acutis
691 1389 800 1449 morbis
813 1390 870 1449 cito
881 1399 1014 1468 mutetur,
1030 1389 1108 1469 quod

104 1470 173 1530 nibil
189 1471 323 1550 prodest;
345 1473 373 1530 in
390 1470 503 1549 longis,
523 1489 597 1551 quos
614 1483 727 1553 tempus
742 1482 772 1532 ut
786 1472 871 1548 iacit,
889 1473 931 1532 sic
950 1476 1034 1534 etiam
1049 1473 1107 1534 sol·
1127 1493 1130 1498 ·

71 1573 96 1613 1⁵
106 1557 164 1630 vit,
179 1572 236 1615 non
252 1557 344 1615 statim
361 1554 583 1633 condemnetur,
601 1555 707 1635 siquid
723 1573 779 1615 uon
799 1558 892 1615 statim
911 1556 1035 1634 proiuit;
1057 1558 1107 1616 mi·

104 1657 158 1697 nus
172 1656 244 1700 vero
258 1647 458 1715 removeatur,
481 1640 505 1698 si
520 1639 587 1718 quid
605 1638 834 1719 paulum'saltcm
845 1640 942 1713 juvnt3
958 1641 1024 1718 quis
1039 1657 1107 1719 pro·

104 1721 199 1782 iectus
215 1732 347 1803 tempore
362 1723 505 1802 expletur.

471 1957 658 2019 CAPUT
688 1957 741 2018 ΙΙ.

147 2072 276 2132 Quomodo
300 2072 380 2122 morbi
398 2079 598 2137 cognoscentur,
617 2080 642 2122 et
657 2086 689 2122 an
703 2077 831 2132 crescunt,
851 2069 1003 2125 consistant.
1024 2077 1067 2118 aut

70 2165 95 2204 ²0
527 2157 681 2205 minuentur.

168 2305 300 2366 Protinus
321 2315 414 2366 antem
437 2307 511 2366 iuter
534 2309 610 2368 initia
632 2309 708 2367 scire
729 2307 817 2366 facile
834 2316 894 2388 est,
923 2310 986 2387 quis
1006 2317 1106 2368 acutus

105 2390 239 2463 morbus,
257 2391 321 2467 quis
335 2390 441 2468 longus
456 2392 508 2450 sit:
524 2407 581 2450 nou
596 2392 624 2449 iu
639 2391 673 2449 iis
689 2390 760 2450 solis
774 2394 802 2450 iu
818 2392 921 2470 quibus
937 2411 1053 2469 semper
1068 2394 1104 2452 ito

106 2493 139 2533 se
153 2473 252 2542 babet;
275 2474 327 2533 sed
349 2475 377 2532 in
397 2475 432 2533 iis
450 2492 566 2553 quoque
589 2474 735 2554 inquibus
757 2477 855 2535 variat.
885 2474 957 2537 Nam
979 2476 1027 2535 ubi
1043 2478 1106 2535 sine

106 2557 363 2618 intermissionibus
379 2560 566 2617 accessiones
582 2567 611 2618 et
624 2558 744 2619 dolores
756 2576 863 2634 graves
874 2569 988 2638 urgent,
1005 2569 1105 2619 acutus

70 2641 222 2701 tomorbus
238 2650 298 2701 est:
316 2640 364 2699 ubi
379 2642 448 2700 lenti
463 2642 590 2718 dolores,
606 2642 739 2701 lentaeve
755 2642 854 2701 febres
871 2653 951 2718 sunt,
968 2652 998 2702 et
1014 2645 1106 2721 spatia

105 2727 180 2784 inter
194 2725 380 2784 accessiones
398 2726 595 2803 porriguntur,
612 2726 811 2803 acceduntque
827 2744 861 2785 ca
878 2728 971 2803 signa,
988 2728 1104 2804 quaein

107 2811 204 2886 priore
230 2809 374 2867 volumine
397 2807 455 2884 (ΙΙ,
480 2825 541 2884 cap.
558 2808 592 2883 5)
617 2808 752 2882 expositu
776 2814 859 2883 sunt,
886 2807 1005 2886 longum
1029 2809 1105 2869 bunc

105 2892 228 2950 futurum
244 2909 327 2964 esse,
346 2892 526 2950 manifestum
542 2899 595 2948 est.
628 2889 787 2950 Videndum
804 2894 888 2950 etiam
906 2901 966 2966 est,
988 2892 1104 2952 morbus

105 2993 140 3033 an
156 2976 317 3049 increscat,
340 2993 375 3033 an
391 2975 542 3050 consistat,
562 2991 597 3031 an
612 2975 767 3033 minuatur:
784 2974 850 3051 quia
862 2974 1001 3051 quaedam
1013 2993 1103 3035 reme-

70 3070 95 3112 ao
106 3059 150 3116 dia
166 3057 395 3117 increscentibus
410 3057 532 3131 morbis,
550 3057 630 3134 plura
648 3055 789 3115 inclinatis
806 3059 993 3132 conveniunt,
1011 3074 1104 3132 eaque

105 3160 179 3219 quae
203 3141 431 3200 increscentibus
451 3148 518 3219 apta
541 3148 620 3214 sunt,
644 3138 690 3197 ubi
705 3147 805 3197 acutus
822 3140 990 3198 increscens
1008 3147 1103 3214 urget,

104 3227 131 3283 in
163 3224 381 3284 remissionibus
411 3225 505 3302 potius
531 3221 709 3300 experienda
732 3230 804 3279 sunt.
843 3221 983 3281 Increscit
1010 3229 1102 3279 autern

104 3309 231 3384 morbus,
245 3308 309 3366 dum
325 3310 478 3384 graviores
491 3306 620 3381 dolores,
634 3305 879 3382 accessionesque
890 3305 1019 3370 veniunt:
1036 3304 1102 3362 bae·

106 3409 162 3468 que
179 3401 207 3451 et
222 3401 302 3464 ante,
321 3409 404 3468 qoam
422 3394 569 3469 proximae
583 3396 782 3462 revertuntur,
799 3397 828 3447 et
845 3396 946 3466 postea
962 3387 1101 3447 desinunt.

70 3486 98 3527 ³⁵
108 3475 205 3551 Atque
221 3476 249 3533 in
265 3474 361 3549 longis
377 3491 493 3552 quoque
509 3473 628 3551 morbis,
646 3472 730 3532 etiam
747 3471 819 3531 tales
831 3479 914 3530 notas
926 3488 983 3530 non
995 3469 1106 3531 baben:
