2414 3924
489 263 558 310 cru.
573 263 633 318 vu.
656 262 731 312 cue.
748 265 770 312 r.
958 286 961 291 -
1062 250 1124 315 263

125 417 174 478 alii
196 417 333 478 celebres
356 417 425 494 viri,
443 416 549 494 singuli
572 416 713 496 quaedam
731 417 914 496 repererunt.
952 417 997 478 Ac
1011 418 1123 479 Rornae

126 519 241 580 quoque
263 519 321 563 non
336 500 501 560 mediocres
522 501 723 579 professores,
742 503 923 580 maximeque
941 519 1035 580 nuper
1051 501 1123 578 Try-

124 585 205 664 phon
227 595 325 664 pater,
347 593 376 644 et
395 583 578 663 Euelpistus,
601 594 645 661 et,
670 594 701 644 ut
723 604 760 646 ex
781 585 899 664 scriptis
916 587 979 662 ejus
1001 585 1124 663 intelligi

125 676 239 747 potest,
263 668 365 728 borum
386 668 595 728 eruditissimus
622 669 742 746 Meges,
768 668 937 749 quibusdam
965 669 994 728 in
1020 669 1123 730 melius

99 877 103 885 -
186 834 262 895 Εεεε
279 845 372 896 autem
383 836 534 914 chirurgus
549 836 637 897 debet
648 837 839 915 adolescens,
861 846 908 897 aut
926 845 1007 897 certe
1025 835 1123 898 adole·

124 921 254 978 scentiae
275 921 409 1000 propior;
427 937 512 981 manu
533 929 666 998 strenua,
684 922 795 999 stabili,
810 939 866 981 nec
881 939 1013 999 umquam
1035 923 1122 982 intre·

123 1005 279 1078 miscente,
303 1021 396 1082 eaque
419 1022 476 1064 non
492 1005 583 1064 minus
604 1006 734 1081 sinistra,
753 1023 836 1083 qnam
859 1003 961 1065 dextra
978 1013 1121 1083 promtus;

124 1088 187 1146 acie
209 1087 359 1146 oculorum
382 1090 442 1147 acri
463 1088 614 1167 claraque;
642 1091 734 1149 animo
758 1088 937 1167 intrepidus,
955 1088 1123 1149 misericors

88 1186 114 1228 ro
125 1172 183 1247 sic,
199 1180 229 1230 ut
244 1172 339 1230 sanari
363 1172 434 1231 velit
450 1172 530 1249 eum,
548 1190 632 1250 quem
648 1175 777 1252 accepit,
794 1190 851 1232 uon
867 1182 897 1232 ut
913 1173 1041 1234 clamore
1059 1173 1123 1249 ejus

123 1263 217 1314 motus
232 1255 281 1314 vel
302 1257 411 1332 magis,
429 1273 513 1334 quam
534 1274 583 1315 res
599 1256 762 1332 desiderat,
780 1266 937 1335 properet,
955 1256 1004 1317 vel
1018 1257 1122 1334 minus,

124 1355 208 1416 quarn
233 1357 357 1399 necesse
382 1348 444 1415 εει,
471 1348 566 1408 secet;
588 1341 640 1400 sed
661 1341 781 1419 perinde
799 1340 886 1400 iaciat
907 1342 1018 1418 omnia,
1038 1359 1073 1402 ac
1097 1341 1127 1401 si·

123 1423 218 1482 nullus
240 1441 278 1482 ex
302 1422 446 1500 vagitibus
468 1423 587 1484 alterius
607 1425 729 1485 affectus
754 1426 871 1488 oriatur.
907 1424 1008 1485 Potest
1027 1428 1123 1486 a'utem

124 1505 249 1585 requiri,
265 1506 332 1584 quid
348 1507 413 1567 lruic
430 1509 505 1586 parti
521 1510 640 1586 proprie
654 1507 854 1569 vindicandum
869 1509 920 1568 sit:
939 1511 1005 1587 quia
1021 1509 1121 1570 vulne·

90 1600 113 1640 ιι
124 1607 185 1650 rum
200 1608 317 1669 quoque
333 1591 519 1669 ulcerumque
534 1591 685 1652 multorum
701 1593 883 1668 curationes,
900 1609 972 1669 quas
988 1593 1056 1653 alibi
1071 1610 1121 1653 ex·

123 1683 240 1734 secutus
260 1693 339 1751 sum,
363 1674 489 1752 chirurgi
512 1676 567 1735 sibi
582 1675 736 1736 vindicant.
773 1676 838 1753 Ego
861 1675 991 1735 eumdem
1007 1675 1121 1754 quidem

122 1758 264 1818 hominem
280 1775 370 1837 posse
386 1761 479 1819 omnia
502 1760 556 1820 ista
577 1769 726 1839 praestare
745 1761 894 1838 concipio:
918 1768 1004 1837 atque
1019 1759 1068 1819 ubi
1088 1777 1121 1820 se

124 1843 296 1920 diviserunt,
330 1860 394 1902 eum
424 1842 526 1918 laudo,
549 1845 597 1922 qui
620 1844 855 1923 quamplurimum
880 1844 1016 1922 percipit.
1050 1843 1120 1922 lpse

121 1935 217 1986 autem
234 1925 299 1986 huic
322 1928 396 2007 parti
416 1945 451 1987 ea
468 1927 587 2006 reliqui,
610 1928 637 1986 in
653 1926 756 2006 quibus
770 1927 873 1987 vulnus
896 1927 964 1987 lacit
979 1927 1135 2004 medicus,⁸

85 2021 178 2069 ttnon
194 2010 315 2088 accipit;
332 2012 405 2070 etin
420 2009 522 2088 quibus
538 2010 705 2070 vulneribus
716 2011 922 2089 ulceribusque
937 2010 1002 2088 plus
1018 2011 1121 2090 prolici

120 2111 220 2170 manu,
237 2113 320 2172 quam
334 2094 559 2173 medicamento,
577 2095 682 2155 credo:
699 2105 756 2155 tum
772 2094 908 2173 quidquid
921 2094 957 2154 ad
971 2112 1039 2155 ossa
1054 2113 1120 2173 per·

120 2179 200 2237 tinet.
234 2177 316 2252 Quae
329 2179 470 2258 deinceps
485 2180 606 2258 exsequi
628 2179 799 2256 aggrediar:
821 2178 973 2256 dilatisque
996 2179 1024 2238 in
1045 2177 1121 2239 aliud

123 2261 257 2320 volumen
282 2262 412 2339 ossibus,
434 2265 462 2321 in
484 2262 541 2322 hoc
563 2273 661 2323 cetera
688 2261 860 2341 explicabo;
884 2263 1119 2341 praepositisque

122 2347 175 2420 iis,
191 2362 265 2423 quae
282 2348 310 2404 in
332 2345 461 2425 qualibet
478 2355 560 2424 parte
577 2349 711 2427 corporis
732 2346 816 2424 irunt,
838 2346 874 2406 ad
891 2363 942 2422 ea,
960 2363 1035 2425 quae
1052 2363 1121 2425 pro·

85 2462 111 2501 25
123 2430 200 2506 prias
217 2428 303 2488 sedes
321 2429 443 2506 habent,
459 2430 587 2490 transibo
608 2432 663 2509 (cl.
675 2431 706 2491 P.
723 2430 798 2508 Aeg.
815 2429 873 2507 Vl,
892 2430 937 2509 1).

496 2598 679 2659 CAPUT
718 2601 743 2657 I.

544 2716 582 2765 De
595 2717 697 2765 lunatis.

180 2850 289 2910 Luxata
302 2849 430 2929 (Gallice
441 2872 447 2910 :
462 2848 856 2927 distorsiooc,dicteosioos‚
869 2849 1023 2929 entorses)
1034 2850 1121 2926 igitur

119 2935 147 2992 in
163 2951 344 3012 quacumque
355 2943 437 3012 parte
451 2937 585 3014 corporis
596 2943 675 3008 sunt,
690 2941 895 3011 quamprimum
909 2935 951 2992 sic
963 2933 1057 2992 curari
1069 2931 1119 2992 de·

83 3045 109 3086 ³0
118 3016 198 3095 bent,
210 3026 250 3093 ut,
265 3035 321 3096 qua
332 3018 418 3078 dolor
431 3028 485 3096 est,
499 3037 534 3079 ea
546 3017 688 3095 scalpello
702 3018 774 3075 eutis
788 3016 892 3076 crebro
905 3015 1056 3092 incidatur,
1069 3015 1122 3075 de-·

119 3110 325 3180 tergeaturque
342 3102 446 3162 eodem
461 3119 566 3162 averso
582 3101 730 3180 prolluens
747 3100 874 3176 sanguis.
893 3098 977 3173 Quod
990 3100 1014 3158 si
1031 3099 1118 3178 paulo

118 3185 423 3262 tardiussubvenitur,
432 3188 550 3265 jamque
565 3187 648 3245 etiam
658 3182 747 3242 rubor
759 3192 818 3258 est,
831 3200 887 3269 qua
899 3182 982 3242 rubet
995 3199 1118 3262 corpus;

119 3269 144 3325 si
165 3278 259 3329 tumor
283 3287 399 3349 quoque
422 3270 563 3346 accessit,
587 3285 764 3346 quacumque
794 3269 819 3326 is
841 3275 901 3343 est,
933 3265 961 3324 id
983 3268 1119 3343 optimum

120 3353 255 3414 auxilium
271 3363 325 3414 est.
357 3353 428 3414 'l'um
444 3352 626 3432 superdanda
640 3352 824 3428 reprimentia
840 3360 920 3419 sunt;
937 3350 1118 3429 maximeque

83 3435 185 3498 sslana
201 3437 319 3498 succida
337 3456 375 3497 ex
396 3447 481 3498 aceto
504 3447 533 3497 ει
550 3436 627 3496 oleo.
666 3434 749 3511 Quod
765 3436 789 3494 si
804 3434 899 3494 levior
916 3437 942 3494 is
959 3449 1045 3494 casus
1062 3443 1118 3494 est.

44 3522 46 3528 ’
118 3529 240 3600 possunt
262 3523 346 3581 etiam
366 3523 427 3582 sinc
443 3521 602 3601 scalpello,
618 3519 753 3601 imposita
772 3517 872 3580 eadem
887 3515 977 3578 mede¹
