2414 3924
427 240 495 313 mu.
511 240 585 286 vm.
605 239 680 288 cru.
696 241 734 288 rr.
1011 233 1076 298 aab

87 411 166 468 rum,
197 393 347 471 magisque
361 395 391 453 in
408 395 600 473 posteriorem
624 403 733 473 partem
749 396 926 474 projectum,
952 405 1075 460 teretem

88 477 128 537 ibi
140 477 258 553 liguram
276 485 485 554 repraesentat.
515 475 622 537 Cetera
641 471 724 556 pe'dis
738 494 807 539 ossa
823 478 859 539 ad
874 497 984 557 eorum,
1001 498 1075 559 quac

88 564 118 620 in
132 577 216 619 mauu
231 568 307 635 sunt,
323 560 532 621 similitudinem
548 568 656 621 structa
672 569 751 621 sunt:
771 562 868 641 planta
890 563 1020 642 palmae,
1033 563 1073 633 dt

88 644 141 721 giti
156 644 265 721 digitis,
284 662 394 721 ungues
409 643 553 721 unguibus
567 643 756 723 respondent.

63 892 75 929 ὁ
450 879 631 941 CAPUT
664 881 718 939 11.

139 994 203 1044 Ossa
222 995 308 1043 vitiata
326 1002 351 1044 ει
367 1004 484 1062 corrupta
501 996 592 1058 quibus
606 996 688 1060 signis
708 1003 908 1061 cognoscantur,
932 1005 957 1047 et
976 1013 1024 1062 que
1136 1059 1138 1064 ,
1196 1063 1199 1070 Ι

461 1082 558 1131 ratione
575 1090 701 1131 curentur.

41 1265 43 1269 -
152 1229 241 1290 Omne
265 1240 358 1290 autem
382 1248 427 1308 os,
449 1232 497 1292 ubi
517 1232 620 1308 injuria
641 1233 783 1308 accessit,
807 1233 996 1311 autvitiatur,
1027 1244 1077 1295 aut

90 1314 216 1390 liuditur,
242 1323 290 1373 aut
304 1315 459 1393 frangitur,
487 1325 535 1375 aut
548 1316 670 1391 foratur,
698 1325 745 1376 aut
760 1315 916 1390 colliditur,
943 1326 990 1376 aut
1005 1317 1075 1378 loco

56 1413 81 1456 10
89 1406 230 1457 movetur.
265 1397 313 1473 ld,
329 1399 406 1477 quod
421 1399 548 1459 vitiatum
563 1408 624 1476 est,
642 1401 732 1479 primo
748 1400 810 1459 iere
832 1402 938 1479 pingue
955 1402 998 1468 fit;
1024 1401 1073 1460 de·

89 1481 156 1541 inde
176 1480 223 1540 rel
239 1483 371 1559 nigrum,
389 1482 437 1541 vel
460 1485 618 1552 cariosum:¹
644 1501 732 1562 quae,
753 1485 914 1561 supernatis
936 1483 1074 1560 gravibus

89 1563 235 1625 ulceribus
256 1573 303 1625 aut
328 1565 449 1641 listulis,
468 1566 571 1644 bisque
588 1566 637 1626 vel
651 1566 738 1643 longa
755 1575 908 1642 vetustate,
926 1566 1074 1627 ueletiam

90 1666 197 1710 cancro
213 1651 380 1726 occupatis,
401 1651 546 1710 eveniunt.
585 1649 708 1729 Oportet
731 1660 824 1709 autem
841 1659 906 1709 ante
931 1651 1025 1710 omnia
1040 1668 1074 1710 os
1158 1645 1160 1648 ’

89 1733 216 1809 nodare,
245 1732 344 1792 ulcere
368 1735 483 1800 exciso;
511 1743 555 1809 et,
582 1734 606 1792 si
620 1733 703 1792 latius
719 1743 764 1792 est
780 1735 843 1808 eJus
859 1734 966 1809 vitium,
990 1751 1075 1811 qoam

56 1817 173 1876 seuleus
194 1815 263 1891 init,
286 1834 400 1876 carnem
422 1816 597 1893 subsecare,
621 1816 714 1876 donec
730 1817 853 1894 undique
880 1834 913 1876 os
930 1818 1074 1893 integrum

91 1908 203 1978 pateat;
224 1908 282 1960 tum
304 1900 349 1977 id,
371 1901 448 1979 quod
468 1903 576 1978 pingue
598 1909 661 1973 est,
683 1901 774 1960 semel
787 1902 925 1959 iterumve
945 1901 1014 1960 satis
1030 1909 1074 1960 est

89 1985 204 2044 admoto
220 1985 394 2044 ferramento
411 1984 544 2060 adurere,
568 1994 596 2044 ut
615 2003 652 2043 ex
668 2002 703 2044 eo
729 2001 846 2062 squama
869 1984 1002 2053 secedam
1026 1992 1075 2042 out

89 2068 204 2144 radere,
224 2067 317 2128 donec
338 2068 399 2143 jam
421 2069 527 2146 aliquid
551 2069 661 2128 cruoris
677 2067 860 2142 ostendatur,
879 2085 953 2146 quae
969 2068 1093 2144 integri

90 2153 166 2212 ossis
183 2160 251 2211 nota
266 2161 320 2211 εει.
357 2151 428 2211 Nam
444 2170 574 2212 necesse.
583 2161 628 2212 εει
648 2151 756 2211 aridum
776 2151 813 2209 sit
829 2150 874 2226 id,
899 2151 974 2229 quod
996 2152 1073 2210 vitia·

55 2245 147 2294 actum
165 2243 219 2293 εει.
249 2234 328 2295 Idem
349 2237 377 2294 in
406 2236 575 2313 cartilagine
605 2253 719 2314 qnoque
736 2234 815 2294 laesa
835 2234 997 2294 iaciendum
1013 2243 1073 2293 est:

91 2317 229 2396 siquidem
245 2336 279 2378 ea
296 2336 413 2397 quoquc
429 2318 571 2397 scalpello
587 2319 712 2378 radenda
734 2326 793 2393 est,
817 2316 911 2377 donec
932 2319 1075 2395 integrum

90 2401 119 2460 id
134 2403 186 2475 sit,
203 2402 279 2479 quod
295 2402 474 2479 relinquitur.
504 2402 627 2478 Deinde,
643 2405 704 2461 sive
722 2419 756 2461 os
772 2403 834 2463 sive
854 2402 993 2478 cartilago
1009 2417 1075 2461 rasa

92 2494 152 2558 est,
169 2486 242 2544 nitro
258 2485 333 2545 bene
351 2488 418 2545 trito
434 2486 634 2565 respergenda
650 2495 703 2545 εει.
734 2484 838 2563 Neque
864 2484 920 2545 alia
943 2484 1075 2544 iacienda

91 2577 169 2645 sunt,
192 2568 240 2628 ubi
257 2572 368 2644 caries,
395 2571 564 2646 nigritiesve
584 2570 612 2628 in
633 2587 741 2629 summo
757 2587 825 2628 osse
842 2577 904 2629 est:
935 2568 1077 2647 siquidem

55 2675 80 2714 as
91 2652 120 2713 id
142 2651 188 2711 vel
216 2653 302 2730 paulo
325 2652 428 2712 diutius
449 2653 551 2714 ecdem
571 2653 746 2713 ferramento
769 2653 953 2728 adurendum,
968 2651 1015 2710 vel
1031 2669 1075 2710 ra·

91 2735 213 2796 dendum
231 2745 286 2795 εει.
320 2737 375 2812 Qui
390 2736 464 2797 radit
480 2738 565 2811 haec,
583 2737 719 2797 audacter
735 2738 898 2813 imprimere
919 2735 1076 2795 ferramen-

91 2830 148 2878 tum
161 2819 263 2896 debet,
282 2829 310 2879 ιιι
328 2829 356 2880 ει
373 2831 441 2898 agat
457 2820 576 2899 aliquid,
593 2830 621 2879 et
637 2822 773 2879 maturius
788 2819 911 2878 desinat.
927 2818 1006 2877 Finis
1021 2824 1074 2891 est,

90 2922 175 2982 quum
193 2902 241 2962 rel
259 2903 295 2963 ad
322 2904 415 2964 album
437 2921 487 2978 os,
509 2903 556 2962 vel
579 2904 614 2963 ad
636 2903 756 2963 solidum
775 2911 888 2960 ventum
913 2909 967 2958 εει.
996 2897 1074 2957 Albo

91 2988 164 3047 liniri
190 3005 227 3046 ex
252 2989 366 3065 nigritie
387 2989 498 3062 vitium,
521 2986 668 3046 soliditate
691 2985 812 3062 quadam
835 2984 972 3057 excorie,
988 2981 1086 3039 mani·-

55 3071 194 3130 aoiestum
213 3080 266 3130 εει.
295 3071 448 3131 Accedere
472 3072 556 3129 etiam
582 3070 693 3128 cruoris
717 3067 823 3146 aliquid
851 3068 965 3141 integro
987 3081 1075 3142 supra

89 3154 265 3213 dictumest.
297 3153 457 3233 Siquando
475 3162 568 3212 autem
582 3170 618 3210 an
636 3151 719 3210 altius
741 3149 926 3210 descenderit
948 3145 1075 3206 utrumli-

90 3237 139 3297 bet
158 3237 273 3297 dubium
289 3247 349 3312 est,
369 3239 396 3295 in
412 3239 489 3296 carie
510 3234 625 3314 quidem
637 3233 772 3311 expedita
784 3232 913 3310 cognitio
930 3240 983 3290 εει.
1001 3230 1076 3308 Spe·

91 3321 187 3381 cillum
202 3330 288 3381 tenue
306 3324 334 3380 in
349 3320 488 3380 foramina
504 3319 673 3378 demittitur:
687 3316 763 3395 qnod
779 3318 870 3392 magis
886 3316 1018 3375 minusve
1036 3315 1078 3371 iu·

89 3405 209 3481 trando,
225 3404 274 3464 vel
293 3407 320 3464 in
337 3421 445 3464 summo
468 3404 574 3463 cariem
588 3419 670 3474 esse,
696 3398 746 3458 vel
767 3398 850 3459 altius
875 3393 1004 3460 descend

55 3511 81 3551 ss
92 3496 222 3548 testator.
251 3487 390 3566 Nigrities
407 3487 506 3564 colligi
520 3483 638 3565 'quidem
652 3492 751 3562 potest
767 3483 851 3545 etiam
868 3500 906 3542 ex
921 3478 988 3543 dolo
