2414 3924
485 221 703 287 „90-

174 365 263 428 aliud.
296 368 531 447 anagargarisma
551 366 706 429 iscbemon
729 367 907 449 appellatum
933 368 963 429 id
989 377 1035 430 est
1056 388 1103 429 re-

85 457 185 517 tinens
208 457 398 536 sanguinem,
421 457 448 516 si
470 455 546 517 forte
570 456 607 516 de
630 456 767 519 faucibus
790 466 841 519 aut
859 475 916 519 uva
935 459 1102 535 contigerit.

84 561 185 605 rosam
208 546 332 625 siccam,
355 546 499 606 senticem
520 543 659 626 viridem,
681 555 807 626 myrtam
826 544 964 624 nigellam
984 548 1102 625 siccam,

85 631 176 712 gallos
200 632 385 694 omfacitidas
407 633 511 694 feriter
530 641 697 714 quassatas,
721 634 810 695 simul
829 637 928 695 omnia
951 634 1101 713 decoques

59 723 117 782 oin
135 740 226 802 posca
245 731 276 893 ,et
298 721 383 783 dabis
401 721 659 803 gargarizandum,
682 730 794 784 aestate
816 722 957 802 frigidum
976 722 1101 783 hiberno

87 810 229 891 tepidum.
254 806 258 893 l

1 992 15 1020 r.
30 983 78 1035 rra)
420 969 480 1030 XL.
517 969 566 1030 dd
589 971 777 1052 pthisicos.

175 1092 229 1155 Est
266 1101 366 1154 autem
402 1093 529 1173 pthisica
568 1097 667 1175 passio
705 1094 849 1156 ulceratio
885 1094 1035 1175 pulmonis
1072 1104 1102 1156 et

85 1183 215 1244 thoracis
239 1200 308 1243 cum
331 1180 499 1244 defluxione
524 1185 667 1264 corporis.
706 1182 758 1243 sed
778 1182 858 1244 illam
880 1193 997 1245 veteres
1020 1185 1100 1263 peio-

45 1287 71 1326 ιο
84 1289 149 1332 rem
176 1279 266 1350 atque
295 1270 490 1331 insanabilem
522 1270 627 1333 dicunt
658 1289 734 1350 quae
767 1271 859 1332 luerit
889 1271 1039 1351 pulmonis
1072 1282 1103 1333 et

85 1358 250 1421 secundum
274 1367 400 1421 aetatem
419 1360 577 1421 iuvenibus
596 1361 690 1439 magis
709 1376 797 1438 quam
816 1359 938 1420 senibus
960 1369 1100 1440 creatam,

85 1448 232 1527 siquidem
255 1448 393 1509 iuvenilis
412 1457 492 1510 aetas
515 1450 563 1510 sui
586 1449 735 1509 fervorem
754 1450 873 1527 erigens
896 1449 926 1508 in
951 1455 1100 1508 tumorem

84 1538 262 1617 putrefaciat
290 1544 320 1598 et
348 1537 480 1598 sordidet
512 1536 613 1598 ulcera
645 1554 735 1617 supra
768 1536 855 1597 dicta.
901 1537 1031 1596 efficitur
1064 1555 1100 1596 ex

85 1625 272 1686 antecedenti
304 1626 457 1706 sanguinis
489 1628 694 1708 renotatione,
728 1642 818 1704 quam
850 1623 956 1685 Graeci
988 1633 1101 1685 ematos

45 1730 71 1770 15
85 1731 236 1794 anagogen
264 1714 380 1797 dicunt,
409 1722 461 1775 aut
487 1733 542 1795 per
564 1714 682 1794 longam
710 1713 884 1775 tussiculam
907 1716 1101 1774 reumatiaato

84 1803 224 1883 pulmone
239 1811 291 1863 aut
304 1803 435 1883 thorace,
454 1810 505 1864 aut
517 1805 635 1864 interna
649 1802 824 1864 collectione
841 1820 931 1881 quam
945 1820 1100 1881 empyema

86 1890 198 1974 dicunt,
217 1910 286 1953 cum
304 1893 381 1952 forte
396 1908 516 1953 sursum
533 1893 668 1973 eruperit
686 1899 717 1952 et
729 1893 851 1952 minime
870 1909 925 1972 per
943 1891 1101 1951 inferiores

85 1990 186 2061 partes
208 1981 301 2042 fuerit
323 1980 478 2042 desiccata.
522 1983 659 2060 sequitur
686 1988 785 2042 autem
813 1978 982 2041 laborantes
1010 1981 1102 2040 totius

86 2072 222 2149 corporis
245 2068 374 2130 defluxio
393 2068 439 2129 rel
458 2087 527 2131 cum
545 2071 635 2130 nimia
654 2071 746 2130 macie
770 2070 879 2130 virium
903 2071 1100 2148 consumptio,

45 2174 72 2213 ro
85 2156 229 2218 febricula
255 2159 355 2219 tenuis
378 2157 534 2235 aliquando
557 2159 635 2237 iugis
658 2156 816 2236 aliquando
839 2156 1100 2237 intercapedinata,

86 2263 174 2324 quam
202 2245 308 2305 Graeci
335 2244 495 2325 dialiponta
523 2253 641 2327 vocant,
673 2240 816 2306 tussicula
850 2247 938 2304 etiam
968 2252 997 2304 et
1029 2243 1100 2324 fleg-

84 2335 172 2394 matis
199 2335 360 2394 reluctatio.
406 2333 514 2394 debinc
543 2336 697 2414 peierante
729 2334 867 2412 passione
900 2332 1038 2410 putidum
1070 2343 1102 2394 ot

0 2452 13 2476 t
35 2415 288 2505 171purttllentum
306 2438 397 2501 supra
420 2421 533 2482 dictum
551 2421 656 2502 flegma
675 2419 853 2482 excluditur.
891 2419 989 2500 capilli
1012 2423 1102 2482 etiam

158 2616 172 2664 1
193 2610 326 2666 achamom
343 2627 384 2682 gc,
402 2610 536 2666 cheamon
549 2628 580 2680 p.
672 2616 688 2665 3
708 2609 833 2665 senticae
850 2607 949 2664 viridis
967 2626 998 2680 9,
1020 2608 1100 2665 silice

84 2698 174 2755 viride
193 2716 220 2766 c,
244 2698 326 2754 sibico
345 2699 443 2754 viridis
457 2716 488 2769 p.
579 2700 672 2769 myrta
691 2698 805 2769 (mirato
823 2715 847 2767 e,
865 2679 927 2753 riori
941 2699 974 2768 p)
993 2698 1101 2770 nigella

84 2769 160 2824 sicca
176 2786 209 2840 gc
227 2772 320 2839 l-am
333 2772 375 2841 p).
466 2775 482 2823 b
501 2769 618 2826 hiberno
636 2787 655 2842 9
674 2770 732 2839 (aed
745 2769 849 2853 bpeme
864 2787 900 2840 p,
923 2787 1005 2840 yeme
1024 2787 1051 2843 e,
1070 2778 1102 2826 ut

82 2856 171 2923 supro
188 2856 291 2910 mmper
307 2842 340 2896 in
357 2843 406 2897 boc
425 2843 505 2910 cap).
613 2842 693 2897 aad
710 2843 835 2912 pbueoa.
872 2842 906 2899 11.
927 2857 989 2908 cap.
1008 2859 1039 2912 9,
1057 2844 1102 2897 Ad

83 2910 200 2993 pbsieoa
218 2917 253 2966 40
272 2929 287 2968 c
304 2912 374 2982 (cine
391 2912 467 2967 rubr.
482 2928 518 2981 p,
535 2913 584 2968 sed
601 2913 659 2967 lod.
676 2929 699 2982 p
716 2910 761 2968 Aa
779 2911 916 2983 ptisioos).
1011 2918 1026 2965 8
1045 2915 1100 2982 pti-

82 2997 219 3109 llW
248 2987 344 3122 aaa?
364 2984 490 3108 'llll
511 2984 709 3111 ltf‘tttt
721 2984 1101 3109 dormitabat

29 3126 118 3181 ,11
137 3068 262 3181 unffi
279 3140 310 3195 g:
328 3094 425 3180 creabo
443 3141 469 3195 e,
487 3096 601 3195 natop.
688 3095 723 3179 lt
742 3093 892 3179 amatore.
981 3128 1013 3177 15
1033 3070 1100 3177 εἴηέ-

76 3208 173 3277 gogo!
188 3210 240 3265 op,
258 3198 330 3267 —gr'a
348 3211 373 3252 e.
453 3196 654 3251 reumalidiato
671 3212 717 3268 gc,
735 3193 937 3249 raumobizanta
951 3210 983 3262 p.
1066 3201 1099 3248 1ss

70 3272 444 3405 ffifflffiffllffm
456 3284 488 3337 φ’
508 3272 1100 3393 1aou¹ffl⁰3at⁰10r2r⁸ffmr⁹dss⁹sseiffc

76 3396 142 3469 (tm.
159 3404 237 3471 oum)
252 3420 299 3473 gp.
371 3412 414 3489 20·
425 3406 668 3491 intercapedinum
679 3422 710 3477 p,
729 3406 803 3461 inter
820 3405 953 3475 capinala
971 3423 993 3472 c,
1012 3406 1100 3462 inter·

62 3468 179 3537 -polttbtt
191 3486 223 3539 p.
296 3478 334 3527 22
348 3478 485 3543 putidum
502 3495 548 3550 goe
565 3477 711 3549 putridum
724 3494 755 3546 p.
