2414 3924
420 247 489 293 nm.
505 247 537 294 v.
562 245 636 293 chr.
653 247 753 294 1-1v,
1024 239 1081 299 161

91 420 151 462 non
169 401 293 460 alienum
308 400 421 460 videtur
434 410 499 461 ante
515 416 682 479 proponere
698 410 728 461 et
742 403 870 476 nomina,
895 409 923 460 et
938 403 1033 477 vires,
1055 412 1084 462 et

92 487 230 545 mixturas
252 501 367 554 eorum;
391 502 448 563 quo
468 486 561 543 minor
582 485 662 562 ipsas
679 486 842 545 curationes
858 483 1083 562 exsequentibus

92 587 173 629 mora
187 570 232 627 sit.

470 667 653 728 CAPUT
684 668 710 728 Ι.

288 766 324 815 De
340 765 458 815 remediis
474 781 539 830 quae
555 767 706 832 sanguinein
721 768 888 832 supprimunt.

156 883 330 960 Sanguinem
342 885 521 962 supprimunt
532 891 717 943 atramentum
730 887 875 963 sutorium,
892 887 970 964 quod
980 887 1085 948 Graeci

90 958 287 1044 politionibus
301 967 466 1045 appellant,
484 966 631 1044 chalcitis,
647 969 762 1046 acacia,
778 975 857 1029 etex
874 986 949 1047 aqua
968 971 1083 1049 lycium,

91 1058 155 1124 tus,
186 1048 269 1129 aloe,
296 1053 418 1129 gummi,
449 1048 594 1128 plumbum
617 1049 810 1128 combustum,
840 1070 972 1132 porrum,
994 1055 1083 1115 herba

92 1133 284 1209 sanguinalis,
315 1143 395 1194 creta
418 1133 467 1193 vel
492 1134 604 1194 cimolia
628 1134 676 1194 vel
699 1135 844 1215 figularis,
869 1137 955 1215 misy,
980 1139 1104 1218 frigida,

58 1235 82 1275 ro
93 1234 184 1294 squa,
206 1217 317 1293 vinum,
339 1226 466 1294 acetum,
484 1217 613 1296 alumen,
629 1219 778 1298 melinum,
794 1238 911 1298 squama
928 1231 956 1283 ct
971 1223 1041 1284 ierri
1055 1232 1085 1282 et

93 1301 186 1378 aeris,
211 1309 296 1378 atque
317 1301 400 1376 hujus
423 1318 539 1379 qnoque
560 1301 633 1362 duae
657 1305 774 1381 species
795 1314 875 1381 sunt,
900 1306 956 1366 alia
978 1315 1084 1367 tantum

92 1385 185 1460 aeris,
201 1382 256 1443 alia
273 1382 351 1443 rubri
364 1385 450 1444 aeris.
535 1417 540 1428 ·

455 1555 635 1618 CAPUT
668 1559 721 1617 II.

419 1654 487 1714 Quae
510 1654 602 1704 vulnus
624 1656 756 1720 glutinem.

58 1772 82 1812 15
156 1754 301 1816 Glutinant
325 1755 428 1815 vulnus
454 1755 588 1830 myrrha,
619 1765 685 1834 tus,
715 1757 836 1833 gummi,
868 1758 1083 1835 praecipueque

92 1838 288 1917 acanthinum,
320 1838 468 1917 psyllium,
499 1837 703 1916 tragacantha,
737 1838 959 1914 cardamomum,
991 1839 1082 1918 bulbi,

92 1920 142 1980 lini
167 1940 281 1998 semen,
309 1925 493 1999 nasturtium,
522 1923 570 1979 ovi
596 1920 706 1996 album,
734 1921 849 1998 gluten,
877 1921 1082 1999 ichthyocolla,

92 2004 159 2064 vitis
180 2004 265 2083 alba,
288 2014 425 2066 contusae
448 2025 510 2066 cum
535 2007 617 2063 testis
634 2006 693 2063 suis
708 2003 862 2080 cochleae,
886 2004 941 2064 mel
958 2015 1081 2081 coctum,

94 2090 217 2166 spongia
239 2089 285 2148 vel
304 2107 342 2148 ex
357 2106 430 2168 aqua
445 2087 566 2166 frigida,
590 2088 636 2147 vel
653 2106 690 2147 ex
705 2088 789 2165 vino,
813 2088 860 2147 vel
878 2108 914 2148 ex
929 2098 1014 2149 aceto
1033 2108 1079 2149 en

57 2189 212 2250 repressa3
237 2190 274 2232 ex
293 2173 394 2231 iisdem
415 2173 480 2232 lana
502 2170 633 2240 succida;
659 2172 683 2230 si
708 2170 781 2231 levis
804 2172 890 2250 plaga
915 2183 975 2248 est,
999 2175 1081 2234 etiam

95 2273 209 2315 aranea.

156 2339 325 2418 Reprimunt
340 2338 451 2399 alumen
467 2347 495 2397 et
510 2337 640 2412 scissile,
658 2338 735 2416 quod
750 2331 884 2416 σχιστόν
899 2350 1036 2419 vocatur,
1055 2353 1084 2402 et

94 2421 245 2500 liquidum,
265 2421 414 2499 melinum,
435 2422 686 2500 auripigmentum,
701 2440 828 2499 aerugo,
845 2424 992 2502 chalcitis,
1010 2437 1082 2487 atra·

93 2515 217 2564 mentum
233 2507 378 2565 sutorium.
427 2552 432 2554 >

58 2693 84 2731 2,
200 2624 204 2631 ’
437 2656 620 2717 chron
657 2659 736 2716 111.

343 2753 412 2813 Quae
428 2763 585 2818 concoquant
603 2762 627 2802 et
644 2763 760 2804 moveant
777 2771 835 2820 pus.

158 2853 348 2932 Concoquunt
371 2863 400 2913 et
424 2863 541 2913 movent
563 2872 616 2931 pus
641 2854 772 2932 nardum,
799 2857 929 2931 myrrha,
962 2865 1083 2930 costum,

95 2938 270 3013 balsamum,
300 2937 474 3016 galbanum,
503 2937 657 3015 propolis,
688 2946 807 3013 styrax,
838 2940 908 2997 turis
935 2946 964 2995 et
992 2938 1083 3014 fuligo

95 3031 124 3082 et
148 3031 265 3097 corten,
292 3021 435 3097 bitumen,
468 3021 532 3099 pix,
558 3019 693 3098 sulphur,
716 3023 828 3097 resina,
850 3038 966 3093 sevum,
983 3019 1084 3097 adeps,

60 3107 201 3166 scoleum.

452 3204 631 3265 CAPUT
666 3205 732 3262 IV.

360 3304 428 3364 Quae
443 3305 557 3369 aperiant
573 3318 616 3353 ors
631 3305 656 3351 in
673 3302 827 3368 corporibus.

159 3403 300 3482 Aperiunt
325 3412 463 3483 tamquam
484 3422 535 3464 ora
560 3402 625 3482 (so.
653 3400 826 3483 Venarum)
847 3401 875 3459 in
901 3399 1084 3478 corporibus,

97 3488 319 3632 cincqqpqqmum,
347 3486 519 3563 balsamum,
547 3505 688 3567 panaces,
712 3488 817 3563 juncus
838 3483 1008 3629 qqadratus,
1035 3502 1085 3563 pu·
1136 3499 1140 3509 ·
