2414 3924
511 221 729 288 ..44-

113 374 287 428 steatomata
319 374 470 428 vocantur.
516 385 585 428 nam
616 365 723 428 Graeci
757 366 873 447 adipem
907 374 987 427 stear
1018 366 1131 429 dicunt.

113 462 279 516 nascuntur
306 455 480 533 frequenter
507 458 539 516 in
567 455 736 516 articulosis
764 464 794 517 et
820 458 956 516 nervosis
983 455 1058 516 locis
1086 455 1133 516 vel

112 542 291 605 musculosis
306 551 337 604 et
350 544 574 623 cartilaginosis.
602 551 634 604 et
647 545 783 605 similiter
797 553 832 605 ut
846 545 960 605 scrofae
979 551 1132 606 curantur.

333 701 461 762 XXVlll.
498 703 546 764 Ad
570 706 713 764 aurium
736 688 906 764 dolorem.

87 841 99 880 5
203 827 328 887 Aurium
347 827 464 887 dolores
484 827 656 906 efficiuntur
674 845 710 888 ex
728 827 917 888 antecedenti
936 827 1132 906 perfrictione

114 935 150 976 ex
174 915 281 994 lrigido
309 923 397 976 vento
425 915 514 976 ssantc
543 923 595 976 aut
623 933 659 975 ex
687 915 810 976 lavacris
838 915 953 994 frigidis
982 923 1033 976 aut
1057 933 1134 995 aqua

113 1007 145 1065 in
173 1006 237 1083 ipsa
265 1023 390 1065 caverna
420 1005 567 1066 auditoria
590 1006 727 1065 irruenti.
764 1012 816 1065 eut
838 1023 874 1065 ex
899 1013 1016 1065 tumore
1040 1022 1133 1064 mem·

114 1092 223 1154 branae
243 1111 331 1173 supra
354 1092 450 1153 dictae
470 1092 633 1154 auditoriae
653 1111 795 1153 cavernae
819 1100 871 1154 aut
894 1092 1005 1153 saniola
1027 1092 1135 1154 fluenti

114 1189 166 1242 aut
199 1183 373 1242 ventositate
405 1181 520 1242 inclusa
553 1191 702 1243 tumorem
728 1182 857 1243 iaciente
885 1190 944 1242 aut·
966 1181 1134 1241 sordiculae

75 1288 100 1326 ro
115 1269 161 1330 vel
183 1277 448 1349 purgamentorum
472 1269 645 1331 obtrusione
670 1271 759 1352 iacta,
782 1288 851 1331 cum
875 1271 988 1330 exitum
1012 1271 1134 1330 minime

114 1356 253 1419 habuerit
275 1377 365 1439 supra
388 1359 466 1419 dicta
490 1361 666 1439 ventositas,
689 1358 806 1419 dolores
831 1359 1011 1419 efficiuntur.
1064 1361 1075 1379 ⁸

204 1449 367 1508 curationis
395 1457 494 1508 autem
521 1455 657 1527 tempore
686 1449 716 1507 in
744 1450 808 1526 ipso
838 1449 924 1507 initio
948 1446 1059 1507 doloris
1084 1446 1135 1507 ali·

116 1552 173 1614 qua
197 1554 233 1595 ex
256 1535 416 1615 praedictis
439 1536 475 1595 ad
499 1535 632 1596 dolorem
656 1537 761 1615 capitis
785 1538 924 1615 superius
948 1537 1059 1614 scripta
1084 1553 1135 1597 ex-

116 1625 264 1685 trinsecus
288 1623 422 1684 adhiberi
446 1624 589 1684 sumenda
612 1624 799 1705 mandamuS,
822 1642 856 1684 ea
879 1642 951 1684 vero
970 1641 1046 1702 quae
1064 1641 1135 1704 pro-

76 1727 102 1767 15
115 1713 181 1792 prie
203 1714 234 1772 in
256 1714 330 1792 ipsis
355 1715 489 1773 cavernis
512 1712 694 1775 instillantur
718 1731 798 1774 nunc
821 1713 963 1773 dicemus.

206 1801 242 1861 ad
265 1800 398 1861 dolorem
421 1803 547 1862 aurium.
589 1808 745 1880 gesentera
772 1801 803 1861 id
827 1808 872 1861 est
895 1800 1074 1861 vermiculos
1098 1801 1136 1862 de

116 1891 234 1968 arrugia
261 1897 312 1950 aut
340 1908 463 1950 araneas
491 1898 542 1951 aut
569 1889 675 1951 asellos
703 1908 778 1968 quos
806 1888 912 1951 Graeci
941 1891 1060 1950 oniscos
1091 1888 1135 1950 di·

116 1987 189 2040 cunt
224 2011 262 2023 —
296 1988 462 2040 nascuntur
493 1981 525 2039 in
557 1978 705 2039 humectis
737 1978 810 2039 locis
843 1977 998 2039 hominum
1022 1985 1136 2039 tactum

189 2138 203 2184 1
223 2147 301 2185 secar
320 2148 341 2186 c.
429 2138 444 2186 3
465 2130 663 2202 cartillagiosis
680 2149 705 2201 9.
795 2137 813 2185 4
831 2132 874 2187 tit.
892 2129 938 2184 Ad
956 2129 1067 2185 aurium
1085 2130 1136 2186 do-

116 2202 205 2255 lorem
224 2201 287 2270 (dol
299 2202 328 2270 y)
345 2218 387 2272 pc,
405 2202 447 2255 De
460 2201 555 2256 dolore
570 2202 680 2256 aurium
690 2220 720 2272 p.
794 2207 879 2256 5-11
896 2203 1021 2258 dolorum
1035 2217 1136 2256 causac

116 2271 232 2326 =Gol
253 2266 336 2339 (κατὰ
355 2269 430 2341 τόν.)
449 2272 515 2338 XII,
535 2278 586 2326 599
605 2275 690 2339 (unde
706 2273 898 2328 Pseudo-Gal.
918 2274 1039 2341 cooperiet
1059 2272 1133 2341 XIV,

116 2349 169 2397 330
188 2343 223 2410 cf.
244 2343 294 2396 To.
317 2343 406 2398 Prisc.
426 2342 452 2410 Ι,
473 2346 509 2412 7),
608 2342 842 2413 operiricatione
857 2361 887 2412 p.
989 2343 1055 2398 ‘lin
1072 2343 1136 2412 ipsa,

116 2430 236 2469 caverna
254 2419 301 2468 etc.
320 2414 400 2480 (obl.)
417 2429 476 2484 qcp.
585 2414 702 2469 irruenti
724 2433 743 2486 9
768 2414 838 2482 (-ti
856 2415 937 2468 etiam
956 2415 1008 2483 cp).
1118 2420 1135 2470 8

87 2506 92 2516 ·
116 2484 214 2540 fluenti
230 2500 274 2554 pc,
293 2486 357 2537 -te
372 2501 401 2552 p.
475 2490 491 2538 9
511 2485 623 2539 sordida
642 2488 706 2556 (pro
724 2486 832 2553 —cletl
851 2503 885 2556 9,
904 2485 986 2539 sorde
1005 2502 1029 2551 c,
1046 2485 1136 2540 sordi-

117 2555 202 2625 desp
221 2557 266 2625 (ex
288 2554 417 2609 sordibus
440 2555 533 2624 Petu).
642 2563 675 2610 10
695 2555 857 2612 obtrusione
876 2574 906 2628 p,
931 2555 1090 2610 -trutione
1103 2572 1135 2624 p,

116 2627 271 2682 ostrusione
291 2643 306 2681 c
324 2625 510 2695 (obstrusione
531 2626 626 2696 Petu).
738 2634 770 2681 12
784 2627 880 2696 aliqua
899 2644 944 2696 cp:
964 2626 1091 2694 aliquam
1107 2642 1133 2696 9.

118 2705 150 2752 13
175 2698 292 2766 scripta:
318 2698 452 2766 scriptam
501 2739 509 2765 ‚
535 2697 612 2751 dicta
637 2699 682 2751 vel
708 2699 812 2767 scripte
833 2699 898 2765 (sic)
920 2714 948 2763 c,
973 2697 1084 2765 scriptis
1103 2715 1134 2767 p.

118 2775 151 2822 14
170 2768 299 2822 adhiberi
317 2768 453 2823 sumenda
471 2715 583 2838 g—dem
601 2769 630 2838 9)
648 2769 688 2822 sic
705 2786 738 2837 pc
756 2768 902 2838 (sumenda
920 2784 970 2824 om.
985 2771 1026 2837 p).
1102 2774 1135 2822 15

116 2838 146 2893 in
164 2838 232 2908 ipsis
252 2839 390 2894 cavernis:
409 2840 450 2893 sic
467 2855 527 2909 ycp.
615 2838 732 2893 dicimus
752 2856 792 2909 cp.
883 2845 915 2893 16
935 2838 972 2894 ad
991 2837 1046 2909 (Ad
1065 2840 1089 2908 c)
1107 2838 1134 2892 d.

117 2910 444 3035 reiecerunt
487 2903 699 3035 utentes
719 2907 1136 3052 g‘trtttstet

116 3069 152 3122 pp
172 3052 218 3119 (cf.
240 3051 343 3118 runt:
363 3021 492 3120 duringia.
511 3068 532 3106 c.
624 2999 734 3106 oriende
752 3069 782 3122 9:
801 3051 910 3106 aniscos
925 3068 960 3120 p,
979 3052 1094 3107 oniscon
1112 3069 1134 3108 c.

118 3128 151 3176 18
176 3124 209 3177 de
230 3124 332 3177 comme
355 3123 387 3176 iu
410 3124 498 3176 codem
524 3129 683 3191 orpontcoto
709 3124 749 3176 sic
771 3139 804 3177 ccc
826 3123 990 3191 Asclepiade
1013 3123 1136 3178 cannot

117 3193 194 3262 (XII,
218 3195 293 3263 634):
323 3194 394 3258 ζῶον
419 3191 451 3247 δέ
472 3191 529 3248 ἐστι
551 3190 698 3247 πολύπουν
718 3190 749 3248 ἐν
773 3200 832 3255 τοῖς
854 3188 988 3280 ddopuoic
1011 3188 1136 3262 ἀγγείοις

119 3265 165 3330 (cf.
182 3265 263 3330 XII,
282 3269 335 3320 641
351 3270 375 3319 ct
389 3269 447 3319 623
466 3281 499 3318 ene
513 3266 666 3337 Arche'peoe
683 3261 750 3326 τούς
764 3260 811 3319 ἐπὶ
829 3270 892 3325 ταῖς
910 3265 1022 3332 criptule
1040 3261 1137 3332 drove)

119 3334 168 3388 uod
187 3330 218 3389 ἐν
241 3342 304 3397 ταῖς
327 3338 458 3404 complace
476 3331 669 3405 γεννώμενον,
694 3331 768 3389 κατὰ
793 3332 824 3389 δὲ
844 3331 896 3396 τὰς
913 3335 969 3388 τῶν
988 3332 1136 3390 δακτύλων

119 3399 277 3474 lacunosae
293 3401 514 3475 σφαιρούμενον.
588 3413 621 3461 18
637 3405 783 3461 humidum
797 3407 906 3462 tentum
922 3404 940 3459 f.
957 3407 1028 3474 c(ul
1040 3406 1137 3462 Simon

118 3492 139 3529 s.
160 3478 282 3531 enitente
299 3476 447 3530 humidum
465 3479 560 3532 tamen
580 3477 619 3547 t).
