2414 3924
383 213 432 260 nn
454 213 516 259 Dru
539 213 670 260 xxranr
694 212 768 262 cnr.
786 214 832 261 vr.
1052 200 1091 263 11

125 373 159 415 eo
185 353 354 415 alimentum
375 355 414 414 ita
438 353 535 413 trahat
556 360 603 423 ut,
636 370 701 412 cum
725 351 820 412 editus
843 360 901 420 est,
933 370 968 412 ex
989 355 1092 413 matris

124 439 276 501 uberibus.

189 524 325 584 Ceterum
348 529 381 582 ut
402 539 500 582 mares
521 522 685 582 leminaeve
705 529 866 582 nascantur
893 520 964 598 quid
985 538 1091 582 causae
1108 533 1126 581 4

125 615 216 676 esset,
238 609 317 667 varie
333 605 370 665 ah
391 605 483 667 isdem
499 605 683 684 philosophis
703 606 853 685 proditum
875 611 928 665 est.
970 623 1039 666 nam
1056 623 1092 666 ex

90 705 106 752 5
125 712 184 772 quo
199 699 323 770 parente
345 691 466 752 seminis
482 689 606 768 amplius
622 691 689 761 luit,
715 691 777 750 eius
793 708 896 750 sexum
915 707 1090 766 repraesen-

124 779 180 837 tari
201 776 273 835 dixit
288 775 456 836 Alcmaeon.
495 793 530 834 ex
552 775 713 836 seminibus
735 781 831 834 autem
848 773 1033 835 tenuioribus
1048 774 1061 833 l
1079 808 1091 821 ·

125 862 229 929 minas,
246 879 280 920 ex
297 859 488 921 densioribus
500 877 597 920 mares
612 861 677 920 fieri
688 860 807 938 Hippon
823 859 967 919 adfirmat.
994 859 1125 921 utrius't

123 963 193 1004 vero
216 945 347 1022 parentis
367 945 546 1023 principium
569 945 669 1004 sedem
692 946 777 1022 prius
798 944 1000 1028 occupaverit,
1028 945 1092 1004 eius

124 1028 208 1088 reddi
233 1036 369 1089 naturam
391 1029 576 1089 democritus
603 1027 729 1089 rettulit:
760 1035 789 1088 at
815 1029 892 1090 inter
918 1046 950 1088 se
977 1034 1092 1089 certare

75 1126 106 1174 10
123 1115 251 1175 feminae
267 1121 296 1173 et
312 1115 415 1181 maris,
439 1122 467 1174 et
482 1131 574 1191 penes
596 1121 694 1173 utrum
716 1113 839 1172 victoria
855 1114 907 1181 sit,
930 1114 993 1172 eius
1010 1111 1091 1172 habi·

123 1207 185 1258 lum
206 1199 313 1258 referri
334 1206 437 1259 auctor
464 1204 508 1258 est
527 1197 727 1258 Parmenides.
767 1215 803 1256 ex
824 1196 935 1256 dextris
956 1196 1092 1276 partibus
1110 1202 1126 1251 6

125 1283 249 1361 proluso
266 1285 377 1344 semine
399 1300 496 1342 mares
513 1284 608 1360 gigni,
633 1290 693 1342 ate
709 1281 798 1342 laevis
815 1281 954 1351 seminas,
976 1283 1091 1342 Anaxa·

125 1385 213 1443 goras
228 1367 483 1445 Empedoclesqne
499 1368 700 1435 consentiunt;
725 1384 850 1444 quorum
872 1365 1040 1443 opiniones
1059 1373 1092 1427 ut

124 1451 160 1511 de
186 1451 242 1512 hac
267 1453 366 1530 specie
392 1470 555 1530 congruae,
585 1453 623 1512 ila
651 1451 687 1511 de
714 1450 902 1511 similitudine
928 1449 1092 1512 liberorum

74 1546 106 1595 15
124 1536 288 1615 dispariles.
320 1554 410 1613 super
426 1554 483 1615 qua
500 1555 532 1597 re
547 1535 742 1613 Empedocles
758 1535 903 1613 disputata
919 1535 1033 1595 ratione
1048 1543 1091 1595 la-

123 1621 161 1680 lia
177 1624 322 1698 profatur.
353 1623 378 1679 si
392 1639 447 1698 par
464 1619 544 1679 calor
559 1623 590 1679 in
606 1627 760 1696 parentum
777 1618 939 1679 seminibus
954 1619 1023 1689 luit,
1040 1637 1091 1698 pa·
1110 1627 1125 1676 't

123 1707 162 1765 tri
184 1703 308 1764 similem
329 1722 442 1764 marem
463 1706 634 1781 procreari;
664 1705 688 1764 si
709 1704 819 1780 frigus,
842 1705 982 1765 feminam
1004 1704 1092 1764 matri

124 1787 258 1848 similem.
291 1787 368 1865 quod
390 1788 414 1846 si
435 1789 528 1864 patris
550 1786 670 1848 calidius
692 1790 747 1848 erit
768 1795 798 1849 et
820 1788 956 1866 frigidius
977 1789 1090 1857 matris,

124 1889 250 1952 puerum
267 1870 333 1931 lore
349 1873 400 1948 qui
416 1873 519 1931 matris
534 1871 631 1932 vultus
646 1879 865 1951 repraesentet:
882 1875 952 1934 atsi
968 1872 1092 1934 calidius

73 1968 106 2016 20
123 1957 239 2026 matris,
271 1957 363 2032 patris
389 1966 487 2016 autem
509 1956 598 2017 luerit
624 1956 775 2035 frigidius,
806 1956 935 2036 puellam
961 1956 1091 2018 futuram

128 2058 203 2118 quae
218 2042 311 2119 patris
327 2039 432 2099 reddat
447 2040 678 2101 similitudinem.
709 2043 898 2119 Anaxagoras
913 2050 1011 2102 autem
1028 2042 1091 2102 eius
1110 2049 1126 2099 8

67 2182 70 2188 .
124 2126 258 2202 parentis
278 2124 382 2184 faciem
398 2124 514 2186 referre
529 2125 641 2186 liberos
655 2125 807 2195 indicavit,
829 2129 879 2204 qui
894 2127 1014 2188 seminis
1030 2144 1091 2185 arn-

123 2208 200 2287 plius
216 2208 397 2269 contulisset,
433 2218 563 2270 ceterum
581 2210 765 2271 Parmenidis
780 2213 925 2271 sententia
942 2217 1000 2277 est,
1024 2227 1091 2270 eum

125 2294 264 2355 dexterae
290 2301 390 2372 partes
415 2297 528 2355 semina
549 2294 699 2365 dederint,
731 2303 801 2356 tunc
828 2294 903 2356 lilios
929 2312 994 2356 esse
1015 2295 1093 2372 patri

73 2390 106 2438 ‘25
125 2378 306 2446 consimiles,
325 2398 392 2439 cum
408 2376 522 2450 laevae,
537 2387 608 2440 tunc
623 2380 720 2440 matri.

189 2463 328 2543 Sequitur
339 2464 375 2523 de
391 2466 525 2541 geminis,
543 2465 594 2542 qui
609 2471 641 2525 ut
656 2463 813 2542 aliquando
825 2470 985 2525 nascantur
1001 2464 1090 2525 modo
1109 2470 1125 2520 9

124 2550 245 2610 seminis
265 2549 330 2607 ficri
346 2548 465 2626 Hippon
487 2556 568 2608 ratus
583 2557 643 2609 est:
665 2549 695 2608 id
718 2550 879 2609 enimcum
900 2548 1027 2627 amplius
1048 2554 1093 2610 est

125 2651 212 2709 quam
240 2634 291 2692 uni
313 2634 384 2692 satis
404 2634 472 2700 init,
505 2632 641 2693 bilariam
663 2633 777 2693 deduci.
825 2633 856 2693 id
877 2635 973 2712 ipsum
997 2633 1143 2695 lerme10

191 2886 216 2933 4.
243 2899 343 2934 naxiae
368 2899 402 2932 aa
425 2883 529 2935 hisdem
554 2887 577 2934 l)
647 2887 832 2937 samareon
855 2885 911 2934 DV
977 2887 1001 2934 7.
1025 2885 1092 2950 hyp-

124 2967 178 3016 pon
200 2952 227 2999 V
292 2955 315 3001 9.
334 2951 430 3001 retulit
452 2952 475 2999 V
527 2948 604 3002 ἐδΙ)
674 2955 714 3003 10.
733 2950 954 3014 remanoeDV¹‚
974 2952 1093 3002 feminas

123 3037 154 3067 m.
172 3035 225 3071 rec.
245 3023 270 3068 in
292 3020 318 3068 V
385 3030 479 3068 manes
500 3036 533 3069 en
551 3034 656 3084 paones
674 3020 733 3068 nV
798 3021 839 3070 11.
860 3016 905 3084 ex]
927 3034 959 3068 er
978 3019 1031 3068 DV

125 3090 165 3137 13.
185 3085 412 3151 expeoocnesque
431 3088 486 3136 nV
553 3089 594 3139 15.
613 3086 760 3151 dispariles
778 3091 842 3136 sunt
859 3087 957 3136 lateus
1009 3101 1093 3151 expo·

123 3153 227 3204 boenes
251 3154 305 3202 DV
372 3152 444 3202 talia
461 3155 587 3218 profatur
612 3156 800 3216 Lucumonem,
824 3168 904 3204 rams
926 3168 1094 3218 pnonennnn

124 3222 183 3271 nV
248 3224 287 3271 17.
312 3235 466 3285 pnopneam
489 3223 514 3270 J)
584 3222 672 3286 frigus
692 3222 797 3283 Carrio,
830 3220 952 3287 roscidus
971 3221 1028 3270 DV

125 3292 233 3340 18-20.
255 3287 366 3339 cantoris
386 3315 418 3324 -
437 3287 542 3354 regibus
562 3288 691 3354 (frigidus
713 3289 749 3351 V)
769 3313 805 3327 ν-
822 3288 936 3338 canibus
954 3316 988 3324 -
1006 3301 1095 3353 sarpt-

125 3355 175 3406 dus
189 3358 250 3417 DV,
269 3373 336 3407 corr.
350 3357 447 3406 Inlrnus
517 3359 557 3408 19.
570 3372 676 3407 uunsus
688 3357 723 3422 D,
742 3356 848 3406 uultum
861 3356 907 3406 dV
974 3358 1016 3406 23.
1030 3369 1093 3404 sen·

126 3425 216 3475 tentia
234 3425 292 3488 dV,
318 3438 415 3474 senata
433 3425 458 3473 D
527 3426 569 3474 24.
593 3425 699 3474 semina
723 3440 769 3474 om.
792 3424 819 3473 V
884 3426 925 3474 26.
949 3435 1074 3472 nascarn

126 3491 158 3552 D,
171 3495 272 3544 cormd
327 3492 492 3558 2i.hyppon
508 3492 533 3541 V
585 3491 808 3546 estadd.0arrio
864 3490 1059 3542 28.didueinul
