2414 3924
495 272 563 319 ura.
579 273 602 319 1.
619 272 695 321 cau.
707 275 759 324 111.
1035 299 1037 305 ·
1083 265 1120 327 21

122 424 218 500 alvus,
241 423 412 504 plerumque
431 428 460 484 in
482 436 633 487 senectute
655 427 848 487 contrahitur:
877 428 979 507 quibus
1003 433 1031 489 iu
1055 432 1123 492 ado-

122 508 264 568 lescentia
280 507 333 567 init
348 508 502 585 adstricta,
519 528 609 589 saepe
624 513 652 569 in
668 519 818 570 senectute
833 512 954 571 solvitur
973 511 1070 592 (Aple.
1083 515 1123 595 11,

121 591 189 670 20).
222 590 328 652 llelior
345 602 389 652 est
406 601 500 653 autem
514 594 543 653 in
558 596 668 670 juvene
691 594 798 669 fusior,
821 595 850 653 in
870 613 940 655 sene
957 596 1124 659 adstrictior

122 675 177 754 (oi.
194 672 274 752 Aple.
290 673 333 751 ll,
350 675 418 755 53).

98 782 111 822 s
185 758 313 838 Tempus
333 776 450 838 quoque
470 762 536 821 unni
560 761 747 822 considerare
773 770 900 840 oportet.
940 761 1040 823 llieme
1056 765 1122 842 plus

119 861 188 903 esse
209 845 345 903 convenit
369 840 464 922 (Aps.
481 841 511 920 1,
536 846 590 912 15;
614 845 652 905 oi.
680 844 748 924 18);
771 847 879 921 minus,
904 848 957 906 sed
980 853 1123 908 meracius

119 927 238 995 bibere;
259 926 349 987 multo
365 946 440 1007 pane
456 930 512 1004 uti,
535 946 623 989 carne
638 932 734 1008 potius
752 949 835 1006 assa,
859 931 974 989 modice
991 930 1121 993 oleribus

119 1011 174 1090 (ci.
191 1008 278 1090 llipp.
297 1008 346 1070 De
362 1011 470 1072 diocto
484 1011 608 1073 calabri
624 1011 645 1087 δ
663 1014 695 1091 1)
714 1013 805 1074 semel
821 1014 867 1072 die
886 1014 981 1074 cibum
1000 1033 1120 1094 capere,

118 1097 211 1154 nisisi
227 1095 310 1153 nimis
328 1105 430 1155 venter
447 1095 602 1156 adstrictus
617 1106 671 1156 est.
703 1098 733 1155 Si
750 1097 872 1176 prandet
888 1098 1008 1178 aliquis,
1024 1100 1119 1160 utilius

83 1187 165 1239 mest
180 1179 315 1255 exiguum
332 1179 458 1257 aliquid,
481 1189 511 1239 et
529 1182 621 1259 ipsum
645 1182 752 1241 siccum
776 1184 838 1242 sine
863 1200 966 1258 carne,
990 1184 1051 1243 sine
1069 1201 1124 1263 po:

117 1265 197 1323 tione
211 1280 335 1322 sumere.
368 1262 414 1324 Eo
432 1272 564 1342 ternpore
580 1265 645 1324 anui
665 1264 767 1324 calidis
782 1266 913 1325 omnibus
929 1268 1025 1345 potius
1040 1276 1120 1328 uten-

118 1347 268 1423 domest,
292 1346 340 1405 vel
366 1347 495 1408 calorem
520 1348 711 1409 moventibus.
750 1350 849 1408 Venus
871 1359 929 1409 tum
948 1369 1007 1411 uon
1028 1369 1120 1431 aeque

118 1430 284 1510 perniciosa
298 1439 352 1489 est.
383 1431 423 1491 At
434 1450 505 1492 vere
518 1432 632 1511 paulum
644 1432 710 1492 cibo
724 1433 902 1510 demendum,
917 1435 1120 1510 amiciendam·

119 1532 175 1595 que
198 1515 327 1594 potioni,
350 1514 403 1574 sed
422 1514 537 1576 dilutius
558 1525 652 1577 tamen
671 1515 824 1575 bibendum
841 1527 900 1584 est:
923 1520 1014 1594 magis
1033 1537 1120 1578 carue

83 1613 109 1656 rs
118 1597 268 1673 utendum,
289 1601 381 1677 magis
398 1599 543 1668 oleribus;
565 1600 767 1661 transeundum
786 1600 920 1677 paulatim
936 1601 971 1660 ab
987 1605 1062 1661 assis
1084 1601 1119 1663 ad

117 1682 203 1743 elixa.
232 1683 334 1743 Venus
347 1702 385 1745 eo
397 1693 530 1763 tempore
546 1687 611 1744 anni
627 1685 766 1744 tutissima
782 1693 835 1742 est.
860 1683 983 1743 Aestate
998 1702 1070 1745 vero
1090 1695 1119 1743 et

117 1767 236 1845 potione
258 1776 287 1826 et
303 1767 370 1827 cibo
386 1770 503 1848 saepius
524 1785 631 1847 corpus
650 1776 734 1843 eget;
752 1766 819 1826 ideo
837 1767 983 1845 prandere
1002 1785 1118 1845 quoque

117 1849 298 1912 commodum
316 1860 370 1910 est.
406 1850 450 1912 Eo
470 1861 602 1930 tempore
619 1851 767 1929 aptissima
783 1859 847 1909 snut
863 1859 891 1908 et
906 1866 975 1910 earo
994 1860 1022 1909 et
1037 1850 1117 1919 olus;

116 1937 197 2013 potio
218 1952 304 2013 quam
320 1933 505 2011 dilutissima‚
523 1945 554 1994 ut
570 1944 599 1995 et
614 1936 689 1994 sitim
707 1934 808 2007 tollat,
825 1951 881 1993 uec
896 1951 1003 2010 eorpus
1020 1935 1118 1994 incen-

80 2038 107 2079 so
118 2018 180 2088 dat;
201 2016 307 2096 frigida
323 2018 445 2094 lavatio,
463 2037 531 2079 caro
548 2020 643 2095 elixa,
664 2018 760 2095 frigidi
779 2017 851 2094 cibi,
868 2016 915 2076 vel
933 2020 979 2095 qui
995 2017 1117 2094 refrige-

114 2111 188 2162 rent.
231 2102 269 2162 Ut
285 2104 402 2182 saepius
422 2113 515 2163 autem
535 2104 601 2163 cibo
623 2102 774 2177 utendum,
792 2104 833 2161 sio
850 2103 957 2178 exiguo
975 2110 1029 2160 est.
1063 2101 1118 2160 Per

114 2195 278 2246 autumnum
299 2204 388 2263 vero,
410 2198 533 2267 propter
552 2187 628 2247 coeli
648 2187 831 2262 varietatem,
854 2184 1015 2264 periculum
1030 2187 1117 2246 maxi·

115 2288 189 2329 mum
204 2279 250 2329 est
272 2270 325 2348 (oi.
343 2269 423 2348 Aple.
441 2270 496 2348 111,
514 2273 560 2351 4).
596 2271 697 2350 ltaque
711 2289 806 2349 neque
821 2271 883 2329 sine
900 2279 998 2345 ueste,
1022 2288 1118 2348 neque

115 2356 177 2413 sine
200 2354 403 2414 calceameutis
423 2355 540 2434 prodire
561 2364 693 2435 oportet,
716 2356 932 2433 praecipueque
954 2354 1056 2414 diebus
1069 2355 1117 2414 iri·

80 2437 291 2514 ugidioribus‚
316 2456 412 2517 neque
435 2439 488 2498 sub
510 2438 577 2498 divo
589 2449 677 2499 noctu
701 2437 841 2514 dormire,
869 2449 917 2498 aut
940 2449 1020 2498 certe
1041 2438 1117 2499 bene

116 2522 235 2599 operiri.
271 2519 345 2582 Cibo
360 2541 432 2583 vcro
449 2525 509 2598 jam
525 2523 612 2602 paulo
630 2524 762 2601 pleniore
778 2524 816 2582 uti
832 2524 916 2592 iicet;
933 2525 1040 2600 minus,
1065 2522 1117 2582 sed

115 2605 257 2665 meracius
272 2605 384 2666 bibere.
424 2606 511 2666 Poma
530 2624 639 2666 nocere
657 2607 769 2686 quidam
786 2616 900 2684 putant,
923 2625 997 2685 quae
1017 2609 1116 2667 immo-

115 2689 178 2749 dice
195 2696 256 2749 toto
269 2688 315 2749 die
331 2689 500 2769 plerumque
517 2692 559 2750 sic
575 2700 772 2765 assumuntur,
790 2690 909 2768 nequid
925 2709 963 2750 ex
980 2693 1117 2752 densiore

115 2773 181 2833 cibo
196 2775 371 2834 remittatur:
393 2777 430 2834 ita
446 2794 503 2835 non
520 2775 609 2848 haec,
632 2775 684 2834 sed
703 2776 908 2834 consummatio
926 2778 1049 2834 omniurn
1066 2791 1116 2834 uo·

79 2865 173 2918 secet.
207 2856 253 2917 Ex
275 2857 378 2936 quibus
401 2859 429 2917 in
452 2858 530 2917 nullo
552 2868 647 2918 tamen
667 2859 776 2930 minus,
799 2874 882 2933 quam
903 2857 931 2914 in
955 2858 999 2917 his
1021 2875 1116 2918 noxae

115 2950 168 3001 est.
192 2940 251 3001 Sed
262 2940 307 3000 his
318 2943 357 3000 uti
369 2959 426 3001 non
439 2945 570 3020 saepias,
588 2960 672 3021 quam
688 2941 746 2999 alio
760 2938 843 3014 cibo,
860 2943 1004 2999 convenit.
1027 2940 1115 3000 Deui-

115 3043 170 3104 que
183 3025 290 3102 aliquid
305 3024 432 3085 densiori
451 3025 532 3100 cibo,
550 3042 634 3102 quum
646 3025 693 3085 hic
706 3022 839 3096 accedit,
858 3025 1056 3082 necessarium
1072 3032 1117 3082 est

114 3108 197 3168 demi.
232 3107 335 3186 Neque
351 3118 462 3168 aestate
483 3125 571 3182 uero,
594 3126 690 3184 neque
705 3115 838 3165 autumno
852 3104 928 3163 utilis
944 3123 1035 3164 venus
1053 3114 1114 3163 est:

113 3190 295 3252 tolerabilior
317 3200 412 3252 tamen
435 3210 489 3271 per
504 3200 678 3259 autumnum
702 3196 813 3248 aestate
834 3189 862 3245 in
883 3196 987 3263 toturn,
1013 3189 1038 3246 si
1053 3187 1116 3246 lieri

78 3291 103 3333 ss
113 3284 227 3353 potest,
245 3274 443 3336 abstinendum
458 3285 512 3336 est.
