2414 3924
542 183 780 247 -130-

151 328 239 390 melle
268 336 450 408 semperne,
482 346 570 407 quam
603 327 751 408 appellant
783 326 888 388 Graeci
919 329 1103 409 inomelitoS‚
1139 341 1171 392 ec

154 417 308 479 calefacies
331 426 361 477 et
383 419 469 497 potui
492 415 576 477 dabis
597 434 652 496 per
674 415 740 477 dies
763 415 812 478 lll.

242 504 328 566 aliud.
367 505 435 566 silfii
458 505 637 567 coclearium
660 504 673 564 l
697 523 765 565 cum
788 507 856 564 vino
880 505 976 566 mulso
1000 514 1067 566 ante
1094 506 1168 568 duras

150 591 241 654 horas
269 594 376 654 lavacri
404 597 488 673 potui
516 593 609 654 dabis.
650 601 701 654 aul
728 593 873 654 marrubii
901 592 1003 654 viridis
1030 597 1093 655 suci
1118 614 1166 656 co·

126 682 295 743 aclearium
318 701 413 744 unum
436 701 504 744 cum
527 685 587 742 viui
610 682 700 743 mulsi
722 684 814 761 cyatis
838 681 878 742 lll
901 685 985 762 potui
1009 682 1092 744 dabis
1117 693 1169 745 aut

153 771 300 832 anchusae
325 771 503 833 coclearium
526 770 538 830 l
562 789 631 831 cum
654 773 732 832 vino.
1060 845 1064 850 ‚

242 860 330 922 aliud.
367 859 651 939 apossegmatismum
674 862 726 939 qui
748 859 870 920 naribus
893 861 1074 942 infunditur,
1098 871 1128 922 el
1151 880 1167 922 a

153 949 274 1010 Graecis
297 948 461 1028 appellatur
484 948 695 1030 rinenchyton‚
718 967 754 1009 eo
778 948 866 1009 modo
891 966 949 1028 quo
973 953 1112 1029 superius
1135 953 1167 1010 in

154 1039 258 1117 capitis
289 1036 478 1117 passionibus
510 1038 685 1116 scripsimus
704 1035 772 1117 'per
803 1037 937 1098 triduum
968 1037 1091 1099 naribus
1122 1041 1167 1099 in·

114 1141 139 1180 10
153 1125 273 1207 fundes,
296 1135 327 1186 et
350 1124 476 1186 sanabis.

197 1303 229 1363 L.
266 1302 314 1362 Ad
337 1305 475 1364 ventris
499 1311 534 1363 et
557 1305 819 1364 intestinorum
842 1306 1122 1365 reumatismum.

242 1427 297 1488 Est
312 1437 411 1488 autem
425 1427 635 1487 reumatismus
650 1430 762 1488 ventris
777 1437 807 1489 et
820 1430 1031 1490 intestinorum
1047 1437 1168 1508 praeter

154 1516 268 1577 febrem
287 1515 433 1576 assellatio
453 1517 564 1576 ventris
587 1516 721 1597 humida,
744 1525 775 1577 el
797 1516 953 1595 aliquando
978 1535 1047 1577 cum
1065 1536 1168 1578 morsu

154 1614 184 1666 et
207 1604 363 1684 aliquando
392 1607 455 1664 sine
480 1621 590 1665 morsu.

114 1707 139 1748 15
184 1706 186 1713 ·
243 1695 357 1754 curatio
388 1700 487 1753 autem
514 1711 619 1753 eorum
646 1692 713 1752 lalis
741 1700 800 1774 est,
833 1694 911 1753 sicul
943 1691 1097 1753 Galenus
1131 1695 1168 1753 ad

153 1782 334 1844 Glaucouem
367 1781 502 1842 scribens
534 1783 588 1842 aii:
620 1783 664 1842 uti
695 1780 818 1841 lavacris
850 1779 972 1841 debebis
1005 1780 1107 1842 calidis
1137 1791 1169 1841 et

45 1912 53 1922 -
154 1874 344 1933 constricliva
368 1870 524 1931 cibatione.

395 2030 441 2090 Ll.
478 2030 525 2089 Ad
550 2029 700 2090 colicam
723 2037 760 2090 et
781 2029 932 2092 iliacam.

241 2154 296 2214 Est
324 2161 422 2214 autem
450 2153 542 2214 colica
569 2157 668 2233 passio
697 2162 797 2215 tumor
825 2173 893 2215 cum
923 2156 1037 2233 ingenti
1066 2154 1167 2215 dolore

114 2259 139 2299 so
154 2245 245 2304 totius
273 2244 368 2321 ipsius
395 2244 529 2302 intestini
558 2243 637 2321 quod
661 2243 766 2304 Graeci
789 2251 931 2304 consuete
961 2243 1046 2303 colon
1070 2243 1168 2322 appel-

226 2385 239 2432 1
259 2377 427 2446 ynomelibos
441 2394 478 2447 p,
496 2379 668 2434 momelliios
687 2396 709 2434 c.
801 2384 817 2432 2
836 2377 967 2434 calefacis
986 2395 1027 2447 cp.
1116 2394 1168 2447 per

153 2450 201 2506 ΙΙΙ.
220 2448 281 2503 dies
294 2465 325 2518 p.
404 2449 520 2518 4potui
538 2481 572 2490 -
592 2453 630 2521 (ὅ)
649 2449 730 2506 dabis
748 2466 798 2506 om.
809 2466 840 2518 p,
927 2448 1005 2504 'lAl’
1021 2465 1056 2517 p:
1075 2465 1125 2503 om,
1145 2466 1169 2503 c.

153 2519 428 2659 dilpbiidiiiifl
452 2537 480 2587 ⁶‘
504 2519 708 2647 praepar
730 2520 1167 2646 (didffiflimilindo‘ll‘

153 2632 253 2717 mabbo
272 2678 287 2716 c
305 2661 382 2731 (Sim.
402 2679 424 2716 s.
443 2609 634 2718 mblrbblibobuga
648 2607 862 2733 pppgnmeovppa
877 2607 899 2646 θ’
925 2676 959 2716 eo
978 2678 1002 2716 c:
1024 2661 1123 2742 eodem
1137 2609 1169 2730 ς’

154 2739 169 2787 9
192 2733 320 2802 passione
334 2750 365 2803 p.
475 2739 506 2789 11
532 2735 573 2789 De
596 2733 776 2790 reumatismo
796 2749 827 2803 p.
937 2738 969 2786 13
995 2732 1122 2787 scellano
1138 2751 1169 2801 p,

154 2804 271 2860 aselntio
298 2821 319 2859 c.
411 2811 445 2859 14
469 2807 498 2860 ei
520 2807 582 2875 (ooo.
596 2808 629 2875 p)
648 2806 712 2862 odd.
727 2811 770 2875 12⁰·
861 2806 891 2859 el
909 2835 944 2845 -
963 2821 1058 2860 morsu
1075 2819 1125 2858 om,
1145 2821 1168 2869 c,

153 2877 203 2930 nbi
225 2891 288 2929 cum
311 2891 405 2930 morsu
428 2876 458 2930 in
483 2893 517 2931 eo
536 2880 650 2932 cuntur
666 2877 781 2946 (-rab')
801 2877 896 2930 aulem
915 2892 1011 2931 eorum
1031 2875 1107 2928 calce
1127 2873 1167 2927 sic

154 2946 281 3016 galienus
307 2952 353 3001 etc.
381 2949 414 3001 io
437 2948 482 3002 bis
508 2947 567 3002 sine
595 2948 688 3003 morsu
711 2965 735 3018 p
758 2973 792 2994 =
815 2947 846 3002 in
870 2963 905 3002 eo
930 2947 992 3016 (pro
1020 2944 1079 2999 siue
1107 2946 1169 3012 eoi)

154 3035 175 3074 c.
263 3023 295 3072 15
319 3018 433 3086 Ourap
457 3018 503 3086 (cf.
527 3035 541 3072 c
563 3020 601 3074 nd
621 3036 646 3074 o.
670 3022 725 3090 14).
834 3033 929 3073 eorum
947 3033 974 3071 c:
996 3015 1120 3084 ipsorum
1137 3031 1168 3083 p.

153 3088 280 3159 galienus
299 3107 313 3145 c
331 3087 397 3158 (gal’
412 3089 446 3158 p)
465 3088 535 3143 obi?
562 3091 595 3144 io
619 3091 689 3146 libro
712 3087 871 3160 deperdito?
899 3104 938 3141 ao
963 3088 996 3141 in
1019 3090 1095 3139 iectu
1112 3101 1169 3139 oer-

38 3158 44 3165 ’
153 3162 239 3216 sionis
256 3165 306 3216 oet.
326 3157 451 3214 latinae?
531 3166 565 3215 16
584 3160 626 3216 aii
642 3160 685 3216 uti
702 3158 822 3216 lavacris
841 3157 921 3213 dabis
940 3156 1039 3212 calidis
1057 3159 1086 3211 ei
1105 3172 1168 3210 con-

154 3232 282 3286 slricbiva
299 3230 482 3300 vaporatione
496 3247 519 3300 c,
537 3231 579 3286 aib
598 3231 645 3303 dn
663 3233 778 3287 lavacra
791 3228 878 3298 (-cri
891 3232 956 3282 nole
970 3230 1052 3296 corr.)
1068 3226 1168 3282 calida.

154 3303 183 3354 et
197 3301 379 3357 constrictius
392 3301 496 3357 cibatio
506 3319 528 3371 p
542 3303 590 3371 (cf.
600 3302 673 3358 Petr.
679 3319 709 3371 p.
720 3305 798 3368 277),
864 3303 896 3353 18
911 3299 956 3354 Ad
970 3317 993 3354 c.
1004 3301 1034 3354 et
1046 3297 1168 3366 yliacam

155 3372 215 3438 (sic)
234 3389 256 3440 e,
275 3372 316 3426 De
331 3371 420 3427 colica
433 3373 561 3442 passione
575 3391 606 3442 p.
679 3371 865 3440 idiotismis
883 3369 975 3426 italiis
994 3370 1061 3425 colli
1080 3374 1127 3438 qffi
1146 3385 1169 3438 c,

154 3440 240 3496 *olim
258 3441 345 3511 ipsius
364 3442 408 3511 (19)
427 3442 554 3498 intestini
573 3443 627 3499 coli
646 3443 722 3514 qnod
735 3460 766 3513 p.
803 3443 839 3510 cs.
860 3440 931 3497 Unel.
951 3458 996 3497 occ.
1012 3447 1042 3509 3,
1062 3447 1122 3496 143,
