2414 3924
490 209 708 274 ..39-

83 354 173 416 ticula
197 372 269 414 cum
293 356 384 414 ramis
408 362 522 415 murtae
547 357 643 416 siccae
668 356 773 416 elixata
797 365 827 417 et
855 356 1012 436 diligenter
1035 362 1107 420 trita

84 462 149 504 cum
185 441 304 503 modico
336 441 424 502 melle
453 451 484 503 et
514 462 591 524 pane
623 444 722 505 inluso
756 445 994 529 cataplasmabis‚
1026 449 1106 528 quod

82 531 190 593 Graeci
214 531 369 610 artolagon
389 531 544 610 appellant.
582 535 628 593 sin
647 551 718 594 vero
738 533 969 613 erysipelatodes
993 536 1106 598 luerint

82 619 262 681 carbunculi
283 620 314 679 id
338 627 384 680 est
407 638 476 680 cum
499 620 609 681 rubore
633 629 667 682 ut
690 625 721 682 in
745 624 840 682 vicina
868 630 952 700 parte
976 624 1033 684 sibi
1057 644 1104 686 re·

82 709 136 770 luti
164 711 245 788 ignis
269 727 354 769 sacer
384 709 571 788 ostendatur,
598 710 767 789 plantagine
796 721 846 772 aut
873 711 1030 771 coriandro
1055 722 1134 775 auto

82 797 176 858 iutibo
206 815 276 858 eum
303 815 379 878 pane
408 797 631 877 cataplasmabis
665 798 711 859 bis
743 801 773 859 iu
807 800 853 859 die
887 808 918 859 et
950 801 1042 860 semel
1073 803 1105 861 in

84 894 179 947 nocte.
222 894 296 947 tunc
325 905 393 947 cum
420 885 496 946 bene
525 886 611 947 ulcus
640 886 749 948 videris
778 888 989 970 depurgatum,
1021 889 1104 950 illusa

84 978 212 1036 trocism
236 977 332 1036 uteris
356 977 387 1034 iu
410 977 479 1034 vino
502 975 599 1035 mulso
622 975 763 1037 resoluto.

420 1132 523 1196 XXIII.
562 1135 610 1195 Ad
633 1154 768 1196 reuma.

171 1257 359 1337 Intellegitur
381 1277 485 1319 reuma
508 1262 646 1338 quotiens
666 1260 759 1321 valida
782 1260 943 1321 inlluxione
967 1260 1102 1322 humoris
1118 1274 1143 1312 10

89 1347 171 1408 nullis
195 1345 444 1429 praecedentibus
473 1350 571 1408 causis
598 1348 697 1409 subito
725 1351 901 1410 intumuerit
924 1349 1101 1413 membrum.

89 1444 115 1496 et
136 1435 301 1516 appellatur
329 1453 345 1494 a
369 1435 489 1497 GraecIs
513 1440 675 1498 reumatice
697 1435 838 1498 diathesis
862 1438 892 1498 id
916 1448 962 1499 est
985 1457 1100 1499 reuma·

91 1527 141 1584 tica
158 1527 267 1604 passio.
305 1526 451 1603 contingit
473 1525 660 1608 frequenter,
681 1519 685 1609 l
707 1527 832 1587 manuue
851 1535 951 1588 tamen
973 1529 1005 1587 in
1029 1529 1097 1588 arti·
1111 1550 1133 1588 a·
1150 1538 1189 1576 20⁴

90 1612 194 1674 culosis
217 1613 304 1693 locis,
329 1620 362 1673 ut
384 1613 511 1692 exempli
535 1632 623 1675 causa
646 1617 677 1675 in
700 1633 778 1694 genu
798 1624 849 1676 aut
872 1615 1026 1677 incubitu
1050 1623 1101 1676 aut

92 1702 184 1781 iugulo
208 1709 260 1762 aut
282 1701 398 1761 maxilla
421 1720 489 1762 cum
512 1720 584 1763 aure
604 1721 699 1783 usque
719 1704 755 1764 ad
777 1712 921 1786 tempora,
943 1704 1100 1783 aliquando
1116 1717 1141 1757 1⁵

94 1793 173 1851 etiam
205 1790 293 1850 simul
326 1798 356 1850 et
388 1791 507 1871 faciem,
536 1799 569 1852 ut
597 1795 686 1853 etiam
715 1795 828 1872 ingenti
856 1800 972 1854 tumore
1001 1792 1100 1853 subito

95 1878 163 1939 oculi
186 1879 369 1940 claudantur.
407 1878 563 1957 aliquando
587 1898 682 1960 usque
707 1881 743 1941 ad
766 1889 870 1961 guttur
889 1899 979 1960 supra
1002 1879 1100 1940 dictus

97 1973 183 2028 tumor
206 1967 359 2049 dilatatur,
382 1975 416 2028 ut
438 1969 527 2028 etiam
550 1969 680 2030 thoracis
702 1978 803 2049 partes
827 1969 952 2029 invadat.

175 2059 204 2116 in
232 2055 436 2116 curationibus
464 2075 533 2117 vero
562 2057 740 2118 abstinentia
769 2056 828 2118 cibi
856 2057 901 2118 rel
929 2059 1040 2118 ieiunio
1070 2065 1100 2117 ot

99 2148 188 2205 anno
205 2145 381 2205 abstinentia
401 2152 431 2205 et
452 2148 603 2224 sanguinis
622 2145 805 2207 detractione
825 2165 880 2226 per
899 2146 1098 2207 flebotomiam
1113 2162 1140 2202 ιο

99 2230 124 2291 et
143 2237 248 2295 ventris
271 2236 447 2313 purgatione
467 2233 628 2295 cathartico
653 2235 720 2295 dato
741 2238 801 2295 sive
826 2236 951 2314 clystere
976 2254 1097 2296 cracua-

161 2441 319 2511 lmuitgp.
336 2439 470 2508 mirtecp.
544 2440 666 2495 exlirrata
679 2459 705 2511 9,
720 2440 860 2508 elixatec,
875 2441 942 2508 et(
945 2441 955 2508 )
970 2439 1056 2493 lixate
1067 2456 1099 2508 9.

102 2508 199 2590 tritag.
219 2514 337 2579 —tecp
412 2510 601 2593 3artofagion
620 2528 638 2581 9
655 2516 706 2581 (9),
725 2515 769 2565 ar
770 2527 920 2580 opagrone
938 2511 1022 2577 (ufic.
1039 2515 1098 2578 32)
1199 2563 1200 2566 ,

103 2578 183 2650 ling:
202 2580 231 2635 Si
250 2598 290 2650 99.
388 2581 675 2664 heresipelotodesg‚
695 2581 941 2651 casipilabodesc,
960 2579 1098 2650 erisipila-

102 2651 209 2732 lodeep.
300 2651 365 2706 din
383 2651 489 2707 vicinas
507 2655 602 2722 partes
621 2653 672 2708 sibi
697 2671 730 2723 99
752 2659 777 2708 et
800 2656 861 2723 (om
881 2652 990 2721 sibim.
1082 2659 1098 2705 ὃ

63 2742 66 2747 ·
103 2719 161 2790 ignis
177 2740 239 2777 acer
257 2723 482 2791 9999999999,Ι
473 2725 548 2792 agnis
567 2740 631 2779 acer
650 2723 854 2792 ostenditurm
873 2724 969 2807 ignem
989 2740 1098 2776 sacrum

102 2793 340 2935 didita
357 2800 488 2920 'lm-333
501 2811 559 2936 333
565 2796 729 2920 milii
693 2884 729 2936 9
752 2800 804 2920 998
821 2795 1027 2936 32⁰⁰¹⁸⁰¹¹t
992 2865 1034 2921 99
1036 2810 1098 2917 ft·

101 2968 207 3007 reumam
224 2971 241 3022 9
260 2954 355 3021 (—ma
374 2955 446 3021 9),
427 2937 451 2964 ὼ
472 2956 590 3022 (contra)
610 2955 645 3009 de
664 2944 765 3010 aerunae
780 2960 952 3024 912
977 2954 1012 3020 cf.
1033 2951 1095 3006 Gal.

101 3039 153 3119 XI,
170 3047 211 3096 79.
305 3049 337 3095 13
357 3045 500 3124 tameng·
519 3059 570 3098 om
590 3061 631 3114 99.
724 3027 1097 3120 1519919999999199,

99 3109 121 3164 in
136 3083 300 3183 rlrurguloc.
396 3113 426 3167 in
443 3113 560 3168 maxilla
579 3131 620 3184 99.
705 3130 772 3168 aure
791 3131 836 3183 99·
856 3130 947 3180 orep.
1032 3110 1098 3162 tim·

98 3197 193 3253 perag,
212 3187 325 3254 tempus
344 3188 444 3254 (9999,
463 3187 529 3255 tpus
548 3188 572 3253 9)
591 3202 632 3254 99
742 3191 775 3239 16
799 3184 900 3239 faciem
919 3185 950 3250 (i
969 3198 990 3235 e.
1009 3197 1098 3248 usque

99 3252 125 3306 ul
140 3254 211 3325 f)9,
229 3255 348 3310 facien.
367 3256 469 3311 faciem
489 3259 609 3325 occupat
621 3273 651 3324 9.
725 3262 760 3310 20
775 3255 898 3309 avinoc.
919 3253 983 3307 rino
1001 3269 1019 3322 9
1039 3251 1098 3319 (ab-

99 3323 216 3381 tb'uentia
230 3326 287 3381 cibi
302 3328 331 3381 eb
350 3328 409 3382 vim
401 3328 461 3397 9).
535 3343 606 3397 sung
620 3326 833 3394 detractioneu.
907 3322 1098 3379 ileuotomiam

99 3397 132 3458 (td
145 3403 300 3480 9999999)9.
374 3404 407 3452 21
427 3399 538 3453 elistere
557 3416 574 3469 9
593 3399 706 3466 (distare
721 3398 768 3466 9),
788 3395 960 3452 elisteriisc.
1034 3409 1099 3448 eva

99 3468 259 3538 mnonep:
280 3469 446 3524 vacuafione
466 3472 509 3538 (-
480 3473 553 3525 -tro
572 3471 599 3538 9)
618 3485 650 3538 99
667 3471 711 3534 (ut
728 3484 815 3536 99999
833 3471 870 3537 9).
