2416 3936
449 229 518 275 ura.
535 228 567 275 v.
586 226 661 275 oar.
677 228 785 275 xxvm.
1037 219 1097 284 203

100 386 260 446 verisimile
277 392 321 442 est
336 386 564 461 spissescentem
581 400 696 460 quoque
716 384 792 443 intus
806 361 955 445 humorem
976 387 1097 447 hominis

100 466 688 543 mmfflmfflmwfflmmm

165 571 194 628 5.
221 568 254 627 ln
269 564 440 646 quibusdam
462 567 548 625 etiam
567 565 632 624 aliis
648 566 833 644 serpentibus
857 577 936 628 certa
957 569 1097 645 quaedam

101 652 208 713 auxilia
224 653 293 710 satis
312 659 381 709 nota
396 658 469 709 sunt.
498 648 570 725 Nam
583 650 702 726 scorpio
718 649 773 710 sibi
788 653 852 730 ipse
875 651 1097 730 pulcherrimum

76 736 340 796 smedicamentnm
357 743 411 792 cst.
439 733 560 808 Quidam
576 733 728 792 contritum
744 753 806 794 cum
825 737 891 794 vino
904 736 1019 796 bibunt:
1037 740 1097 814 qui-

101 822 165 881 dam
182 821 285 879 eodem
301 817 387 877 modo
405 820 556 877 contritum
571 835 660 896 super
674 819 777 878 vulnus
796 821 960 898 imponunt:
984 820 1098 898 quidam

101 923 190 982 super
206 921 325 982 prunam
342 910 378 961 eo
396 903 532 980 imposito
545 901 648 960 vulnus
662 903 859 980 suffumigant,
874 904 999 982 undique
1014 914 1098 964 veste

102 987 291 1062 circumdata,
308 1005 344 1045 ne
360 985 384 1043 is
400 986 493 1045 fumus
506 984 664 1044 dilabatur:
681 995 738 1044 tum
752 988 908 1047 carbonem
928 990 992 1063 ejus
1008 1006 1098 1066 super

101 1072 205 1131 vulnus
220 1071 357 1147 deligant.
389 1069 494 1129 Bibere
510 1078 603 1129 autem
620 1079 738 1146 oportet
752 1070 862 1132 herbae
875 1071 996 1148 solaris,
1013 1089 1097 1150 quam

67 1170 91 1210 10
102 1145 319 1236 ἡλιοτρόπιον
332 1152 436 1213 Graeci
451 1161 575 1228 vocant,
589 1171 705 1230 semen,
724 1156 771 1215 vel
788 1165 869 1215 certe
883 1155 953 1216 lolia
968 1175 1006 1214 ex
1018 1157 1095 1215 vino.

101 1243 197 1319 Super
213 1240 314 1297 vulnus
338 1255 409 1296 vero
433 1238 518 1297 etiam
543 1237 671 1296 luriures
690 1247 846 1314 anaceto,
868 1241 917 1299 vel
932 1248 995 1300 ruta
1012 1239 1097 1299 silva·

101 1327 156 1382 tica
179 1332 260 1382 recte
282 1323 451 1399 imponitur,
466 1321 513 1380 vel
530 1339 593 1381 cum
608 1321 696 1381 melle
713 1322 756 1382 sal
771 1331 874 1384 tostus.
908 1322 1041 1401 cognovi
1056 1331 1096 1383 ta-

101 1426 167 1466 men
184 1406 329 1482 medicos,
353 1406 401 1483 qui
422 1406 458 1465 ab
482 1405 640 1484 scorpione
662 1405 727 1468 ictis
748 1407 818 1466 nihil
840 1407 932 1486 aliud,
954 1425 1038 1489 quam
1060 1425 1098 1466 en

101 1491 222 1551 brachio
239 1492 407 1568 sanguinem
421 1491 568 1549 miserunt.

67 1602 91 1640 ¹⁵
167 1591 195 1650 6.
218 1589 255 1648 Et
271 1588 306 1648 ad
320 1589 485 1666 scorpionis
509 1596 603 1648 autem
626 1597 656 1648 et
676 1589 775 1647 aranei
797 1589 902 1663 ictum,
926 1590 1021 1649 allium
1034 1608 1096 1649 cum

101 1683 164 1733 ruta
178 1682 260 1732 recte
279 1673 432 1749 miscetur,
450 1691 487 1731 ex
502 1672 627 1752 oleoque
646 1673 799 1731 contritum
814 1675 1065 1751 superimponitur.

163 1773 191 1829 7.
214 1771 253 1829 ht
272 1772 295 1828 si
313 1780 463 1847 cerastes,
483 1780 531 1830 aut
546 1770 658 1848 dipsas,
683 1778 730 1829 aut
746 1770 945 1829 haemorrhois
963 1771 1018 1848 (ci.
1035 1769 1096 1830 Des

100 1854 223 1931 Etangs,
232 1866 266 1932 'p.
275 1853 352 1932 283)
368 1856 523 1931 percussit,
537 1855 619 1933 polii,
633 1853 710 1932 qnod
721 1855 877 1931 aegyptiae
889 1854 974 1913 fabae
987 1856 1096 1929 magni·

101 1938 226 1997 tudinem
242 1946 367 2014 aequet,
383 1937 557 2014 arefactum,
580 1940 608 1997 in
624 1938 693 1998 duas
707 1939 841 2016 potiones
855 1937 1035 1998 dividendum
1052 1946 1097 1996 est

64 2040 91 2079 so
102 2025 162 2097 sic,
180 2032 210 2081 ut
224 2023 250 2081 ei
263 2030 345 2080 rutae
361 2021 475 2100 paulum
489 2023 648 2097 adjiciatur.
675 2021 825 2082 Trifolium
841 2039 958 2100 quoque
976 2030 1005 2080 et
1018 2039 1095 2080 men·

102 2116 238 2181 tastrnm,
257 2115 285 2164 et
301 2124 365 2163 cum
381 2115 466 2164 aceto
477 2125 606 2184 panaces
618 2124 710 2183 aeque
723 2106 885 2183 proficiunt.
909 2105 1095 2181 Costumque,

103 2201 131 2249 et
146 2192 240 2262 casia,
260 2199 289 2248 et
304 2191 513 2249 cinnamomum
530 2199 612 2250 recte
627 2208 681 2267 per
697 2190 844 2268 potionem
863 2199 1052 2250 assumuntur.

164 2287 193 2348 8.
227 2287 378 2347 Adversus
408 2288 539 2363 chelydri
566 2306 638 2348 vero
661 2290 764 2363 ictum,
789 2306 932 2366 panaces,
951 2298 998 2348 aut
1018 2287 1097 2347 laser

101 2372 147 2430 vel
170 2374 249 2448 porri
272 2391 377 2432 succus
393 2390 457 2432 eum
472 2373 585 2432 hemina
600 2373 658 2431 vini
677 2372 830 2432 sumendus
854 2382 915 2448 est,
941 2382 969 2432 et
985 2371 1096 2437 edenda

66 2455 189 2514 asmulta
218 2459 352 2516 satureia.
389 2456 598 2535 Imponendum
626 2465 720 2516 autem
746 2475 834 2535 super
859 2458 961 2516 vulnus
983 2467 1096 2516 stereus

102 2542 247 2616 caprinum
265 2559 303 2599 ex
317 2550 401 2601 aceto
418 2550 565 2608 coaetum;
582 2550 629 2600 aut
644 2559 682 2599 ex
698 2541 801 2600 eodem
813 2541 979 2602 hordeacea
990 2542 1096 2610 farina:

101 2633 148 2682 aut
164 2633 245 2700 ruta,
264 2625 311 2683 vel
327 2633 433 2704 nepeta
445 2642 514 2684 eum
529 2624 591 2683 sale
605 2627 744 2698 contrita,
761 2625 847 2685 melle
864 2625 988 2703 adjecto.
1012 2623 1096 2699 Quod

101 2711 128 2765 in
145 2724 181 2765 eo
198 2725 315 2785 quoque
330 2709 469 2785 vulnere,
487 2708 563 2786 quod
583 2718 713 2768 cerastes
729 2709 813 2786 iecit,
832 2728 927 2789 aeque
943 2710 1031 2769 valet.
1108 2736 1111 2741 ·

164 2806 192 2865 9.
219 2806 272 2866 Ubi
288 2825 359 2866 vero
375 2807 559 2885 phalangium
569 2811 683 2884 nocuit,
701 2820 819 2887 praeter
832 2829 895 2870 eam
908 2812 1096 2886 curationem,

65 2915 90 2956 ao
104 2909 177 2968 quae
192 2908 275 2948 manu
292 2890 435 2965 redditur,
453 2910 545 2969 saepe
561 2892 647 2952 homo
664 2893 854 2954 demittendus
870 2898 898 2953 in
913 2895 1015 2952 solium
1035 2902 1095 2968 est,

101 2975 269 3051 dandusque
292 2977 318 3033 ei
340 2975 473 3048 myrrhae
489 2985 518 3034 et
540 2995 614 3036 uvae
630 2980 762 3038 taminiae
780 2997 831 3057 par
847 2976 946 3036 modus
965 2996 1002 3036 ex
1019 2977 1096 3052 passi

100 3059 228 3126 hemina;
252 3059 299 3118 vel
322 3058 468 3118 radiculae
491 3079 606 3137 semen,
629 3071 676 3121 aut
696 3063 768 3138 polii
790 3062 871 3121 radix
898 3079 935 3119 ex
956 3063 1038 3127 vino;
1068 3069 1097 3118 et

100 3162 189 3221 super
211 3143 313 3202 vulnus
335 3143 461 3203 iuriures
485 3162 523 3203 ex
543 3156 628 3205 aceto
649 3144 742 3218 cocti,
779 3145 1048 3222 imperandumque,
1066 3153 1096 3203 nt

100 3229 123 3285 is
140 3229 338 3305 conquiescat.

65 3333 90 3372 ar.
164 3313 211 3371 10.
236 3314 343 3372 Verum
359 3315 432 3373 haec
448 3331 559 3390 genera
577 3315 752 3392 serpentium
768 3323 797 3372 et
812 3314 983 3391 peregrina,
1000 3322 1029 3372 et
1046 3312 1094 3372 ali·

101 3404 207 3472 quanto
222 3402 315 3474 magis
332 3399 470 3475 pestilera
488 3406 567 3466 suut;
591 3399 771 3475 maximeque
787 3398 932 3458 aestuosis
955 3397 1030 3456 locis
1051 3398 1094 3474 gi·

99 3488 232 3552 gnnntur.
253 3480 335 3540 ltalia
351 3481 575 3560 inigidioresque
591 3484 729 3559 regiones
744 3481 799 3543 hac
815 3499 931 3561 quoque
950 3491 1032 3564 parte
1050 3500 1094 3542 sa·
