2414 3924
537 185 778 250 -154-

452 365 539 427 Lllll.
576 365 624 428 Ad
649 366 859 427 freneticos.

236 490 291 551 Est
318 498 417 552 autem
445 492 571 552 irenesis
598 492 765 556 immutatio
795 493 904 553 mentis
927 509 997 553 curn
1025 491 1109 552 febre
1132 495 1164 552 in

147 598 208 640 nno
231 597 435 660 perseverans.
472 588 503 641 et
525 579 654 641 eflicitur
676 581 802 640 marinae
823 598 860 641 ex
883 581 973 640 nimia
996 580 1164 662 adustione,

148 668 226 748 quod
255 687 292 728 ex
319 686 482 730 encauseos
515 668 631 750 dicunt,
665 676 716 729 aut
748 687 785 728 ex
812 668 980 729 vinolentia.
1027 670 1164 747 sequntur

119 765 247 818 sautem
266 765 403 835 aegrotos
426 756 519 817 febris
538 764 632 837 acuta,
655 755 749 817 rubor
767 756 880 837 vultus,
904 756 996 818 multa
1015 756 1164 818 mobilitas

147 845 302 907 oculorum
322 863 390 906 cum
409 847 554 925 tensione,
572 844 740 906 lucubratio
759 847 820 906 sive
837 847 1039 927 insomnietas,
1056 845 1163 925 pulsus

146 936 289 1014 parvitas,
316 951 406 1012 quam
434 934 642 1014 microslyxian
669 934 787 1014 dicunt,
819 936 929 995 mentis
962 934 1099 995 alienatio
1132 943 1163 995 et

147 1023 348 1102 crocydismos
367 1022 397 1083 id
417 1031 464 1083 est
480 1021 626 1084 llocorum
646 1022 765 1102 electio,
789 1024 815 1082 si
838 1023 960 1102 quidem
979 1022 1079 1102 digitis
1103 1023 1162 1084 ire·

147 1119 274 1190 quanter
306 1114 364 1191 ipsi
401 1113 556 1191 patientes·
585 1114 769 1191 operimenta
802 1119 960 1171 attractare
997 1111 1164 1173 videantur.

107 1212 133 1252 10
147 1199 303 1279 aliquando
332 1219 348 1261 e
375 1199 540 1281 parietibus
567 1199 692 1278 stipulas
719 1199 835 1280 legunt,
864 1199 944 1279 quod
967 1199 1073 1261 Graeci
1100 1218 1164 1261 car·

147 1287 275 1366 sologian
298 1288 454 1368 appellant.
492 1296 522 1350 et
540 1288 698 1368 aliquando
717 1306 785 1349 curn
804 1287 951 1350 hilaritate
976 1289 1165 1370 irenetizant,

148 1375 306 1455 aliquando
330 1395 400 1437 vero
424 1395 494 1439 cum
517 1379 646 1438 tristitia.

236 1467 266 1524 iu
295 1465 500 1527 curationibus
531 1484 602 1526 vero
634 1467 713 1526 inter
745 1465 881 1544 scapulas
913 1467 993 1526 circa
1025 1463 1161 1544 spondyli

148 1553 246 1613 locum
279 1554 434 1615 cucurbita
466 1572 534 1615 cum
565 1554 752 1614 scarilatione
785 1555 896 1635 uteris,
929 1561 960 1613 et
990 1563 1057 1632 post
1088 1553 1163 1614 haec

107 1654 134 1695 1⁶
147 1650 306 1721 praetenso
333 1645 469 1722 pressius
496 1645 591 1722 capite
620 1641 694 1704 lanis
718 1641 881 1721 oxyrodino
903 1642 1011 1703 inlusis
1036 1644 1163 1722 operies.

148 1738 179 1791 et
202 1732 227 1790 si
250 1739 353 1792 venter
377 1750 437 1791 nou
460 1731 577 1806 lecerit,
601 1731 728 1811 clystere
751 1729 944 1814 deducendus
968 1731 1034 1791 erit.

237 1819 324 1882 aliud.
361 1819 488 1881 hederae
508 1819 590 1882 albae
609 1819 678 1880 lolia
700 1821 732 1880 in
751 1837 826 1898 aqua
849 1818 972 1879 decocta
992 1837 1060 1879 cnm
1079 1827 1162 1879 aceto

148 1917 178 1968 et
201 1926 323 1970 rosaceo
346 1911 416 1970 trita
440 1915 471 1970 et
492 1926 546 1987 per
569 1907 724 1970 linteolum
746 1901 875 1986 eliquata
894 1915 924 1967 et
945 1909 1036 1987 capiti
1054 1909 1162 1986 supino

148 1997 297 2058 schemate
329 2000 455 2059 iacentis
487 1997 584 2058 inlusa
616 1997 805 2078 frequenter,
842 2013 979 2056 somnum
1011 1995 1163 2056 adducunt

106 2099 134 2139 ao
148 2085 309 2146 freneticis.

238 2173 324 2235 aliud.
365 2177 397 2234 in
420 2174 513 2235 calida
536 2183 566 2235 et
589 2173 654 2234 oleo
682 2191 803 2234 rosaceo
833 2179 982 2253 ptygmata
1009 2172 1109 2233 inlusa
1133 2179 1163 2232 et

149 2264 282 2339 apposita
314 2280 330 2322 a
363 2272 447 2341 tergo
480 2265 559 2323 inter
593 2260 727 2341 scapulas
761 2270 791 2322 et
823 2262 951 2341 pectori,
988 2259 1163 2338 frequenter

149 2348 318 2410 humectato
342 2350 476 2433 thorace,
500 2368 638 2411 somnum
661 2350 781 2412 iaciunt.

221 2484 297 2540 1De
315 2485 462 2555 freneaip
549 2483 747 2540 Ητεηοείεσ.
768 2482 955 2565 frenetieiap
1042 2488 1164 2551 dquam

148 2557 344 2613 encauseoad
364 2575 406 2626 cp.
478 2557 658 2626 violenbiap
732 2560 802 2611 beai
820 2553 983 2621 intentioo,
1002 2553 1163 2621 otensiop

146 2627 195 2693 (of.
215 2627 287 2682 Cael.
306 2575 397 2684 Aur?
396 2645 440 2685 oce
459 2630 493 2697 I,
512 2633 569 2698 36).
664 2626 862 2695 lucubratop.
883 2623 1069 2680 ibraebioe.
1144 2630 1160 2678 a

146 2713 322 2785 microafiae,
340 2701 437 2788 miglis
453 2733 480 2787 p.
553 2721 569 2770 8
584 2715 717 2770 flooorum
731 2713 845 2769 at1ect10
859 2729 882 2782 c
900 2712 1000 2767 florum
1016 2710 1161 2780 electiop

146 2786 359 2853 apalientiac
468 2789 640 2852 atrabacec,
664 2786 876 2854 adtractarap
984 2782 1161 2851 ridenturp.

148 2861 328 2913 loeemom
344 2860 554 2930 p..(aaddp0)
627 2855 969 2940 carfologiaeW-amp
1044 2861 1075 2908 11
1096 2868 1160 2908 cum

145 2941 196 2980 om
216 2943 256 2997 cp
344 2876 590 2997 pireneticaturc,
609 2926 819 2996 frenetidiatp.
924 2931 958 2978 12
977 2941 1049 2980 varo
1062 2940 1114 2979 om
1128 2939 1159 2994 p

148 3002 180 3052 13
194 2999 358 3068 spondiliie,
373 3001 614 3071 spondiliorump.
681 3005 715 3053 14
725 2996 926 3052 scarificatione
936 2996 1072 3065 (-flcona
1081 2999 1106 3065 e)
1117 3012 1157 3065 ep.

147 3072 378 3140 loprelunaoc:
397 3088 553 3142 proraaop.
627 3067 994 3135 exiridinoc,exirodi1'1p
1068 3067 1161 3149 operia

145 3143 534 3269 diiudicabit
569 3144 777 3280 libbi*
795 3142 927 3264 mail
945 3136 1119 3265 aedili?
1130 3153 1164 3277 l

145 3282 174 3336 in
193 3286 274 3339 aceto
292 3288 322 3341 et
340 3301 486 3340 eumne
560 3290 592 3340 aa
610 3283 771 3351 iaoenbiep.
843 3295 1044 3350 reomaump.
1113 3280 1163 3334 ad-

145 3369 225 3426 ducit
243 3377 305 3443 (-ο
317 3376 350 3444 p)
369 3391 411 3443 ep.
494 3379 528 3427 21
547 3373 670 3442 pbimata
683 3387 724 3440 p,
739 3386 847 3425 -eac
926 3374 963 3423 ab
980 3367 1101 3482 paedoris
1121 3383 1162 3435 cp.

146 3445 179 3494 23
199 3446 229 3496 et
247 3448 396 3515 (somnum)
416 3461 438 3500 e.
511 3443 581 3498 facil
599 3443 654 3510 (iao
671 3447 702 3512 p)
720 3457 761 3510 ep.
