2414 3924
455 217 675 280 ..11-

52 361 263 424 commiscebis
287 379 323 422 ex
346 361 462 440 aequali
484 361 571 422 modo
590 369 621 421 et
639 360 738 422 addito
756 361 844 423 melle
862 371 893 424 et
911 373 995 426 aceto
1017 365 1072 426 lin·

53 452 128 513 teolo
152 451 313 512 inductum
336 467 476 528 appones.
516 457 546 510 et
569 468 638 510 cum
660 450 770 510 videris
792 449 857 510 loca
879 451 956 513 bene
978 454 1072 515 luisse

51 540 210 620 desiccata,
228 540 377 600 cerotario
389 540 485 598 uteris
500 537 580 617 quod
593 539 734 599 conficies
749 540 800 599 sic.
824 539 951 618 sulphur
964 544 1072 623 vivum,

51 628 137 689 bacas
165 630 261 709 lauri,
288 625 412 688 herbam
440 627 596 706 perdioien
623 626 654 686 id
678 633 724 686 est
746 629 947 709 parietariam,
973 633 1072 690 omnia

52 717 226 796 singillatim
253 724 334 776 teres
362 717 404 776 ita
429 724 464 777 ut
487 715 639 794 sulphuris
666 715 828 794 plurimum
854 717 962 777 mittas.
999 725 1097 779 tnnoa

53 824 150 866 ceram
180 823 252 866 oum
281 804 346 864 oleo
373 806 504 883 myrtino
531 804 692 865 sufficienti
718 803 849 864 resolves
878 812 1000 866 etcum
1027 808 1072 866 in-

53 894 237 973 higidarerit
259 892 346 953 rades
365 901 396 953 et
414 910 504 972 supra
528 892 621 954 dictas
645 895 760 970 species
783 892 960 954 admiscebis
976 901 1010 954 et
1027 896 1071 954 in-

55 982 175 1044 ductum
203 998 344 1061 appones.
386 983 475 1042 otiam
502 989 533 1042 et
570 983 602 1041 in
629 981 744 1041 lavacro
773 989 862 1059 caput
892 999 928 1042 ex
960 1000 1070 1061 sapone

57 1062 171 1132 hicabis
195 1073 229 1130 in
253 1088 312 1148 quo
335 1071 420 1149 prius
443 1071 535 1131 luerit
553 1068 679 1148 sulphur
697 1069 867 1130 admixtum.
900 1078 931 1131 et
948 1072 974 1130 si
993 1071 1070 1132 forte

58 1161 153 1219 canesi
177 1157 277 1238 capilli
306 1158 419 1218 luerint
441 1161 518 1238 nati,
544 1158 719 1235 frequenter
745 1157 870 1236 psilotro
899 1159 1070 1220 emendabis
1085 1172 1111 1211 1⁰

10 1286 12 1291 -
60 1255 148 1327 caput

379 1387 428 1448 lll.
464 1388 513 1448 Ad
535 1388 733 1467 pediculos.

141 1513 177 1573 ln
191 1511 370 1573 cachecticis
383 1511 559 1591 corporibus
574 1510 665 1573 idest
679 1511 754 1572 mala
768 1510 941 1573 habitudine
956 1513 1069 1575 allectis

64 1601 225 1680 pediculosa
241 1603 340 1680 passio
364 1607 525 1678 generatur
548 1618 636 1678 qnam
655 1599 760 1660 Graeci
778 1599 936 1679 pthiriasin
954 1611 1069 1663 vocant.

139 1691 304 1750 curationis
336 1696 436 1749 autem
468 1697 603 1768 tempere
635 1688 688 1750 tali
718 1689 933 1749 medicamento
965 1694 1109 1772 uteris,1⁶

65 1777 110 1838 hoc
123 1786 170 1840 est
190 1777 403 1856 staphisagriae
421 1785 521 1856 partes
540 1777 623 1857 duae,
641 1777 819 1838 sandaracae
838 1785 869 1837 et
883 1779 954 1838 nitri
967 1787 1068 1857 partes

66 1867 182 1946 singulas
206 1883 276 1927 cum
299 1875 383 1926 aceto
406 1874 437 1927 et
459 1865 524 1925 eleo
551 1865 709 1944 diligenter
731 1872 812 1925 teres
836 1873 867 1925 et
889 1875 979 1944 caput
1000 1885 1068 1945 per-

66 1972 179 2037 ungues,
211 1955 266 2015 sed
297 1961 416 2033 opertet
447 1961 533 2015 antea
565 1972 640 2033 aqua
672 1953 765 2013 calida
797 1952 874 2012 salsa
909 1952 1005 2013 lavare
1039 1961 1069 2014 et

65 2041 206 2124 detergere
232 2045 328 2103 etsie
353 2061 493 2121 unguere.
515 2035 518 2124 l

229 2201 293 2262 llll.
329 2202 377 2261 Ad
401 2201 613 2280 capillorum
636 2200 888 2260 defluxionem.
1078 2213 1158 2265 pua

136 2326 274 2387 Deduxio
307 2325 480 2405 capillorum
508 2327 653 2403 contingit
680 2343 716 2384 cx
748 2324 898 2385 debilitate
932 2327 1067 2404 corporis

28 2530 32 2601 ξ
120 2532 327 2587 loommisces
353 2548 398 2602 9ο,
421 2529 554 2584 miscebis
572 2547 603 2599 p.
678 2546 754 2584 ex..
771 2530 897 2600 .(modo)
922 2532 950 2583 et
971 2544 1021 2583 om.
1041 2547 1072 2598 p.

28 2602 171 2659 chime
190 2620 238 2674 pe:
257 2618 309 2656 om.
324 2620 354 2670 p.
428 2600 633 2655 3cerotorium
650 2619 668 2672 9
683 2600 843 2669 (-1·ίο,9ε).
926 2600 1074 2670 conficisp

60 2675 150 2740 (-ceis
164 2678 211 2744 1)),
233 2673 341 2727 -citur
360 2689 382 2726 c.
455 2673 591 2726 4baceas
609 2688 642 2741 pc
665 2671 760 2739 (bacas
774 2673 816 2740 p).
889 2671 1073 2739 4περᾶίκιον

58 2746 156 2801 adiubet
176 2745 307 2800 Soranos
330 2743 405 2812 (Gal.
428 2742 494 2808 XII,
518 2747 590 2810 494).
681 2742 711 2795 id
740 2744 783 2796 est
806 2741 941 2811 paritario
963 2742 1023 2809 (sic)
1042 2759 1072 2810 p:

58 2830 97 2869 on.
120 2835 166 2886 pe.
283 2815 377 2869 omnia
404 2830 454 2868 om.
478 2830 509 2881 p.
617 2812 827 2881 5singillatim
853 2830 883 2882 p:
909 2811 1073 2880 singulatim

57 2886 177 2956 (sigl'ati)
193 2903 242 2956 pc.
316 2884 487 2939 ladmisces
506 2901 565 2954 ppo.
647 2882 770 2937 Setiam
785 2885 814 2937 et
826 2899 872 2953 pez
892 2885 921 2937 et
934 2898 966 2951 p.
1056 2887 1072 2934 9

55 2956 164 3026 frigebis
179 2975 213 3026 p.
298 2962 330 3010 10
348 2954 490 3024 frequenti
503 2971 550 3022 po.
634 2961 665 3007 11
687 2955 773 3022 caput
789 2971 820 3023 p:
840 2969 890 3007 om.
909 2970 952 3020 pc.
1040 2956 1072 3005 13

55 3028 198 3084 moechicis
221 3046 254 3098 p:
283 3025 411 3081 eatetiois
430 3042 465 3094 p,
490 3023 650 3079 cectectieis
673 3041 695 3079 c.
788 3030 821 3077 14
849 3023 1020 3093 peduculosa
1047 3038 1072 3091 9.

54 3101 147 3187 py'iasin
166 3135 188 3188 9
207 3116 245 3184 (ri
262 3132 351 3184 supro
369 3117 418 3184 9⁰),
437 3114 549 3183 ptiriesi
565 3130 599 3181 p,
617 3112 724 3180 ptinasi
742 3129 764 3166 c.
857 3117 890 3164 15
910 3110 1017 3164 coratio
1036 3112 1074 3160 est

54 3189 215 3260 beoipents
240 3204 286 3255 cp.
307 3185 369 3240 Gal.
390 3185 454 3253 XII,
478 3191 530 3239 463
551 3210 585 3230 =
604 3183 681 3248 XIV,
706 3189 766 3236 323.
865 3186 897 3234 16
922 3179 1074 3232 sandaraca

53 3277 79 3330 pc
98 3264 182 3330 (-ce
203 3260 249 3327 p).
358 3256 504 3326 nitrump
533 3254 610 3323 (nitri
628 3256 686 3322 pc).
796 3257 828 3304 17
852 3250 920 3303 teris
943 3264 995 3319 ppo
1018 3247 1074 3316 (ced

54 3346 209 3402 perungnes
228 3346 257 3398 9,
276 3345 361 3397 -ges
377 3329 432 3395 pc).
508 3331 540 3379 18
561 3325 703 3394 seoportet
721 3327 784 3376 arete
803 3337 872 3376 corr.
891 3337 916 3390 9.
1000 3319 1074 3373 salsa

54 3406 131 3472 caput
148 3404 255 3457 lavare
275 3415 297 3454 o.
372 3404 404 3451 19
424 3414 548 3466 unguere
566 3414 596 3467 p:
616 3410 717 3464 -gcre
732 3410 778 3462 pc.
852 3397 886 3444 20
905 3390 949 3443 Ad
969 3390 1075 3444 fluxum

56 3475 218 3545 capillorum
234 3486 267 3538 p.
377 3473 411 3520 21
432 3467 626 3521 debilitatione
646 3482 667 3518 c.
