2414 3924
147 215 206 278 142
436 226 469 273 s.
486 225 516 273 c.
533 226 631 274 aanor
646 226 839 275 unumunurn

433 381 615 442 OAPUT
647 383 743 441 XVI
771 380 845 461 [lxq.

546 495 583 546 De
601 496 726 547 Lienosis.

204 633 243 694 At
259 635 358 712 lienis,
375 634 422 694 ubi
440 634 561 694 adactus
577 642 638 709 est,
661 635 839 711 intumescit,
860 635 1002 714 simulque
1018 654 1082 696 curn
1099 655 1138 699 eo

142 736 210 797 pars
227 719 357 786 sinistra;
378 735 473 797 eaque
486 718 555 777 dura
572 726 634 792 est,
659 727 689 776 ct
703 719 845 794 prementi
863 721 1008 787 renititur;
1032 730 1139 781 venter

143 804 267 862 intentus
289 811 350 870 cst;
375 802 479 882 aliquis
495 803 579 862 etiam
596 801 624 859 in
640 801 770 860 cruribus
785 811 879 861 tumor
894 811 952 869 est;
974 803 1075 864 ulcera
1089 815 1163 866 ants

143 888 258 946 omnino
286 903 343 947 non
365 895 536 960 sanescunt,
565 894 612 945 aut
632 895 713 944 certe
736 885 899 945 cicatricem
922 888 971 945 vix
991 889 1138 966 rccipiunt

144 969 199 1051 (ci.
221 968 307 1049 llipp.
331 967 446 1030 latero.
468 967 568 1050 effect.
598 969 712 1049 §31);
746 970 774 1027 in
798 970 904 1030 intenta
931 969 1137 1048 ambulatione,

144 1071 287 1132 cursuque
303 1055 387 1114 dolor
403 1062 432 1113 et
448 1054 587 1131 quaedam
603 1052 757 1113 difficultas
774 1062 827 1114 est.
864 1053 927 1113 lloc
941 1055 1037 1114 vitium
1053 1056 1139 1135 quics

143 1147 245 1215 anget:
268 1140 364 1216 itaque
380 1139 589 1197 exercitatione
606 1145 635 1195 et
651 1137 752 1196 labore
768 1155 842 1215 opus
856 1147 916 1206 est;
934 1137 1029 1198 babita
1041 1147 1139 1199 tamen

143 1224 269 1298 ratione,
291 1239 327 1280 ne
348 1220 459 1280 febrem
480 1222 550 1296 ista,
575 1221 598 1278 si
617 1221 731 1280 nimium
755 1222 970 1299 processerint,
997 1223 1135 1283 excitent.
1149 1246 1172 1287 ro

143 1304 317 1381 Unctiones,
334 1306 558 1383 frictionesque,
574 1313 604 1363 et
619 1304 742 1364 sudores
758 1307 917 1365 necessarii
932 1315 1005 1364 sunt.
1032 1305 1139 1366 Dulcia

144 1389 236 1450 omnia
251 1389 363 1448 inimica
379 1398 457 1457 sunt;
480 1390 547 1448 item
561 1388 608 1447 lac
623 1397 652 1448 ct
669 1407 789 1448 caseus:
808 1389 889 1450 acida
904 1399 999 1450 autern
1014 1392 1139 1450 maxime

144 1474 325 1533 conveniunt.
369 1470 448 1550 Ergo
476 1481 587 1532 acetum
614 1489 682 1531 acre
703 1490 756 1550 per
778 1492 810 1533 sa
832 1473 970 1550 sorbere,
997 1483 1026 1533 et
1046 1475 1139 1551 magis

144 1558 244 1633 etiam,
266 1558 343 1635 qnod
359 1556 442 1616 scilla
458 1555 602 1615 conditum
618 1564 679 1632 est,
703 1557 830 1633 expedit.
865 1556 983 1617 Ildenda
999 1565 1065 1616 sunt
1079 1558 1137 1617 sal·

144 1650 286 1717 samenta,
304 1640 352 1699 vel
372 1639 456 1699 oleae
471 1658 508 1699 ex
524 1641 614 1699 muria
628 1640 711 1709 dura;
729 1642 835 1700 tinctae
852 1642 879 1699 in
894 1650 980 1700 aceto
1003 1641 1134 1700 lactucae
1151 1661 1171 1700 ra

143 1724 312 1803 intubique,
330 1744 369 1784 ex
381 1724 485 1784 eodem
496 1725 596 1800 betae,
611 1743 649 1783 ex
660 1726 753 1802 sinapi
771 1742 947 1803 asparagus,
964 1727 1137 1802 armoracia,

144 1810 309 1886 pastinaca,
334 1807 475 1884 ungulae,
495 1816 606 1884 rostra,
630 1826 699 1868 aves
717 1826 848 1883 macrae,
872 1807 1001 1884 ejusdem
1018 1810 1139 1885 generis

144 1894 269 1952 venatio.
307 1892 390 1952 Potui
413 1909 484 1951 vero
497 1894 597 1968 jejuno
613 1892 673 1951 dari
689 1892 776 1952 debet
790 1892 961 1952 absinthium
975 1894 1138 1954 incoctum:

144 1986 172 2035 at
195 1987 261 2054 post
284 1976 376 2035 cibum
393 1993 465 2053 aqua
482 1994 497 2035 a
514 1976 636 2035 ferrario
652 1975 752 2050 labro,
774 1978 801 2034 in
817 1994 872 2054 qua
888 1976 1013 2035 candens
1029 1977 1139 2036 ferrum

144 2060 264 2120 subinde
280 2061 395 2118 tinctum
412 2061 462 2118 sit:
483 2057 556 2119 baec
573 2061 647 2118 eninr
658 2060 706 2120 vel
718 2062 875 2138 praecipue
887 2059 992 2118 lienem
1006 2071 1172 2125 coercetro

145 2143 229 2216 Quod
254 2143 481 2202 animadversum
503 2145 596 2202 estin
619 2145 654 2201 iis
676 2144 859 2216 animalibus,
889 2162 962 2220 quae
986 2145 1061 2222 apud
1084 2145 1140 2205 hos

144 2227 243 2286 fabros
267 2228 387 2286 educata
411 2228 534 2302 exiguos
560 2226 652 2285 lienes
677 2227 792 2287 babent.
838 2227 938 2287 Potest
964 2231 1049 2287 etiarn
1077 2229 1141 2289 dari

144 2312 237 2369 vinum
261 2320 360 2386 tenue,
390 2320 548 2377 austerum;
581 2312 731 2388 omniaque
757 2313 785 2370 in
811 2311 883 2370 cibis
908 2321 936 2370 et
959 2312 1139 2390 potionibus,

144 2412 219 2471 quae
237 2394 336 2452 urinae
358 2394 518 2452 movendae
539 2403 612 2452 sunt.
648 2395 866 2473 Praecipueque
885 2395 920 2454 ad
941 2396 969 2454 id
989 2395 1068 2454 valet
1091 2397 1140 2456 vel

144 2476 243 2536 trifolii
259 2495 374 2553 semen,
395 2477 443 2535 vel
463 2478 617 2554 cuminum,
640 2479 687 2537 vel
703 2480 813 2557 apium,
830 2479 877 2538 vel
894 2480 1072 2557 serpyllum,
1089 2480 1174 2540 velat

145 2561 268 2635 cytisus,
291 2561 339 2620 vel
359 2561 525 2638 portulaca,
544 2561 592 2620 vel
608 2572 731 2641 nepeta,
749 2562 796 2621 vel
811 2562 952 2638 thymum,
971 2564 1019 2623 vel
1035 2564 1139 2638 bysso·

147 2663 226 2721 pum,
248 2645 295 2704 vel
318 2645 457 2704 satureia:
481 2644 554 2705 hacc
577 2647 651 2705 enim
671 2646 736 2705 inde
758 2648 988 2707 commodissime
1008 2648 1142 2707 videntur

144 2727 290 2787 humorem
308 2728 444 2788 educere.
467 2728 562 2788 Lienis
579 2747 695 2810 quoque
710 2728 833 2789 bubulus
846 2731 953 2790 utiliter
965 2733 1026 2791 esui
1040 2731 1140 2791 datur:

146 2813 362 2892 praecipucque
384 2831 470 2873 eruca
495 2823 523 2873 et
542 2815 708 2874 nasturtium
724 2814 828 2873 lienem
843 2824 1008 2874 extenuant.
1043 2812 1139 2893 Impo-

144 2896 237 2956 nenda
254 2914 369 2975 quoque
384 2899 564 2957 extrinsecus
576 2908 650 2973 sunt,
669 2915 742 2976 quae
756 2897 863 2957 levent.
884 2896 929 2957 Fit
941 2916 978 2957 ex
991 2909 1139 2974 unguento
1150 2921 1176 2960 ao

145 2989 174 3040 ct
196 2981 343 3058 palmulis;
378 2980 407 3039 lit
433 3000 471 3040 ex
492 2981 542 3040 lini
565 2991 594 3040 ct
614 2983 743 3041 nasturtii
765 2985 889 3057 semine,
917 2999 974 3059 quo
995 2984 1089 3039 vinum
1112 2992 1141 3042 et

145 3065 241 3124 oleum
265 3065 410 3141 adjicitur:
432 3065 462 3123 lit
484 3083 521 3124 ex
544 3083 683 3143 cupresso
700 3065 782 3123 viridi
815 3076 845 3125 et
869 3065 946 3124 arida
962 3066 1032 3124 licu:
1057 3065 1087 3135 ¹lit
1103 3085 1140 3124 ex

146 3150 252 3228 sinapi,
280 3149 325 3208 cui
349 3151 410 3208 sevi
429 3149 528 3208 bircini
546 3167 562 3208 a
580 3148 696 3207 renibus
715 3158 815 3227 quarta
831 3167 898 3228 pars
913 3150 1051 3226 ponderis
1068 3149 1139 3224 adji·

146 3234 234 3308 citur,
259 3233 417 3310 teriturque
442 3235 469 3290 in
485 3233 567 3307 sole,
594 3242 622 3290 et
638 3234 766 3309 protinus
783 3234 946 3311 imponitur.
982 3230 1138 3310 Multisque

146 3317 236 3375 modis
261 3318 327 3376 huic
348 3319 390 3374 rei
414 3318 532 3394 cappari
553 3326 648 3393 aptum
671 3324 731 3373 cst:
753 3333 815 3372 narn
836 3325 865 3374 et
881 3316 973 3393 ipsum
990 3334 1053 3373 curn
1069 3315 1175 3375 cibocs

147 3417 310 3475 assumere,
340 3408 369 3457 et
394 3403 510 3458 muriam
536 3401 599 3474 ejus
621 3417 683 3457 cunr
707 3407 790 3456 aceto
813 3398 933 3459 sorbere
958 3398 1137 3458 commodum

199 3522 200 3525 ,
225 3481 299 3552 Quin
314 3483 400 3540 etiam
417 3482 595 3541 extrinsecus
610 3482 736 3541 radicem
753 3483 919 3560 contritam,
934 3481 983 3542 vel
995 3481 1136 3542 corticem
