2414 3924
136 236 173 282 rr
308 221 314 232 '
494 223 497 228 ’
554 231 761 280 rnxnnanro.

136 388 234 450 multis
245 387 306 467 jam
321 387 429 448 abhinc
443 388 529 446 annis
547 387 635 447 edere
653 402 807 464 aggressus
824 392 876 446 est.
915 384 967 446 Cui
982 384 1062 453 viro,
1080 401 1171 462 quum

137 471 217 532 brevi
239 477 339 547 postea
359 470 435 530 diem
458 487 628 547 supremum
652 468 771 538 obierit,
794 487 853 528 non
874 486 996 546 possum
1017 468 1087 545 quin
1112 469 1170 537 hic,

137 556 289 615 occasione
311 554 390 623 data,
414 570 468 631 pro
491 553 608 631 egregia
629 558 659 612 in
680 571 728 612 me
749 551 944 612 benivolentia
966 550 1083 630 publice
1103 567 1170 627 gra·

136 645 198 698 tum
225 639 354 698 animum
382 635 527 697 obtester:
559 654 615 697 nec
641 637 771 696 minores
798 637 908 711 gratiae
937 635 1008 695 mihi
1040 635 1171 712 agendae

135 728 204 781 sunt
224 720 311 799 hujus
327 721 381 779 riri
403 720 533 796 generis,
556 721 605 797 qni
623 719 698 799 jam,
720 737 823 779 socero
845 721 901 778 vita
923 718 1076 787 defuncto,
1097 735 1171 794 opus

136 804 215 881 quod
236 803 284 864 ille
304 803 456 862 inchoarat
475 820 590 862 summo
610 801 705 863 studio
725 801 876 863 absolvere
897 808 1033 879 pergunt.

220 887 330 946 Vereor
346 892 496 946 tamenne
512 886 592 946 hisce
614 886 765 946 conatibus
784 885 998 954 admirationis,
1019 902 1075 963 qua
1095 885 1169 964 jam-

137 971 186 1031 diu
208 969 324 1031 Celsum
345 969 436 1037 colui,
458 969 599 1048 majorem
620 970 762 1030 rationem
783 968 937 1030 habuerim
957 986 1045 1046 quam
1066 970 1171 1029 virium

136 1072 268 1116 mearum
291 1054 462 1130 exiguitatis.
500 1054 566 1113 lam
585 1053 668 1122 olim,
691 1071 781 1131 quum
798 1053 834 1114 de
849 1052 1090 1130 interpretatione
1107 1052 1170 1112 Cel-

137 1139 217 1198 siana
232 1155 248 1197 a
264 1141 432 1197 doctissimo
446 1137 502 1197 Des
514 1123 623 1214 Etangs
639 1138 714 1198 edita
725 1137 813 1197 verba
827 1137 965 1212 lacerem,
978 1135 1046 1214 jure
1060 1137 1171 1213 optimo

136 1221 257 1281 summis
278 1219 413 1280 laudibus
435 1220 524 1280 extuli
544 1222 661 1298 egregia
683 1223 713 1280 in
731 1220 847 1281 Celsum
868 1220 971 1280 merita
990 1220 1044 1278 viri
1071 1218 1169 1280 claris·

137 1304 202 1363 simi
213 1303 341 1379 Targae,
357 1305 420 1380 qui,
437 1305 568 1381 quamvis
583 1305 698 1382 saepius
711 1303 883 1364 morborum
899 1303 995 1363 taedio
1009 1302 1054 1363 vel
1069 1320 1170 1363 rerum

136 1385 322 1463 publicarum
348 1387 460 1446 vicibus
492 1388 529 1447 ab
558 1389 674 1464 incepto
702 1387 870 1455 distractus,
900 1385 1088 1447 nihilominus
1116 1404 1171 1463 per

80 1543 84 1550 .
139 1474 231 1530 totum
242 1469 304 1530 lere
313 1471 387 1530 vitae
400 1469 589 1540 curriculum,
604 1471 684 1548 quod
700 1471 726 1531 ei
741 1472 811 1530 satis
826 1469 947 1548 longum
963 1469 1074 1546 obtigit,
1090 1486 1170 1530 snm-

137 1570 216 1612 mam
233 1570 353 1629 operam
372 1553 451 1613 dedit
469 1559 500 1613 ut
518 1572 534 1613 e
551 1554 625 1615 Celsi
641 1559 777 1615 contextu
796 1559 978 1631 expungeret
998 1553 1104 1613 menda
1126 1556 1169 1613 in-

136 1653 260 1696 numera
275 1636 380 1714 quibus
395 1644 606 1713 conspurcatae
620 1645 703 1698 erant
716 1654 818 1698 omnes
830 1636 970 1699 editiones
982 1637 1168 1714 antiquiores.

138 1717 220 1778 Tunc
253 1721 393 1795 temporis
426 1719 572 1781 affirmare
598 1738 686 1782 ausus
711 1739 791 1791 sum,
828 1721 915 1782 etiam
940 1727 1009 1798 post
1036 1719 1169 1781 laborem

138 1819 154 1861 a
176 1802 271 1879 'larga
291 1802 484 1872 exantlatum,
507 1806 596 1865 immo
619 1812 684 1882 post
703 1821 789 1865 curas
807 1809 976 1873 renovatas,
998 1821 1071 1881 quas
1092 1804 1169 1864 idem

137 1886 180 1944 vir
195 1887 225 1945 iu
246 1887 400 1948 novissima
421 1905 473 1947 sua
495 1888 649 1967 editione*)
670 1887 745 1949 Celsi
767 1906 843 1948 auno
864 1886 942 1949 1810
965 1889 1016 1947 lto
1038 1886 1170 1947 Veronae

136 1968 212 2028 edita
234 1969 342 2046 publici
359 1970 435 2050 iuris
456 1972 539 2041 lecit,
569 1971 659 2033 multa
681 1972 776 2032 adhuc
795 1970 978 2032 emendanda
998 1987 1168 2047 superesse;

136 2052 258 2129 posthac
278 2055 394 2131 saepius
409 2054 505 2115 denuo
522 2056 646 2117 eundem
662 2055 779 2116 Celsum
797 2054 966 2121 retractavi,
990 2059 1077 2131 atque
1091 2054 1121 2112 in
1136 2071 1169 2114 ea

136 2153 169 2194 re
197 2137 288 2212 magis
314 2154 430 2215 semper
460 2140 610 2217 magisque
637 2139 706 2199 mihi
736 2139 869 2216 persuasi
894 2156 941 2198 me
970 2155 1030 2197 non
1059 2136 1168 2197 lrustra

136 2217 205 2277 olim
227 2217 300 2279 haec
321 2219 490 2281 affirmasse.
534 2221 624 2282 Recte
650 2240 719 2282 sane
740 2223 855 2299 agnovit
875 2220 971 2297 'larga
993 2219 1169 2298 quibusnam

135 2300 164 2358 in
179 2301 269 2360 rebus
287 2303 530 2380 reprehendenda
545 2312 621 2366 esset
634 2307 721 2367 editio
738 2305 885 2372 Lindenii,
909 2304 958 2382 qui
974 2305 1061 2364 nimia
1076 2311 1167 2364 teme·

134 2383 234 2452 ritate,
257 2401 295 2443 ne
316 2386 410 2446 dicam
431 2387 620 2449 audacissima
640 2391 844 2466 protervitate,
868 2386 943 2448 Celsi
961 2386 1051 2448 verba
1069 2405 1167 2447 ernen-

135 2466 205 2526 dare
222 2475 342 2528 conatus
362 2475 419 2538 est;
444 2480 524 2532 reete
545 2476 694 2550 perspexit
710 2473 787 2534 idem
807 2473 906 2550 quanti
926 2470 1096 2532 aestimandi
1110 2472 1169 2529 sint

134 2548 192 2610 duo
214 2552 403 2629 antiquissimi
425 2554 542 2615 codices
563 2556 641 2616 hunc
668 2558 842 2634 scriptorem
863 2554 1048 2622 exhibentes,
1082 2555 1167 2613 nimi·

133 2649 199 2692 rum
231 2634 306 2694 bled.
332 2637 344 2695 l
377 2645 405 2696 et
437 2638 497 2697 Vat.
521 2638 598 2707 Vlll;
644 2639 831 2700 nihilominus
863 2646 960 2698 tamen
992 2636 1167 2697 Lindenium

133 2718 240 2791 passim
266 2721 347 2796 sequi
374 2721 488 2789 maluit,
517 2722 567 2782 ubi
593 2740 641 2783 me
662 2722 761 2801 judice
788 2724 868 2784 hisce
900 2721 1026 2798 egregiis
1058 2720 1166 2780 instru-

133 2802 236 2859 mentis
254 2801 341 2862 lidem
359 2802 468 2864 babere
485 2804 619 2866 debebat.
663 2806 748 2876 Quod
767 2824 836 2868 vero
854 2822 971 2883 semper
993 2805 1023 2863 in
1046 2803 1166 2865 edendis

132 2883 235 2958 priscis
260 2883 342 2944 libris
372 2905 516 2946 summum
542 2889 630 2950 habui
652 2897 857 2967 praeceptum,
887 2889 916 2949 id
943 2906 1021 2948 nuno
1048 2904 1165 2964 quoque

198 3080 222 3146 ²⁸)
239 3085 339 3135 Exstat
356 3101 423 3135 sone
443 3086 527 3137 editio
545 3090 630 3138 tertio
648 3094 761 3139 curante
773 3091 867 3154 Targa
885 3102 956 3152 quae
972 3085 1085 3136 Paduae
1100 3082 1165 3135 1815

133 3147 176 3196 12ο
192 3151 307 3215 prodiit;
336 3153 370 3202 de
387 3151 441 3202 hoc
461 3155 581 3204 editione
600 3160 704 3216 tomen,
725 3170 796 3220 quse
811 3168 923 3220 perraro
937 3153 1046 3202 obviam
1058 3150 1101 3214 111,
1121 3156 1163 3200 ta-

131 3220 196 3265 cent
218 3217 418 3285 bibliogrsphi,
451 3234 502 3270 nec
526 3221 601 3271 alind
623 3222 688 3286 quid
711 3224 835 3273 eontinet
855 3221 911 3270 nisi
935 3219 1083 3284 repetitum
1108 3218 1164 3267 edi-

131 3282 216 3331 tionis
227 3284 393 3336 Veronensis
407 3291 575 3351 contextnm‚
596 3288 706 3337 etiamsi
720 3287 909 3353 typographus
925 3289 955 3336 in
967 3285 1070 3335 monito
1082 3300 1163 3349 proe-

130 3347 213 3396 misso
231 3348 349 3402 lectores
368 3353 500 3404 certiores
518 3354 608 3404 faeiat
625 3369 655 3404 se
677 3354 708 3402 in
728 3368 806 3403 usum
829 3358 906 3403 snum
926 3353 1098 3403 convertisse
1116 3368 1163 3401 no·

130 3413 257 3466 vissimas
277 3418 483 3469 emendationes
501 3434 569 3484 quos
588 3419 737 3484 exemplari
754 3419 883 3470 editionis
901 3421 967 3471 enni
987 3416 1162 3482 181011131-

130 3484 209 3528 eerat
225 3482 318 3550 Terga
336 3487 383 3549 qui
399 3487 587 3551 nonagenario
605 3485 694 3550 major
710 3489 831 3537 mortuns
850 3492 900 3540 est.
