2414 3924
502 173 743 266 4182-

114 346 237 409 utriculi
256 345 479 408 similitudinem
498 345 637 407 ostendit.
670 346 749 408 unde
764 364 874 408 nomen
891 349 1013 427 proprie
1032 350 1130 427 passio

115 438 238 517 ascitas,
261 442 296 496 ut
312 435 387 515 dixi,
409 436 532 514 accepit.
569 434 937 515 tympanitenhydropcm
956 434 1029 497 hacc
1049 439 1133 516 signa

115 532 268 586 secuntur.
308 523 489 585 insurrectio
516 525 629 584 ventris
657 530 687 584 et
715 523 858 585 distensio
887 524 1133 604 praecordiorum

117 620 147 674 et
164 630 307 673 venarum
326 610 500 673 subtractio.
537 618 567 672 et
589 614 654 691 ipsc
678 629 694 672 a
717 630 808 692 supra
831 611 919 674 dictis
942 615 1041 674 minus
1060 615 1130 674 sitit.

87 700 272 780 taquarando
293 703 382 762 etiam
400 702 554 781 peierante
572 702 711 781 passione
734 703 812 762 tussi
830 702 1025 780 exagitantur.
1063 718 1131 762 nam

115 788 295 869 generaliter
312 788 553 869 Hippocrates
577 786 716 850 omnibus
738 788 922 871 hydropicis,
944 789 1012 868 plus
1031 797 1131 850 autem

114 877 294 959 apulmone
321 877 518 960 patientibus,
545 880 576 938 in
605 878 752 939 alorismis
780 879 823 939 sic
852 879 905 939 ait:
935 877 1132 958 hydropicum

115 968 142 1028 si
163 969 255 1028 tussis
277 965 449 1043 obtinuerit,
472 966 528 1026 hoc
549 972 595 1027 est
612 967 812 1047 exagitaverit,
836 967 900 1027 sine
920 984 972 1047 spe
993 967 1132 1028 allicitur.

115 1057 227 1116 etenim
266 1057 375 1137 tussis,
416 1055 580 1116 secundum
626 1056 842 1135 expositionem
882 1055 1000 1134 Magni
1042 1057 1133 1116 iatro-

75 1158 101 1198 ιο
115 1144 248 1224 solistae,
274 1146 300 1205 si
321 1143 518 1224 hydropicum
537 1151 570 1205 ut
589 1142 760 1223 supradixi
779 1145 980 1222 exagitaverit,
1001 1162 1132 1223 aquosus

115 1234 212 1292 omnis
243 1231 352 1292 humor
384 1231 568 1313 dissolvitur,
605 1240 638 1293 ut
673 1249 729 1312 per
761 1249 849 1293 omne
883 1249 993 1313 corpus
1025 1233 1131 1294 effusio

115 1321 270 1381 efficiatur.

204 1408 242 1468 ob
266 1407 448 1488 diligentiam
470 1427 541 1470 vero
564 1410 727 1471 curationis
751 1408 980 1490 chamaedryos,
1003 1427 1131 1488 asarum,

115 1495 257 1558 elelislaci
276 1515 378 1558 semen
400 1497 497 1559 idest
519 1497 629 1559 herbae
648 1497 769 1578 salviae,
792 1497 880 1559 dauci
901 1499 1006 1559 cretici
1028 1515 1132 1558 semen

74 1599 101 1641 1⁵
114 1585 146 1646 id
173 1593 220 1646 est
246 1588 413 1665 pastinacae
441 1586 606 1665 hortensis,
633 1585 809 1667 petroselini
832 1586 1029 1667 macedonici,
1057 1586 1131 1646 leni

115 1672 176 1734 culi
203 1674 346 1756 radicem,
378 1676 519 1754 graminis
546 1674 691 1756 radicem,
718 1674 792 1736 haec
821 1681 851 1736 et
879 1674 1069 1754 singulariter
1100 1681 1130 1734 et

114 1761 203 1826 simul
235 1765 267 1825 in
300 1781 360 1825 uno
388 1763 538 1842 decoquas
565 1765 597 1824 in
627 1781 703 1843 aqua
735 1771 765 1824 ct
797 1765 892 1844 ipsam
924 1763 1130 1824 decoctionem

114 1868 199 1913 mane
228 1859 259 1913 et
286 1851 323 1914 ad
346 1860 466 1914 noctem
492 1854 577 1932 potui
604 1851 697 1914 dabis.
735 1859 765 1913 et
789 1851 928 1914 excludet
949 1850 996 1912 vel
1018 1851 1131 1911 inaniet

185 2064 200 2111 1
219 2058 334 2112 utriculi
347 2065 395 2129 12⁰²
415 2057 564 2114 ventriculi
577 2073 611 2127 cp
622 2059 672 2126 (cf.
688 2057 716 2114 O.
732 2058 767 2115 A.
777 2074 809 2128 p.
824 2062 898 2126 471).
971 2055 1083 2127 proprie
1093 2073 1129 2124 p:

112 2127 258 2198 proprium
276 2146 298 2184 c.
372 2135 388 2184 2
407 2129 508 2185 ascites
517 2146 552 2198 p:
571 2129 678 2198 absque
696 2131 824 2184 tenentes
839 2145 862 2184 c.
935 2128 994 2182 dixi
1012 2143 1038 2182 c:
1058 2126 1129 2181 dixi-

113 2216 176 2252 mus
189 2215 220 2269 p.
312 2200 452 2270 Typanite
470 2199 569 2270 idropia
588 2216 614 2267 c,
640 2199 791 2270 timpanite
809 2197 976 2270 ydropicum
990 2215 1021 2267 p.
1113 2203 1128 2250 3

113 2276 245 2323 secuntur
264 2285 289 2324 c:
309 2274 462 2339 sequuntur
473 2288 505 2340 p.
578 2271 639 2325 tet
652 2277 756 2326 veneni
774 2270 935 2327 subtractos
948 2287 977 2339 c,
995 2284 1130 2323 venerum

113 2340 248 2395 surrectio
262 2357 293 2411 p.
366 2358 385 2396 a
402 2358 423 2396 s.
443 2359 470 2396 c:
489 2341 526 2409 ed
546 2341 699 2411 supredffis
712 2359 744 2411 p.
836 2347 852 2396 5
871 2342 942 2397 tussi
955 2358 991 2410 p:
1009 2341 1087 2394 tusse
1105 2355 1128 2392 c.

112 2411 188 2465 Nam
205 2413 355 2481 ypocrates
374 2430 400 2482 g.
415 2429 450 2481 p,
470 2413 513 2467 Nc
529 2431 558 2482 g.
575 2419 647 2482 ypoc
665 2431 688 2468 c.
779 2411 1130 2482 opl⁹ai1apulmoem

112 2483 189 2594 pl⁹ffajd
202 2517 364 2586 pulmonem
378 2536 408 2587 p.
490 2525 505 2573 ‘1
524 2517 692 2600 amforismis
711 2535 737 2587 c,
756 2519 878 2589 ephoris.
893 2536 916 2588 p
935 2514 1036 2586 (Hipp.
1057 2515 1130 2578 III,

112 2593 180 2646 762.
208 2589 244 2656 cf.
260 2591 314 2643 754
332 2589 431 2658 Ligus).
521 2589 688 2660 ydropicum
706 2606 733 2658 c,
757 2593 844 2659 -dp
862 2591 906 2656 (in
924 2604 1010 2656 marg.
1049 2593 1062 2620 ⁰
1080 2584 1129 2639 it

112 2659 238 2730 yd⁰pxs1).
328 2665 344 2714 8
364 2660 389 2714 si
406 2663 427 2715 t.
447 2660 661 2730 exagrauauerit
679 2655 699 2714 ll
718 2661 747 2714 et
766 2662 830 2729 (sie)
845 2663 849 2729 Ι
866 2658 997 2715 obtinus}
1015 2603 1127 2726 (duim)

112 2730 173 2786 sine
192 2747 242 2801 ape
260 2745 288 2795 c,
306 2730 329 2783 si
346 2732 367 2788 t.
387 2731 573 2802 exagitaverit
592 2735 634 2785 sni
653 2737 702 2800 spe
717 2748 749 2800 p.
853 2737 869 2785 9
888 2730 986 2800 magni
1003 2727 1127 2799 hyutrol

114 2837 330 2945 a„
344 2803 791 2960 (tttt·,rittlttuu
809 2815 1130 2946 evocaturum·

113 2958 211 3015 Omnis
229 2961 330 3016 humor
347 2977 469 3030 aquosus
488 2960 595 3015 disoerr
609 2979 639 3031 p.
719 2968 752 3016 13
771 2978 838 3017 vero
856 2977 908 3018 om.
927 2977 949 3015 c.
1037 2973 1127 3012 ceme-

111 3031 193 3089 dreos
212 3049 322 3087 asarum
337 3033 400 3100 (sic)
413 3048 446 3100 cp
466 3033 533 3101 (scil.
554 3033 639 3087 cham.
658 3049 755 3101 semen,
775 3034 854 3088 osori
871 3032 1014 3100 radicem).
1095 3033 1129 3080 14

112 3101 246 3173 elilisiagi
260 3121 295 3173 p,
314 3102 389 3157 olilis
406 3102 465 3157 laci
482 3119 505 3158 c.
596 3119 692 3159 semen
705 3122 741 3174 p,
759 3104 872 3160 seminis
891 3121 913 3158 c.
1003 3101 1023 3158 i.
1041 3099 1130 3153 herba

113 3174 202 3229 salvio
216 3191 238 3244 e,
257 3174 275 3231 i.
295 3173 382 3228 salvie
396 3190 426 3243 p.
501 3180 535 3228 lo
550 3174 644 3230 rudici
663 3191 686 3245 c,
703 3175 761 3230 rad'
777 3192 808 3244 p.
881 3179 987 3244 gramis
1005 3170 1083 3226 radic
1103 3186 1129 3224 c:

111 3260 209 3314 osup.
281 3239 639 3314 haeceizlip,v(ct)c.
713 3241 1130 3311 tliuinococtac,inuno

108 3315 231 3371 decocto
244 3334 274 3386 p.
360 3314 403 3370 i’a
421 3317 574 3373 decocto—ne
593 3333 618 3384 c,
639 3315 702 3386 ipsa
720 3317 837 3371 decocto
851 3334 883 3386 p.
975 3319 1007 3369 18
1027 3312 1090 3367 dari
1108 3329 1132 3378 c,

112 3386 157 3441 de.
176 3389 239 3455 (sic)
254 3404 285 3457 p.
359 3389 546 3456 etpotamo.
620 3386 742 3442 excludit
755 3403 796 3456 cp.
869 3386 990 3442 inaniet:
1012 3382 1034 3439 ia
1052 3386 1131 3438 emat

112 3473 139 3534 c,
158 3462 268 3527 iaietp
287 3461 335 3529 (ρο
351 3459 383 3513 in
401 3474 487 3528 marg.
506 3458 616 3528 ianiat).
