2414 3924
418 224 422 231 ’
444 212 576 276 n1n.1v‘.
599 229 675 279 cnr.
692 232 800 281 xxv11.
1055 227 1116 288 153

120 383 222 444 sorbet
236 382 355 462 aliquis,
377 383 425 442 vel
440 383 511 443 bibit
525 385 651 444 mixtum.
686 386 744 445 Sed
759 386 974 448 medicamentis
989 393 1044 468 nti,
1061 395 1117 452 nisi

119 468 149 526 in
165 464 383 529 vehementibus
397 467 491 543 malis,
510 486 720 546 supervacuum
736 479 789 530 est.

366 702 549 764 uncum
584 705 866 783 xxvnqqu.

481 821 518 869 De
534 820 625 869 vulvae
644 821 739 870 morbo.

93 999 107 1037 5
185 971 212 1029 i.
240 971 285 1030 Ex
303 970 388 1030 vulva
406 988 521 1048 quoque
538 971 652 1031 feminis
670 971 828 1032 vehemens
846 974 949 1033 malum
969 976 1113 1035 nascitur:

119 1055 310 1134 proximeque
338 1054 374 1114 ab
403 1053 553 1114 stomacho
580 1054 628 1114 rel
657 1056 780 1115 allicitur
804 1057 897 1133 baec,
935 1058 982 1118 vel
1007 1075 1114 1137 corpus

117 1138 218 1197 aflicit.
253 1137 398 1197 Interdum
418 1139 504 1197 etiam
526 1139 568 1196 sic
591 1140 747 1216 exanimat,
771 1149 800 1199 nt
820 1149 961 1218 tamquam
977 1141 1116 1201 comitiali

117 1221 222 1281 morbo
244 1230 418 1299 prosternat.
456 1220 549 1280 Distat
569 1231 663 1281 tamen
686 1223 733 1283 hio
749 1241 849 1302 casus,
872 1243 907 1284 eo
925 1227 1002 1304 quod
1019 1243 1114 1302 neque

119 1305 196 1365 oculi
215 1314 378 1383 vertuntur,
399 1324 454 1364 nec
470 1323 587 1384 spumae
605 1307 762 1383 proiluunt,
784 1327 839 1367 nec
853 1311 935 1368 nervi
950 1309 1113 1369 distendun-

82 1408 108 1448 to
119 1399 179 1449 tur:
203 1406 295 1467 sopor
314 1398 419 1448 tantum
438 1398 492 1448 est.
529 1386 621 1467 quue
639 1390 805 1468 quibusdam
820 1392 933 1452 feminis
949 1392 1052 1452 crebro
1067 1410 1112 1450 re

119 1481 236 1532 vertens
248 1483 420 1552 perpetuum
430 1474 470 1532 iit.
493 1472 549 1533 Ubi
561 1474 668 1551 incidit,
686 1475 710 1533 si
723 1477 792 1534 satis
804 1478 904 1535 virium
918 1487 978 1551 est,
995 1477 1112 1552 sanguis

119 1558 223 1616 missus
247 1557 379 1632 adjuvat:
408 1557 432 1615 si
458 1573 576 1634 parum,
603 1557 802 1618 cucurbitulae
823 1569 916 1618 tamen
943 1559 1113 1635 defigendae

119 1642 234 1700 suntin
256 1640 427 1716 inguinibus.
464 1641 493 1699 Si
516 1641 618 1700 diutius
641 1651 689 1700 aut
702 1643 800 1717 jacet,
827 1651 875 1700 aut
893 1643 999 1720 alioqui
1010 1644 1113 1717 jacere

119 1725 287 1798 consuevit,
312 1724 468 1784 admovere
492 1733 609 1802 oportet
630 1725 745 1784 naribus
763 1725 933 1781 exstinctum
947 1743 983 1782 ex
996 1723 1114 1783 lucerna

84 1808 318 1881 tulinamentum,
347 1807 395 1866 vel
424 1807 500 1868 aliud
524 1825 561 1866 ex
583 1809 636 1883 iis,
668 1826 741 1885 quae
763 1807 903 1866 foedioris
924 1826 990 1866 esse
1015 1806 1113 1865 odoris

117 1892 215 1967 retuli,
238 1890 315 1968 quod
329 1891 477 1950 mulierem
493 1892 610 1950 excitet.
643 1888 780 1968 Idemque
797 1908 888 1968 aquae
903 1908 1018 1968 quoque
1033 1890 1113 1966 frigi-

118 1976 171 2036 dae
187 1975 317 2053 periusio
334 1975 432 2034 eflicit.
455 1974 637 2051 Adjuvatque
652 1982 715 2032 ruta
733 1975 852 2033 contrita
868 1993 931 2033 cum
947 1973 1048 2048 melle,
1066 1972 1114 2031 vel

119 2079 156 2120 ex
173 2059 295 2136 cyprino
313 2066 454 2134 ceratum,
470 2059 518 2118 vel
534 2057 684 2137 quodlibet
702 2057 822 2117 calidum
837 2067 866 2116 et
881 2058 1022 2117 humidum
1038 2065 1113 2114 cata·

119 2144 228 2223 plasma
253 2141 426 2201 naturalibus
447 2142 524 2220 pube
541 2152 622 2201 tenus
639 2143 809 2220 impositum.
845 2140 923 2200 lnter
941 2141 1013 2199 lraee
1030 2140 1114 2198 etiam

82 2248 108 2287 20
120 2227 279 2306 perfricare
301 2244 391 2286 coxas
407 2235 436 2285 et
452 2226 580 2304 poplites
596 2235 722 2304 oportet.
759 2225 884 2302 Deinde,
908 2225 955 2284 ubi
972 2224 1054 2283 adse
1070 2241 1113 2281 re·

119 2313 183 2387 diit,
214 2310 472 2370 circumcidendum
498 2312 592 2369 vinum
619 2320 662 2369 est
686 2311 714 2368 in
739 2319 828 2370 totum
853 2328 974 2385 annum,
1004 2308 1114 2367 etiamsi

99 2413 204 2454 casus
226 2394 302 2452 idem
323 2411 380 2452 non
399 2395 568 2453 revertitur:
590 2395 724 2453 frictione
741 2394 866 2473 quotidie
879 2393 1012 2454 utendum
1028 2395 1115 2452 totius

120 2479 232 2556 quidem
250 2479 399 2556 corporis,
424 2480 581 2556 praecipue
597 2495 668 2537 vero
685 2481 792 2537 ventris
810 2488 838 2537 et
853 2479 1007 2556 poplitum:
1033 2476 1114 2536 cibus

119 2581 156 2621 ex
181 2561 273 2621 media
288 2564 406 2621 materia
422 2562 544 2622 dandus:
570 2563 661 2641 sinapi
680 2580 767 2640 super
784 2565 867 2622 imum
882 2570 1011 2620 ventrem
1028 2559 1114 2619 tertio

82 2664 233 2725 aequoque
248 2655 295 2705 aut
310 2655 411 2723 quarto
428 2646 473 2705 die
490 2645 710 2723 imponendum,
733 2646 826 2705 donec
843 2664 949 2724 eorpus
964 2643 1066 2702 rubeat
1079 2643 1113 2720 ¹).

120 2773 201 2788 ....
231 2731 261 2788 Si
283 2730 401 2789 durities
425 2739 535 2803 manet,
559 2730 672 2787 mollire
694 2730 843 2790 commode
858 2729 969 2787 videtur
984 2727 1114 2786 solanum

119 2817 146 2872 in
172 2813 218 2872 lac
239 2813 406 2890 demissum,
432 2813 535 2873 deinde
557 2813 721 2881 contritum;
744 2823 773 2871 et
791 2830 858 2871 cera
874 2811 939 2870 alba
956 2819 1041 2887 atque
1056 2826 1114 2866 me·

119 2896 198 2956 dulla
221 2900 337 2957 cervina
362 2917 424 2956 cum
445 2899 537 2971 irino,
561 2904 608 2954 aut
629 2914 728 2955 sevum
749 2898 888 2955 taurinum
904 2894 950 2951 vel
969 2894 1114 2968 caprinum

120 2999 182 3040 curn
203 2999 270 3042 rosa
293 2985 419 3040 mixtum.
454 2979 582 3039 Dandum
606 2980 690 3036 etiam
712 2981 790 3057 potui
811 2977 859 3037 vel
882 2986 1044 3035 castoreum
1060 2980 1115 3044 est,

84 3064 167 3123 novel
190 3065 266 3141 gith,
290 3067 338 3125 vel
364 3065 504 3124 anethum.
541 3063 571 3119 Si
593 3080 691 3138 parum
715 3081 785 3139 pura
807 3069 866 3136 est,
893 3065 1032 3136 purgetur
1051 3056 1114 3128 jun·

119 3166 155 3207 co
183 3149 333 3226 quadrato.
380 3150 410 3208 Si
437 3164 508 3205 vero
537 3145 622 3203 vulva
646 3145 813 3203 exulcerata
835 3151 897 3215 est,
930 3148 1056 3199 ceratum
1079 3154 1115 3194 ex

118 3250 201 3308 rosa,
224 3243 252 3292 et
275 3252 379 3293 reeens
402 3232 485 3292 suilla
508 3229 614 3306 adeps,
640 3236 669 3286 et
692 3246 729 3287 ex
751 3230 813 3287 ovis
834 3225 928 3283 album
950 3224 1115 3295 misceatur,

118 3355 332 3366 ..η-’,-

118 3497 135 3548 d
172 3430 198 3493 1)
217 3430 284 3480 Nihil
298 3430 425 3496 praecedit
440 3428 472 3477 de
484 3425 588 3486 duritie,
608 3440 657 3489 quo
669 3423 732 3476 haec
743 3421 894 3474 referantur.
924 3420 1019 3468 Forsan
1032 3416 1115 3480 aliqua

137 3506 224 3547 esunt:
