2414 3924
447 230 516 276 mn.
539 229 571 274 u.
589 228 664 278 cnr.
687 229 797 276 xxvn.
1048 215 1110 277 201

116 385 197 442 virus
219 384 283 457 ejus
300 382 508 442 extrahendum
532 393 586 442 est.
616 381 743 456 Deinde,
765 384 788 441 si
805 382 889 442 locus
900 399 995 459 neque
1010 400 1114 444 nervo-

119 486 184 542 sus,
200 484 297 545 neque
312 467 493 526 musculosus
510 476 570 542 εει,
592 466 696 525 vulnus
710 466 738 525 id
758 465 931 526 adurendum
948 475 1010 526 est:
1034 467 1058 524 si
1072 467 1116 526 uri

119 568 177 611 non
194 558 311 628 potest,
335 552 504 627 sanguinem
525 550 632 609 homini
652 551 723 608 mitti
739 568 796 609 non
818 549 941 608 alienum
957 558 1010 608 εει.
1044 549 1115 610 'l'um

121 644 185 694 usto
202 633 317 711 quidem
332 633 443 694 vulneri
459 633 721 712 superimponenda
738 650 812 710 quae
826 633 932 692 ceteris
948 634 1018 691 ustis
1034 642 1119 693 sunt:

96 738 109 776 n
121 722 147 778 ei
160 734 231 776 vero
246 716 321 795 quod
335 727 485 796 expertum
498 721 594 794 ignem
607 734 665 775 non
680 725 739 792 est,
757 736 791 777 ea
803 717 1025 793 medicamenta,
1041 735 1115 796 quae

119 803 308 861 vehementer
328 800 462 860 exedunt.
491 801 561 860 Post
577 818 650 879 quae
665 800 745 861 nullo
762 818 839 859 novo
862 801 1046 877 magisterio,
1062 802 1116 861 sed

115 888 176 961 jam
188 901 277 961 supra
292 885 388 960 posito
404 885 508 943 vulnus
523 888 576 943 erit
588 883 778 962 implendum,
795 894 825 943 et
836 883 872 944 ad
884 886 1034 943 sanitatem
1049 903 1114 961 per-

120 968 292 1029 ducendum.
326 968 445 1041 Quidam
468 978 535 1046 post
557 967 664 1026 rabiosi
686 969 765 1027 canis
786 985 911 1028 morsum
932 970 1062 1046 protinus
1086 970 1115 1028 in

120 1052 254 1112 balneum
270 1053 398 1126 mittunt,
414 1052 512 1129 ibique
529 1053 671 1129 patiuntur
689 1050 847 1128 desudare,
869 1050 933 1109 dum
952 1052 1028 1110 vires
1051 1068 1115 1110 cor-

87 1136 202 1215 coporis
219 1136 329 1208 sinunt,
348 1135 468 1194 vulnere
484 1135 642 1213 adaperto,
660 1151 716 1211 quo
731 1136 823 1211 magis
839 1153 876 1193 ex
892 1151 928 1192 co
945 1152 1059 1213 quoque
1074 1136 1115 1194 vi-

120 1239 170 1281 rus
186 1217 328 1277 destillet:
351 1217 455 1277 deinde
477 1218 565 1278 multo
580 1235 758 1294 meracoque
774 1219 840 1278 vino
858 1219 1021 1296 excipiunt,
1038 1218 1115 1298 quod

122 1302 253 1364 omnibus
269 1305 389 1360 venenis
406 1304 580 1362 contrarium
597 1310 651 1360 est.
677 1301 767 1379 ldque
780 1320 863 1379 quum
876 1304 913 1361 ita
924 1320 978 1380 per
993 1302 1115 1364 triduum

121 1388 227 1447 factum
244 1394 305 1461 est,
322 1395 397 1444 tutus
413 1405 480 1444 esse
496 1387 582 1444 homo
599 1403 615 1444 a
629 1384 761 1463 periculo
776 1385 897 1445 videtur.

183 1469 266 1528 Solet
287 1477 381 1528 autem
401 1488 438 1528 ex
458 1487 495 1529 eo
520 1469 656 1544 vulnere,
683 1468 730 1526 ubi
754 1486 851 1546 parum
877 1487 1030 1529 occursum
1052 1481 1114 1546 est,

86 1570 111 1610 ιε
122 1572 213 1632 aquae
229 1554 313 1611 timor
328 1555 423 1612 nasci:
445 1542 661 1631 ὑδροφόβους
676 1539 925 1631 (ὑδροφοβίανῗ
944 1554 994 1613 oei
1009 1555 1116 1632 potius

120 1637 291 1718 plossemo)
305 1636 408 1696 Graeci
419 1636 577 1716 appellant.
598 1635 786 1694 Miserrimum
798 1654 891 1712 genus
902 1638 1005 1713 morbi,
1016 1639 1044 1695 in
1057 1656 1114 1715 quo

122 1720 205 1783 simul
220 1737 312 1796 aeger
327 1729 356 1778 et
372 1722 417 1779 siti
436 1730 464 1779 et
481 1737 572 1797 aquae
588 1728 664 1777 metu
677 1720 834 1778 cruciatur:
852 1737 909 1798 quo
922 1722 1074 1798 oppressis
1086 1721 1115 1779 in

123 1813 246 1880 angusto
263 1821 331 1881 spes
348 1812 403 1862 εει.
424 1803 482 1862 Sed
498 1805 610 1861 unicum
625 1811 719 1860 tamen
733 1802 890 1862 remedium
907 1813 967 1879 εει,
983 1820 1036 1862 nec
1053 1805 1114 1881 opi·

122 1897 235 1946 nantem
258 1891 284 1945 iu
310 1888 448 1964 piscinam
466 1903 523 1945 non
544 1894 610 1945 ante
630 1889 656 1944 ei
679 1887 822 1962 provisam
838 1888 1000 1966 projicere,
1023 1895 1065 1962 ει,
1090 1887 1114 1945 si

86 1985 113 2025 ao
124 1969 238 2030 natandi
249 1972 396 2030 scientiam
408 1988 466 2029 non
478 1970 579 2045 habet,
597 1969 682 2027 modo
695 1987 818 2028 mersum
829 1970 930 2030 bibere
943 1972 1011 2049 pati,
1028 1970 1114 2029 modo

122 2054 272 2121 attollere;
298 2055 322 2112 si
338 2053 441 2129 babet,
464 2054 604 2113 interdum
621 2053 802 2131 deprimere,
825 2064 855 2113 ut
872 2056 975 2112 invitus
998 2071 1116 2132 quoque

123 2157 196 2217 aqua
212 2141 345 2197 satietur:
365 2138 408 2196 sic
426 2139 500 2196 enim
516 2136 598 2196 simul
615 2146 643 2196 et
658 2138 721 2195 sitis
735 2146 764 2195 et
779 2156 871 2215 aquae
888 2148 980 2197 metus
996 2137 1114 2196 tollitur.

123 2223 180 2282 Sed
197 2223 271 2280 aliud
289 2220 447 2298 periculum
461 2222 585 2299 excipit,
608 2239 643 2278 ne
659 2221 797 2279 infirmum
813 2224 961 2299 corpusin
978 2239 1050 2298 aqua
1065 2220 1114 2279 iri·

122 2307 190 2383 gida
210 2314 342 2364 vexatum
361 2323 513 2364 nervorum
530 2304 665 2363 distentio
687 2305 825 2364 absumat.
855 2304 887 2364 ld
903 2324 939 2363 ne
954 2306 1075 2380 incidat,
1097 2321 1114 2362 a

88 2407 113 2446 aa
128 2391 235 2469 piscina
248 2390 379 2466 protinus
391 2390 418 2446 in
430 2389 526 2447 oleum
540 2388 661 2447 calidum
673 2388 861 2447 demittendus
873 2399 926 2448 est.
949 2389 1115 2448 Antidotum

125 2482 228 2548 autem,
246 2473 403 2549 praecipue
421 2473 458 2547 id,
475 2471 552 2549 quod
568 2473 659 2550 primo
676 2472 743 2530 loco
759 2475 843 2550 posui
863 2472 935 2550 (23,
957 2474 1006 2552 1);
1025 2473 1072 2530 ubi
1087 2471 1116 2530 id

125 2565 263 2631 nonest,
293 2555 385 2630 aliud,
412 2557 435 2613 si
457 2555 579 2614 nondum
601 2573 693 2630 aeger
715 2573 816 2634 aquam
837 2556 953 2632 horret,
975 2559 1056 2637 potui
1077 2575 1115 2615 ex

125 2659 196 2717 aqua
213 2639 335 2698 dandum
352 2646 410 2705 est:
428 2641 492 2698 etsi
505 2638 691 2699 amaritudine
705 2640 839 2716 offendit,
857 2641 912 2699 mel
925 2640 1116 2715 adjiciendum

126 2733 186 2781 est:
209 2724 233 2779 si
247 2723 306 2796 jam
322 2723 345 2781 is
363 2723 479 2782 morbus
496 2723 667 2800 occupavit,
691 2741 744 2799 per
761 2725 904 2800 catapotia
920 2727 990 2783 sumi
1007 2733 1115 2803 potest.

90 2833 115 2872 30
189 2804 217 2864 3.
240 2806 422 2882 Serpentium
441 2824 556 2884 quoque
572 2823 683 2864 morsus
700 2824 756 2865 non
771 2808 884 2865 nimium
900 2808 1051 2867 distantem
1068 2826 1114 2866 cu-

125 2891 264 2949 rationem
282 2887 459 2950 desiderant:
479 2891 607 2968 quamvis
621 2891 648 2946 in
661 2907 695 2948 ea
710 2890 824 2948 multum
838 2891 944 2967 antiqui
957 2893 1116 2955 variarunt;

124 2975 195 3033 utin
213 2973 323 3049 singula
345 2992 453 3050 genera
477 2975 609 3050 anguium
627 2972 739 3048 singula
754 2973 887 3032 medendi
907 2991 1015 3048 genera
1032 2990 1114 3050 prae·

126 3059 272 3134 ciperent;
295 3057 401 3134 aliique
423 3058 488 3115 alia.
522 3056 582 3115 Sed
602 3058 630 3113 in
646 3055 775 3114 omnibus
793 3057 893 3115 eadem
911 3057 1032 3113 maxime
1049 3071 1114 3132 pro-

125 3144 232 3200 liciunt.
267 3140 358 3216 Igitur
378 3144 405 3199 in
425 3142 523 3218 primis
541 3157 629 3217 super
650 3138 752 3196 vulnus
769 3139 794 3197 id
812 3139 967 3197 membrum
987 3138 1115 3214 deligan-

90 3225 190 3286 asdum
207 3234 266 3292 est;
291 3241 348 3282 non
369 3233 463 3283 tamen
486 3225 597 3281 nimium
624 3221 824 3295 vehementer,
841 3241 876 3280 ne
895 3231 1024 3298 torpeat:
1048 3221 1114 3279 dein

126 3326 267 3367 venenum
283 3308 489 3366 extrahendum
509 3316 562 3366 est.
594 3305 626 3364 ld
642 3304 818 3364 cucurbitula
838 3307 944 3382 optime
965 3305 1048 3363 lacit:
1064 3323 1114 3362 ne-

127 3410 183 3468 que
208 3392 329 3450 alienum
353 3400 412 3466 est,
434 3399 500 3449 ante
521 3389 664 3467 scalpello
678 3391 755 3448 circa
770 3389 872 3447 vulnus
892 3389 1068 3463 incidere,·s

126 3475 191 3553 plus
212 3476 300 3533 vitiati
312 3476 372 3548 jam
387 3475 533 3550 sanguinis
549 3472 722 3532 extrahatur.
744 3474 774 3532 st
791 3472 968 3532 cucurbitula
983 3487 1043 3530 nou
