<?xml version="1.0" encoding="UTF-8"?>
<!DOCTYPE html PUBLIC "-//W3C//DTD XHTML 1.0 Transitional//EN"
    "http://www.w3.org/TR/xhtml1/DTD/xhtml1-transitional.dtd">
<html xmlns="http://www.w3.org/1999/xhtml" xml:lang="en" lang="en">
 <head>
  <title>
</title>
<meta http-equiv="Content-Type" content="text/html;charset=utf-8" />
  <meta name='ocr-system' content='tesseract 3.04.00' />
  <meta name='ocr-capabilities' content='ocr_page ocr_carea ocr_par ocr_line ocrx_word'/>
</head>
<body>
  <div class='ocr_page' id='page_1' title='image "./cassiifelicisde00rosegoog_0759.png"; bbox 0 0 2414 3924; ppageno 0'>
   <div class='ocr_carea' id='block_1_1' title="bbox 110 209 834 274">
    <p class='ocr_par' dir='ltr' id='par_1_1' title="bbox 110 209 834 274">
     <span class='ocr_line' id='line_1_1' title="bbox 110 209 834 274; baseline -0.008 0"><span class='ocrx_word' id='word_1_1' title='bbox 110 209 152 274; x_wconf 86' lang='grc'><strong>14</strong></span> <span class='ocrx_word' id='word_1_2' title='bbox 356 222 406 268; x_wconf 86' lang='lat' dir='ltr'><strong>nn</strong></span> <span class='ocrx_word' id='word_1_3' title='bbox 427 220 489 266; x_wconf 80' lang='lat' dir='ltr'><strong>uin</strong></span> <span class='ocrx_word' id='word_1_4' title='bbox 511 219 644 267; x_wconf 73' lang='lat' dir='ltr'><strong>narsei</strong></span> <span class='ocrx_word' id='word_1_5' title='bbox 667 218 744 268; x_wconf 79' lang='lat' dir='ltr'><strong>car.</strong></span> <span class='ocrx_word' id='word_1_6' title='bbox 759 220 834 268; x_wconf 82' lang='lat' dir='ltr'><strong>vni.</strong></span> 
     </span>
    </p>
   </div>
   <div class='ocr_carea' id='block_1_2' title="bbox 80 358 1202 2721">
    <p class='ocr_par' dir='ltr' id='par_1_2' title="bbox 80 358 1202 2721">
     <span class='ocr_line' id='line_1_2' title="bbox 110 358 1088 443; baseline -0.004 -17"><span class='ocrx_word' id='word_1_7' title='bbox 110 362 248 443; x_wconf 78' lang='lat' dir='ltr'><strong>signiter,</strong></span> <span class='ocrx_word' id='word_1_8' title='bbox 266 379 354 441; x_wconf 90' lang='lat' dir='ltr'><strong>quern</strong></span> <span class='ocrx_word' id='word_1_9' title='bbox 371 360 477 422; x_wconf 87' lang='lat' dir='ltr'><strong>Gracci</strong></span> <span class='ocrx_word' id='word_1_10' title='bbox 492 370 597 420; x_wconf 90' lang='lat' dir='ltr'><strong>vocant</strong></span> <span class='ocrx_word' id='word_1_11' title='bbox 612 358 770 428; x_wconf 87' lang='lat' dir='ltr'>zodiacon,</span> <span class='ocrx_word' id='word_1_12' title='bbox 786 361 816 418; x_wconf 90' lang='lat' dir='ltr'><strong>in</strong></span> <span class='ocrx_word' id='word_1_13' title='bbox 832 378 891 439; x_wconf 92' lang='lat' dir='ltr'><strong>quo</strong></span> <span class='ocrx_word' id='word_1_14' title='bbox 907 359 953 419; x_wconf 93' lang='lat' dir='ltr'><strong>sol</strong></span> <span class='ocrx_word' id='word_1_15' title='bbox 969 367 999 421; x_wconf 88' lang='lat' dir='ltr'><strong>et</strong></span> <span class='ocrx_word' id='word_1_16' title='bbox 1014 360 1088 423; x_wconf 93' lang='lat' dir='ltr'><strong>luna</strong></span> 
     </span>
     <span class='ocr_line' id='line_1_3' title="bbox 111 443 1089 526; baseline -0.004 -16"><span class='ocrx_word' id='word_1_17' title='bbox 111 456 288 524; x_wconf 81' lang='lat' dir='ltr'><strong>ceteraeque</strong></span> <span class='ocrx_word' id='word_1_18' title='bbox 310 444 411 506; x_wconf 87' lang='lat' dir='ltr'><strong>stellae</strong></span> <span class='ocrx_word' id='word_1_19' title='bbox 433 463 522 523; x_wconf 84' lang='lat' dir='ltr'><strong>vagae</strong></span> <span class='ocrx_word' id='word_1_20' title='bbox 546 444 691 505; x_wconf 80' lang='lat' dir='ltr'><strong>teruntur.</strong></span> <span class='ocrx_word' id='word_1_21' title='bbox 729 443 778 504; x_wconf 88' lang='lat' dir='ltr'><strong>bic</strong></span> <span class='ocrx_word' id='word_1_22' title='bbox 792 446 824 504; x_wconf 90' lang='lat' dir='ltr'><strong>in</strong></span> <span class='ocrx_word' id='word_1_23' title='bbox 840 443 998 506; x_wconf 85' lang='lat' dir='ltr'><strong>duodecim</strong></span> <span class='ocrx_word' id='word_1_24' title='bbox 1015 464 1089 526; x_wconf 93' lang='lat' dir='ltr'><strong>par·</strong></span> 
     </span>
     <span class='ocr_line' id='line_1_4' title="bbox 111 527 1088 608; baseline -0.005 -13"><span class='ocrx_word' id='word_1_25' title='bbox 111 542 156 595; x_wconf 91' lang='lat' dir='ltr'><strong>tes</strong></span> <span class='ocrx_word' id='word_1_26' title='bbox 176 532 297 593; x_wconf 88' lang='lat' dir='ltr'><strong>totidem</strong></span> <span class='ocrx_word' id='word_1_27' title='bbox 319 531 410 608; x_wconf 84' lang='lat' dir='ltr'><strong>signis</strong></span> <span class='ocrx_word' id='word_1_28' title='bbox 430 529 560 590; x_wconf 86' lang='lat' dir='ltr'><strong>redditas</strong></span> <span class='ocrx_word' id='word_1_29' title='bbox 583 527 778 606; x_wconf 77' lang='lat' dir='ltr'><strong>aequabiliter</strong></span> <span class='ocrx_word' id='word_1_30' title='bbox 799 528 907 590; x_wconf 89' lang='lat' dir='ltr'><strong>divisus</strong></span> <span class='ocrx_word' id='word_1_31' title='bbox 927 538 982 590; x_wconf 88' lang='lat' dir='ltr'><strong>est.</strong></span> <span class='ocrx_word' id='word_1_32' title='bbox 1017 549 1088 591; x_wconf 89' lang='lat' dir='ltr'><strong>eum</strong></span> 
     </span>
     <span class='ocr_line' id='line_1_5' title="bbox 112 614 1088 692; baseline -0.003 -14"><span class='ocrx_word' id='word_1_33' title='bbox 112 616 157 678; x_wconf 91' lang='lat' dir='ltr'><strong>sol</strong></span> <span class='ocrx_word' id='word_1_34' title='bbox 177 634 276 677; x_wconf 90' lang='lat' dir='ltr'><strong>annno</strong></span> <span class='ocrx_word' id='word_1_35' title='bbox 298 616 392 692; x_wconf 89' lang='lat' dir='ltr'><strong>spatio</strong></span> <span class='ocrx_word' id='word_1_36' title='bbox 409 615 543 674; x_wconf 87' lang='lat' dir='ltr'><strong>metitur:</strong></span> <span class='ocrx_word' id='word_1_37' title='bbox 567 614 606 672; x_wconf 91' lang='lat' dir='ltr'><strong>ita</strong></span> <span class='ocrx_word' id='word_1_38' title='bbox 629 614 659 672; x_wconf 94' lang='lat' dir='ltr'><strong>in</strong></span> <span class='ocrx_word' id='word_1_39' title='bbox 675 631 733 672; x_wconf 90' lang='lat' dir='ltr'><strong>uno</strong></span> <span class='ocrx_word' id='word_1_40' title='bbox 750 631 868 691; x_wconf 90' lang='lat' dir='ltr'><strong>quoque</strong></span> <span class='ocrx_word' id='word_1_41' title='bbox 888 614 973 691; x_wconf 85' lang='lat' dir='ltr'><strong>signo</strong></span> <span class='ocrx_word' id='word_1_42' title='bbox 989 615 1088 676; x_wconf 87' lang='lat' dir='ltr'><strong>fermo</strong></span> 
     </span>
     <span class='ocr_line' id='line_1_6' title="bbox 111 697 1122 776; baseline -0.005 -13"><span class='ocrx_word' id='word_1_43' title='bbox 111 718 204 763; x_wconf 91' lang='lat' dir='ltr'><strong>nnnm</strong></span> <span class='ocrx_word' id='word_1_44' title='bbox 220 717 353 760; x_wconf 87' lang='lat' dir='ltr'><strong>mensem</strong></span> <span class='ocrx_word' id='word_1_45' title='bbox 374 706 516 758; x_wconf 88' lang='lat' dir='ltr'><strong>moratur.</strong></span> <span class='ocrx_word' id='word_1_46' title='bbox 549 698 599 758; x_wconf 91' lang='lat' dir='ltr'><strong>sed</strong></span> <span class='ocrx_word' id='word_1_47' title='bbox 617 699 732 775; x_wconf 80' lang='lat' dir='ltr'><strong>signum</strong></span> <span class='ocrx_word' id='word_1_48' title='bbox 750 697 904 776; x_wconf 83' lang='lat' dir='ltr'><strong>quodlibet</strong></span> <span class='ocrx_word' id='word_1_49' title='bbox 919 716 988 759; x_wconf 89' lang='lat' dir='ltr'><strong>cum</strong></span> <span class='ocrx_word' id='word_1_50' title='bbox 1005 706 1122 760; x_wconf 79' lang='lat' dir='ltr'><strong>cete-5</strong></span> 
     </span>
     <span class='ocr_line' id='line_1_7' title="bbox 111 782 1087 861; baseline -0.001 -16"><span class='ocrx_word' id='word_1_51' title='bbox 111 787 154 846; x_wconf 90' lang='lat' dir='ltr'><strong>ris</strong></span> <span class='ocrx_word' id='word_1_52' title='bbox 176 783 300 861; x_wconf 81' lang='lat' dir='ltr'><strong>singulis</strong></span> <span class='ocrx_word' id='word_1_53' title='bbox 321 782 411 843; x_wconf 86' lang='lat' dir='ltr'><strong>babet</strong></span> <span class='ocrx_word' id='word_1_54' title='bbox 430 790 566 842; x_wconf 91' lang='lat' dir='ltr'><strong>mutuum</strong></span> <span class='ocrx_word' id='word_1_55' title='bbox 588 789 796 859; x_wconf 90' lang='lat' dir='ltr'><strong>conspectum,</strong></span> <span class='ocrx_word' id='word_1_56' title='bbox 818 790 995 842; x_wconf 86' lang='lat' dir='ltr'><strong>nontamen</strong></span> <span class='ocrx_word' id='word_1_57' title='bbox 1019 785 1087 844; x_wconf 91' lang='lat' dir='ltr'><strong>uni-</strong></span> 
     </span>
     <span class='ocr_line' id='line_1_8' title="bbox 112 865 1088 936; baseline 0 -7"><span class='ocrx_word' id='word_1_58' title='bbox 112 871 239 930; x_wconf 83' lang='lat' dir='ltr'><strong>formem</strong></span> <span class='ocrx_word' id='word_1_59' title='bbox 262 886 329 928; x_wconf 91' lang='lat' dir='ltr'><strong>cum</strong></span> <span class='ocrx_word' id='word_1_60' title='bbox 351 866 505 927; x_wconf 90' lang='lat' dir='ltr'><strong>omnibus:</strong></span> <span class='ocrx_word' id='word_1_61' title='bbox 539 885 606 926; x_wconf 91' lang='lat' dir='ltr'><strong>nam</strong></span> <span class='ocrx_word' id='word_1_62' title='bbox 629 865 787 927; x_wconf 88' lang='lat' dir='ltr'><strong>validiores</strong></span> <span class='ocrx_word' id='word_1_63' title='bbox 808 866 872 936; x_wconf 92' lang='lat' dir='ltr'><strong>alii,</strong></span> <span class='ocrx_word' id='word_1_64' title='bbox 901 867 1088 929; x_wconf 87' lang='lat' dir='ltr'><strong>infirmiores</strong></span> 
     </span>
     <span class='ocr_line' id='line_1_9' title="bbox 113 951 1088 1030; baseline -0.001 -16"><span class='ocrx_word' id='word_1_65' title='bbox 113 953 161 1014; x_wconf 89' lang='lat' dir='ltr'><strong>alii</strong></span> <span class='ocrx_word' id='word_1_66' title='bbox 176 952 333 1013; x_wconf 86' lang='lat' dir='ltr'><strong>habentur.</strong></span> <span class='ocrx_word' id='word_1_67' title='bbox 374 953 464 1030; x_wconf 85' lang='lat' dir='ltr'><strong>igitur</strong></span> <span class='ocrx_word' id='word_1_68' title='bbox 480 970 538 1030; x_wconf 94' lang='lat' dir='ltr'><strong>quo</strong></span> <span class='ocrx_word' id='word_1_69' title='bbox 554 959 689 1030; x_wconf 90' lang='lat' dir='ltr'><strong>tempore</strong></span> <span class='ocrx_word' id='word_1_70' title='bbox 704 958 808 1028; x_wconf 89' lang='lat' dir='ltr'><strong>partus</strong></span> <span class='ocrx_word' id='word_1_71' title='bbox 829 953 1016 1028; x_wconf 87' lang='lat' dir='ltr'><strong>concipitur,</strong></span> <span class='ocrx_word' id='word_1_72' title='bbox 1042 951 1088 1013; x_wconf 90' lang='lat' dir='ltr'><strong>sol</strong></span> 
     </span>
     <span class='ocr_line' id='line_1_10' title="bbox 112 1035 1086 1115; baseline 0 -17"><span class='ocrx_word' id='word_1_73' title='bbox 112 1040 143 1098; x_wconf 93' lang='lat' dir='ltr'><strong>in</strong></span> <span class='ocrx_word' id='word_1_74' title='bbox 163 1036 262 1115; x_wconf 91' lang='lat' dir='ltr'><strong>aliquo</strong></span> <span class='ocrx_word' id='word_1_75' title='bbox 283 1038 367 1114; x_wconf 74' lang='lat' dir='ltr'><strong>signo</strong></span> <span class='ocrx_word' id='word_1_76' title='bbox 389 1038 428 1096; x_wconf 90' lang='lat' dir='ltr'><strong>sit</strong></span> <span class='ocrx_word' id='word_1_77' title='bbox 443 1053 565 1096; x_wconf 86' lang='lat' dir='ltr'><strong>necesse</strong></span> <span class='ocrx_word' id='word_1_78' title='bbox 581 1043 624 1096; x_wconf 91' lang='lat' dir='ltr'><strong>est</strong></span> <span class='ocrx_word' id='word_1_79' title='bbox 644 1044 673 1096; x_wconf 86' lang='lat' dir='ltr'><strong>ct</strong></span> <span class='ocrx_word' id='word_1_80' title='bbox 687 1036 717 1094; x_wconf 94' lang='lat' dir='ltr'><strong>in</strong></span> <span class='ocrx_word' id='word_1_81' title='bbox 733 1035 829 1113; x_wconf 89' lang='lat' dir='ltr'><strong>aliqua</strong></span> <span class='ocrx_word' id='word_1_82' title='bbox 851 1039 914 1096; x_wconf 86' lang='lat' dir='ltr'><strong>eius</strong></span> <span class='ocrx_word' id='word_1_83' title='bbox 928 1036 1086 1114; x_wconf 89' lang='lat' dir='ltr'><strong>particula,</strong></span> 
     </span>
     <span class='ocr_line' id='line_1_11' title="bbox 80 1119 1138 1200; baseline 0 -20"><span class='ocrx_word' id='word_1_84' title='bbox 80 1131 202 1200; x_wconf 74' lang='lat' dir='ltr'><strong>liquem</strong></span> <span class='ocrx_word' id='word_1_85' title='bbox 225 1121 323 1181; x_wconf 91' lang='lat' dir='ltr'><strong>locum</strong></span> <span class='ocrx_word' id='word_1_86' title='bbox 346 1121 548 1199; x_wconf 85' lang='lat' dir='ltr'><strong>conceptionis</strong></span> <span class='ocrx_word' id='word_1_87' title='bbox 568 1121 690 1199; x_wconf 90' lang='lat' dir='ltr'><strong>proprie</strong></span> <span class='ocrx_word' id='word_1_88' title='bbox 711 1119 869 1199; x_wconf 89' lang='lat' dir='ltr'><strong>appellant.</strong></span> <span class='ocrx_word' id='word_1_89' title='bbox 899 1130 970 1182; x_wconf 90' lang='lat' dir='ltr'><strong>sunt</strong></span> <span class='ocrx_word' id='word_1_90' title='bbox 985 1128 1088 1183; x_wconf 89' lang='lat' dir='ltr'><strong>autem</strong></span> <span class='ocrx_word' id='word_1_91' title='bbox 1107 1131 1138 1180; x_wconf 84' lang='lat'><strong>10</strong></span> 
     </span>
     <span class='ocr_line' id='line_1_12' title="bbox 114 1204 1088 1284; baseline 0.001 -18"><span class='ocrx_word' id='word_1_92' title='bbox 114 1207 169 1266; x_wconf 90' lang='lat' dir='ltr'><strong>hae</strong></span> <span class='ocrx_word' id='word_1_93' title='bbox 184 1204 347 1283; x_wconf 89' lang='lat' dir='ltr'><strong>particulae</strong></span> <span class='ocrx_word' id='word_1_94' title='bbox 368 1208 398 1265; x_wconf 95' lang='lat' dir='ltr'><strong>in</strong></span> <span class='ocrx_word' id='word_1_95' title='bbox 414 1223 473 1266; x_wconf 92' lang='lat' dir='ltr'><strong>uno</strong></span> <span class='ocrx_word' id='word_1_96' title='bbox 489 1224 607 1284; x_wconf 91' lang='lat' dir='ltr'><strong>quoque</strong></span> <span class='ocrx_word' id='word_1_97' title='bbox 629 1207 714 1281; x_wconf 83' lang='lat' dir='ltr'><strong>signo</strong></span> <span class='ocrx_word' id='word_1_98' title='bbox 729 1207 876 1275; x_wconf 87' lang='lat' dir='ltr'><strong>tricenae,</strong></span> <span class='ocrx_word' id='word_1_99' title='bbox 900 1207 990 1266; x_wconf 90' lang='lat' dir='ltr'><strong>totius</strong></span> <span class='ocrx_word' id='word_1_100' title='bbox 1014 1224 1088 1268; x_wconf 87' lang='lat' dir='ltr'><strong>vero</strong></span> 
     </span>
     <span class='ocr_line' id='line_1_13' title="bbox 114 1289 1088 1367; baseline 0.002 -17"><span class='ocrx_word' id='word_1_101' title='bbox 114 1290 224 1350; x_wconf 91' lang='lat' dir='ltr'><strong>zodiaci</strong></span> <span class='ocrx_word' id='word_1_102' title='bbox 247 1307 371 1349; x_wconf 88' lang='lat' dir='ltr'><strong>numero</strong></span> <span class='ocrx_word' id='word_1_103' title='bbox 393 1302 514 1350; x_wconf 72' lang='lat' dir='ltr'><strong>ccccx.</strong></span> <span class='ocrx_word' id='word_1_104' title='bbox 552 1289 605 1349; x_wconf 87' lang='lat' dir='ltr'><strong>has</strong></span> <span class='ocrx_word' id='word_1_105' title='bbox 621 1292 728 1351; x_wconf 88' lang='lat' dir='ltr'><strong>Graeci</strong></span> <span class='ocrx_word' id='word_1_106' title='bbox 748 1308 868 1351; x_wconf 88' lang='lat' dir='ltr'><strong>moeras</strong></span> <span class='ocrx_word' id='word_1_107' title='bbox 889 1293 1088 1367; x_wconf 85' lang='lat' dir='ltr'><strong>cognomina·</strong></span> 
     </span>
     <span class='ocr_line' id='line_1_14' title="bbox 114 1373 1089 1453; baseline 0.001 -18"><span class='ocrx_word' id='word_1_108' title='bbox 114 1383 199 1442; x_wconf 86' lang='lat' dir='ltr'><strong>runt,</strong></span> <span class='ocrx_word' id='word_1_109' title='bbox 224 1392 258 1434; x_wconf 92' lang='lat' dir='ltr'><strong>eo</strong></span> <span class='ocrx_word' id='word_1_110' title='bbox 275 1373 411 1434; x_wconf 89' lang='lat' dir='ltr'><strong>videlicet</strong></span> <span class='ocrx_word' id='word_1_111' title='bbox 427 1373 504 1453; x_wconf 88' lang='lat' dir='ltr'><strong>quod</strong></span> <span class='ocrx_word' id='word_1_112' title='bbox 522 1374 592 1434; x_wconf 79' lang='lat' dir='ltr'><strong>cleas</strong></span> <span class='ocrx_word' id='word_1_113' title='bbox 608 1373 711 1435; x_wconf 84' lang='lat' dir='ltr'><strong>fatales</strong></span> <span class='ocrx_word' id='word_1_114' title='bbox 726 1381 900 1453; x_wconf 88' lang='lat' dir='ltr'><strong>nuncupant</strong></span> <span class='ocrx_word' id='word_1_115' title='bbox 915 1374 1035 1437; x_wconf 88' lang='lat' dir='ltr'><strong>Moeras</strong></span> <span class='ocrx_word' id='word_1_116' title='bbox 1058 1383 1089 1438; x_wconf 90' lang='lat' dir='ltr'><strong>et</strong></span> 
     </span>
     <span class='ocr_line' id='line_1_15' title="bbox 115 1457 1087 1538; baseline 0.001 -19"><span class='ocrx_word' id='word_1_117' title='bbox 115 1476 168 1519; x_wconf 88' lang='lat' dir='ltr'><strong>eae</strong></span> <span class='ocrx_word' id='word_1_118' title='bbox 184 1457 346 1537; x_wconf 87' lang='lat' dir='ltr'><strong>particulae</strong></span> <span class='ocrx_word' id='word_1_119' title='bbox 361 1457 447 1519; x_wconf 91' lang='lat' dir='ltr'><strong>nobis</strong></span> <span class='ocrx_word' id='word_1_120' title='bbox 463 1457 542 1519; x_wconf 89' lang='lat' dir='ltr'><strong>velut</strong></span> <span class='ocrx_word' id='word_1_121' title='bbox 557 1459 615 1518; x_wconf 85' lang='lat' dir='ltr'><strong>iata</strong></span> <span class='ocrx_word' id='word_1_122' title='bbox 632 1467 716 1519; x_wconf 88' lang='lat' dir='ltr'><strong>sunt:</strong></span> <span class='ocrx_word' id='word_1_123' title='bbox 739 1477 807 1519; x_wconf 89' lang='lat' dir='ltr'><strong>nam</strong></span> <span class='ocrx_word' id='word_1_124' title='bbox 824 1477 881 1537; x_wconf 87' lang='lat' dir='ltr'><strong>qua</strong></span> <span class='ocrx_word' id='word_1_125' title='bbox 896 1461 1087 1538; x_wconf 90' lang='lat' dir='ltr'><strong>potissimum</strong></span> 
     </span>
     <span class='ocr_line' id='line_1_16' title="bbox 81 1543 1135 1624; baseline 0 -22"><span class='ocrx_word' id='word_1_126' title='bbox 81 1554 96 1602; x_wconf 85' lang='lat'><strong>6</strong></span> <span class='ocrx_word' id='word_1_127' title='bbox 115 1545 231 1605; x_wconf 90' lang='lat' dir='ltr'><strong>oriente</strong></span> <span class='ocrx_word' id='word_1_128' title='bbox 246 1561 403 1604; x_wconf 86' lang='lat' dir='ltr'><strong>nascamur</strong></span> <span class='ocrx_word' id='word_1_129' title='bbox 419 1543 579 1620; x_wconf 88' lang='lat' dir='ltr'><strong>plurimum</strong></span> <span class='ocrx_word' id='word_1_130' title='bbox 599 1543 701 1603; x_wconf 82' lang='lat' dir='ltr'><strong>refert.</strong></span> <span class='ocrx_word' id='word_1_131' title='bbox 734 1543 778 1603; x_wconf 92' lang='lat' dir='ltr'><strong>sol</strong></span> <span class='ocrx_word' id='word_1_132' title='bbox 794 1561 866 1622; x_wconf 85' lang='lat' dir='ltr'><strong>ergo</strong></span> <span class='ocrx_word' id='word_1_133' title='bbox 882 1562 949 1605; x_wconf 86' lang='lat' dir='ltr'><strong>curn</strong></span> <span class='ocrx_word' id='word_1_134' title='bbox 966 1546 997 1604; x_wconf 94' lang='lat' dir='ltr'><strong>in</strong></span> <span class='ocrx_word' id='word_1_135' title='bbox 1012 1563 1086 1624; x_wconf 92' lang='lat' dir='ltr'><strong>pro·</strong></span> <span class='ocrx_word' id='word_1_136' title='bbox 1106 1554 1135 1603; x_wconf 88' lang='lat'><strong>15</strong></span> 
     </span>
     <span class='ocr_line' id='line_1_17' title="bbox 114 1627 1089 1708; baseline -0.001 -18"><span class='ocrx_word' id='word_1_137' title='bbox 114 1631 227 1690; x_wconf 74' lang='lat' dir='ltr'><strong>simum</strong></span> <span class='ocrx_word' id='word_1_138' title='bbox 243 1629 358 1706; x_wconf 83' lang='lat' dir='ltr'><strong>signum</strong></span> <span class='ocrx_word' id='word_1_139' title='bbox 375 1629 575 1698; x_wconf 86' lang='lat' dir='ltr'><strong>transcendit,</strong></span> <span class='ocrx_word' id='word_1_140' title='bbox 596 1627 696 1688; x_wconf 93' lang='lat' dir='ltr'><strong>locum</strong></span> <span class='ocrx_word' id='word_1_141' title='bbox 716 1627 799 1688; x_wconf 93' lang='lat' dir='ltr'><strong>illum</strong></span> <span class='ocrx_word' id='word_1_142' title='bbox 815 1629 1020 1708; x_wconf 86' lang='lat' dir='ltr'><strong>conceptionis</strong></span> <span class='ocrx_word' id='word_1_143' title='bbox 1036 1637 1089 1692; x_wconf 92' lang='lat' dir='ltr'><strong>aut</strong></span> 
     </span>
     <span class='ocr_line' id='line_1_18' title="bbox 114 1713 1087 1791; baseline 0.001 -17"><span class='ocrx_word' id='word_1_144' title='bbox 114 1713 252 1774; x_wconf 88' lang='lat' dir='ltr'><strong>inbecillo</strong></span> <span class='ocrx_word' id='word_1_145' title='bbox 274 1713 352 1773; x_wconf 77' lang='lat' dir='ltr'><strong>ridet</strong></span> <span class='ocrx_word' id='word_1_146' title='bbox 373 1721 534 1790; x_wconf 90' lang='lat' dir='ltr'><strong>conspectu</strong></span> <span class='ocrx_word' id='word_1_147' title='bbox 555 1720 604 1773; x_wconf 91' lang='lat' dir='ltr'><strong>aut</strong></span> <span class='ocrx_word' id='word_1_148' title='bbox 632 1715 718 1773; x_wconf 84' lang='lat' dir='ltr'><strong>ctiam</strong></span> <span class='ocrx_word' id='word_1_149' title='bbox 740 1731 796 1774; x_wconf 87' lang='lat' dir='ltr'><strong>nec</strong></span> <span class='ocrx_word' id='word_1_150' title='bbox 818 1715 977 1791; x_wconf 86' lang='lat' dir='ltr'><strong>conspicit:</strong></span> <span class='ocrx_word' id='word_1_151' title='bbox 1016 1732 1087 1775; x_wconf 91' lang='lat' dir='ltr'><strong>nam</strong></span> 
     </span>
     <span class='ocr_line' id='line_1_19' title="bbox 115 1797 1087 1877; baseline 0.001 -19"><span class='ocrx_word' id='word_1_152' title='bbox 115 1798 217 1877; x_wconf 91' lang='lat' dir='ltr'><strong>plures</strong></span> <span class='ocrx_word' id='word_1_153' title='bbox 228 1798 425 1875; x_wconf 86' lang='lat' dir='ltr'><strong>proximantia</strong></span> <span class='ocrx_word' id='word_1_154' title='bbox 436 1797 553 1857; x_wconf 91' lang='lat' dir='ltr'><strong>sibimet</strong></span> <span class='ocrx_word' id='word_1_155' title='bbox 568 1797 650 1858; x_wconf 87' lang='lat' dir='ltr'><strong>zodia</strong></span> <span class='ocrx_word' id='word_1_156' title='bbox 667 1799 791 1858; x_wconf 89' lang='lat' dir='ltr'><strong>invicem</strong></span> <span class='ocrx_word' id='word_1_157' title='bbox 807 1816 839 1857; x_wconf 90' lang='lat' dir='ltr'><strong>se</strong></span> <span class='ocrx_word' id='word_1_158' title='bbox 850 1798 950 1858; x_wconf 86' lang='lat' dir='ltr'><strong>videre</strong></span> <span class='ocrx_word' id='word_1_159' title='bbox 963 1801 1087 1859; x_wconf 90' lang='lat' dir='ltr'><strong>omnino</strong></span> 
     </span>
     <span class='ocr_line' id='line_1_20' title="bbox 115 1881 1087 1962; baseline 0 -19"><span class='ocrx_word' id='word_1_160' title='bbox 115 1892 306 1962; x_wconf 81' lang='lat' dir='ltr'><strong>negaverunt.</strong></span> <span class='ocrx_word' id='word_1_161' title='bbox 338 1889 367 1942; x_wconf 93' lang='lat' dir='ltr'><strong>at</strong></span> <span class='ocrx_word' id='word_1_162' title='bbox 389 1900 455 1942; x_wconf 89' lang='lat' dir='ltr'><strong>cum</strong></span> <span class='ocrx_word' id='word_1_163' title='bbox 476 1883 611 1943; x_wconf 88' lang='lat' dir='ltr'><strong>intortio</strong></span> <span class='ocrx_word' id='word_1_164' title='bbox 633 1888 677 1942; x_wconf 90' lang='lat' dir='ltr'><strong>est</strong></span> <span class='ocrx_word' id='word_1_165' title='bbox 692 1884 791 1960; x_wconf 84' lang='lat' dir='ltr'><strong>signo,</strong></span> <span class='ocrx_word' id='word_1_166' title='bbox 813 1881 871 1942; x_wconf 92' lang='lat' dir='ltr'><strong>hoc</strong></span> <span class='ocrx_word' id='word_1_167' title='bbox 887 1890 932 1943; x_wconf 92' lang='lat' dir='ltr'><strong>est</strong></span> <span class='ocrx_word' id='word_1_168' title='bbox 946 1901 1008 1943; x_wconf 91' lang='lat' dir='ltr'><strong>uno</strong></span> <span class='ocrx_word' id='word_1_169' title='bbox 1023 1902 1087 1944; x_wconf 89' lang='lat' dir='ltr'><strong>me-</strong></span> 
     </span>
     <span class='ocr_line' id='line_1_21' title="bbox 115 1965 1134 2045; baseline -0.002 -17"><span class='ocrx_word' id='word_1_170' title='bbox 115 1968 163 2028; x_wconf 92' lang='lat' dir='ltr'><strong>dio</strong></span> <span class='ocrx_word' id='word_1_171' title='bbox 179 1968 368 2044; x_wconf 88' lang='lat' dir='ltr'><strong>interposito,</strong></span> <span class='ocrx_word' id='word_1_172' title='bbox 390 1974 462 2027; x_wconf 90' lang='lat' dir='ltr'><strong>tunc</strong></span> <span class='ocrx_word' id='word_1_173' title='bbox 477 1968 605 2045; x_wconf 91' lang='lat' dir='ltr'><strong>primum</strong></span> <span class='ocrx_word' id='word_1_174' title='bbox 627 1965 708 2027; x_wconf 90' lang='lat' dir='ltr'><strong>illurn</strong></span> <span class='ocrx_word' id='word_1_175' title='bbox 724 1966 822 2027; x_wconf 92' lang='lat' dir='ltr'><strong>locum</strong></span> <span class='ocrx_word' id='word_1_176' title='bbox 838 1967 917 2028; x_wconf 88' lang='lat' dir='ltr'><strong>unde</strong></span> <span class='ocrx_word' id='word_1_177' title='bbox 932 1968 1088 2044; x_wconf 87' lang='lat' dir='ltr'><strong>profectus</strong></span> <span class='ocrx_word' id='word_1_178' title='bbox 1104 1977 1134 2026; x_wconf 75' lang='lat' dir='ltr'><strong>‘lo</strong></span> 
     </span>
     <span class='ocr_line' id='line_1_22' title="bbox 116 2049 1086 2129; baseline 0.002 -17"><span class='ocrx_word' id='word_1_179' title='bbox 116 2059 160 2113; x_wconf 93' lang='lat' dir='ltr'><strong>est</strong></span> <span class='ocrx_word' id='word_1_180' title='bbox 175 2053 275 2112; x_wconf 88' lang='lat' dir='ltr'><strong>videre</strong></span> <span class='ocrx_word' id='word_1_181' title='bbox 291 2052 412 2121; x_wconf 84' lang='lat' dir='ltr'><strong>dicitnr,</strong></span> <span class='ocrx_word' id='word_1_182' title='bbox 442 2052 494 2111; x_wconf 90' lang='lat' dir='ltr'><strong>sed</strong></span> <span class='ocrx_word' id='word_1_183' title='bbox 512 2050 593 2111; x_wconf 84' lang='lat' dir='ltr'><strong>ualde</strong></span> <span class='ocrx_word' id='word_1_184' title='bbox 616 2049 735 2129; x_wconf 93' lang='lat' dir='ltr'><strong>obliquo</strong></span> <span class='ocrx_word' id='word_1_185' title='bbox 759 2060 787 2111; x_wconf 85' lang='lat' dir='ltr'><strong>et</strong></span> <span class='ocrx_word' id='word_1_186' title='bbox 807 2050 934 2112; x_wconf 83' lang='lat' dir='ltr'><strong>invalido</strong></span> <span class='ocrx_word' id='word_1_187' title='bbox 955 2051 1086 2122; x_wconf 82' lang='lat' dir='ltr'><strong>luminc3</strong></span> 
     </span>
     <span class='ocr_line' id='line_1_23' title="bbox 116 2133 1086 2216; baseline 0 -19"><span class='ocrx_word' id='word_1_188' title='bbox 116 2139 166 2216; x_wconf 94' lang='lat' dir='ltr'><strong>qui</strong></span> <span class='ocrx_word' id='word_1_189' title='bbox 183 2143 359 2215; x_wconf 90' lang='lat' dir='ltr'><strong>conspectus</strong></span> <span class='ocrx_word' id='word_1_190' title='bbox 374 2146 496 2196; x_wconf 90' lang='lat' dir='ltr'><strong>vocatur</strong></span> <span class='ocrx_word' id='word_1_191' title='bbox 512 2134 591 2197; x_wconf 87' lang='grc' dir='ltr'>κατὰ</span> <span class='ocrx_word' id='word_1_192' title='bbox 607 2133 783 2210; x_wconf 81' lang='grc' dir='ltr'>ἑξάγωνον,</span> <span class='ocrx_word' id='word_1_193' title='bbox 801 2139 870 2216; x_wconf 90' lang='lat' dir='ltr'><strong>quia</strong></span> <span class='ocrx_word' id='word_1_194' title='bbox 886 2144 999 2196; x_wconf 81' lang='lat' dir='ltr'><strong>sextam</strong></span> <span class='ocrx_word' id='word_1_195' title='bbox 1016 2155 1086 2215; x_wconf 91' lang='lat' dir='ltr'><strong>par-</strong></span> 
     </span>
     <span class='ocr_line' id='line_1_24' title="bbox 115 2220 1086 2299; baseline 0 -17"><span class='ocrx_word' id='word_1_196' title='bbox 115 2231 174 2283; x_wconf 86' lang='lat' dir='ltr'><strong>tem</strong></span> <span class='ocrx_word' id='word_1_197' title='bbox 191 2221 295 2282; x_wconf 91' lang='lat' dir='ltr'><strong>circuli</strong></span> <span class='ocrx_word' id='word_1_198' title='bbox 312 2220 472 2282; x_wconf 87' lang='lat' dir='ltr'><strong>subtendit.</strong></span> <span class='ocrx_word' id='word_1_199' title='bbox 504 2223 627 2290; x_wconf 86' lang='lat' dir='ltr'><strong>namsi,</strong></span> <span class='ocrx_word' id='word_1_200' title='bbox 652 2228 685 2281; x_wconf 92' lang='lat' dir='ltr'><strong>ut</strong></span> <span class='ocrx_word' id='word_1_201' title='bbox 705 2221 834 2299; x_wconf 90' lang='lat' dir='ltr'><strong>aprimo</strong></span> <span class='ocrx_word' id='word_1_202' title='bbox 855 2221 941 2282; x_wconf 89' lang='lat' dir='ltr'><strong>zodio</strong></span> <span class='ocrx_word' id='word_1_203' title='bbox 963 2222 1001 2281; x_wconf 91' lang='lat' dir='ltr'><strong>ad</strong></span> <span class='ocrx_word' id='word_1_204' title='bbox 1023 2228 1086 2282; x_wconf 90' lang='lat' dir='ltr'><strong>ter·</strong></span> 
     </span>
     <span class='ocr_line' id='line_1_25' title="bbox 115 2305 1086 2386; baseline 0 -19"><span class='ocrx_word' id='word_1_205' title='bbox 115 2308 205 2376; x_wconf 90' lang='lat' dir='ltr'><strong>tium,</strong></span> <span class='ocrx_word' id='word_1_206' title='bbox 223 2306 264 2365; x_wconf 91' lang='lat' dir='ltr'><strong>sic</strong></span> <span class='ocrx_word' id='word_1_207' title='bbox 281 2324 296 2365; x_wconf 86' lang='lat' dir='ltr'><strong>a</strong></span> <span class='ocrx_word' id='word_1_208' title='bbox 313 2308 400 2365; x_wconf 91' lang='lat' dir='ltr'><strong>tertio</strong></span> <span class='ocrx_word' id='word_1_209' title='bbox 417 2306 452 2364; x_wconf 93' lang='lat' dir='ltr'><strong>ad</strong></span> <span class='ocrx_word' id='word_1_210' title='bbox 469 2305 613 2382; x_wconf 93' lang='lat' dir='ltr'><strong>quintum,</strong></span> <span class='ocrx_word' id='word_1_211' title='bbox 630 2305 699 2366; x_wconf 90' lang='lat' dir='ltr'><strong>inde</strong></span> <span class='ocrx_word' id='word_1_212' title='bbox 713 2324 804 2383; x_wconf 89' lang='lat' dir='ltr'><strong>porro</strong></span> <span class='ocrx_word' id='word_1_213' title='bbox 820 2307 857 2366; x_wconf 86' lang='lat' dir='ltr'><strong>ad</strong></span> <span class='ocrx_word' id='word_1_214' title='bbox 873 2307 1033 2386; x_wconf 88' lang='lat' dir='ltr'><strong>septimum</strong></span> <span class='ocrx_word' id='word_1_215' title='bbox 1051 2325 1086 2367; x_wconf 86' lang='lat' dir='ltr'><strong>ac</strong></span> 
     </span>
     <span class='ocr_line' id='line_1_26' title="bbox 116 2389 1134 2469; baseline 0 -19"><span class='ocrx_word' id='word_1_216' title='bbox 116 2391 256 2468; x_wconf 89' lang='lat' dir='ltr'><strong>deinceps</strong></span> <span class='ocrx_word' id='word_1_217' title='bbox 280 2389 410 2449; x_wconf 88' lang='lat' dir='ltr'><strong>alternae</strong></span> <span class='ocrx_word' id='word_1_218' title='bbox 426 2389 521 2449; x_wconf 86' lang='lat' dir='ltr'><strong>lineae</strong></span> <span class='ocrx_word' id='word_1_219' title='bbox 545 2393 729 2460; x_wconf 88' lang='lat' dir='ltr'><strong>emittantur,</strong></span> <span class='ocrx_word' id='word_1_220' title='bbox 757 2390 904 2469; x_wconf 82' lang='lat' dir='ltr'><strong>hexagoni</strong></span> <span class='ocrx_word' id='word_1_221' title='bbox 924 2389 1085 2469; x_wconf 87' lang='lat' dir='ltr'><strong>aequilate·</strong></span> <span class='ocrx_word' id='word_1_222' title='bbox 1104 2402 1134 2450; x_wconf 75' lang='lat'><strong>25</strong></span> 
     </span>
     <span class='ocr_line' id='line_1_27' title="bbox 81 2473 1086 2552; baseline 0.004 -20"><span class='ocrx_word' id='word_1_223' title='bbox 81 2474 184 2534; x_wconf 74' lang='lat' dir='ltr'><strong>tralis</strong></span> <span class='ocrx_word' id='word_1_224' title='bbox 210 2473 304 2533; x_wconf 91' lang='lat' dir='ltr'><strong>lorma</strong></span> <span class='ocrx_word' id='word_1_225' title='bbox 329 2475 358 2532; x_wconf 93' lang='lat' dir='ltr'><strong>in</strong></span> <span class='ocrx_word' id='word_1_226' title='bbox 386 2473 490 2533; x_wconf 91' lang='lat' dir='ltr'><strong>eodem</strong></span> <span class='ocrx_word' id='word_1_227' title='bbox 516 2475 628 2535; x_wconf 91' lang='lat' dir='ltr'><strong>circulo</strong></span> <span class='ocrx_word' id='word_1_228' title='bbox 655 2475 813 2536; x_wconf 85' lang='lat' dir='ltr'><strong>scribetur.</strong></span> <span class='ocrx_word' id='word_1_229' title='bbox 858 2476 937 2535; x_wconf 89' lang='lat' dir='ltr'><strong>bunc</strong></span> <span class='ocrx_word' id='word_1_230' title='bbox 963 2475 1086 2552; x_wconf 89' lang='lat' dir='ltr'><strong>quidam</strong></span> 
     </span>
     <span class='ocr_line' id='line_1_28' title="bbox 115 2561 1202 2639; baseline 0.002 -20"><span class='ocrx_word' id='word_1_231' title='bbox 115 2565 306 2636; x_wconf 91' lang='lat' dir='ltr'><strong>conspectum</strong></span> <span class='ocrx_word' id='word_1_232' title='bbox 323 2575 382 2616; x_wconf 92' lang='lat' dir='ltr'><strong>non</strong></span> <span class='ocrx_word' id='word_1_233' title='bbox 398 2575 610 2637; x_wconf 89' lang='lat' dir='ltr'><strong>usquequaque</strong></span> <span class='ocrx_word' id='word_1_234' title='bbox 624 2568 818 2639; x_wconf 89' lang='lat' dir='ltr'><strong>receperunt,</strong></span> <span class='ocrx_word' id='word_1_235' title='bbox 835 2561 913 2638; x_wconf 88' lang='lat' dir='ltr'><strong>quod</strong></span> <span class='ocrx_word' id='word_1_236' title='bbox 929 2561 1087 2621; x_wconf 91' lang='lat' dir='ltr'><strong>minimum</strong></span> <span class='ocrx_word' id='word_1_237' title='bbox 1198 2576 1202 2613; x_wconf 84' lang='lat'><strong>¹</strong></span> 
     </span>
     <span class='ocr_line' id='line_1_29' title="bbox 81 2642 1086 2721; baseline 0.004 -20"><span class='ocrx_word' id='word_1_238' title='bbox 81 2642 153 2703; x_wconf 80' lang='lat' dir='ltr'><strong>sad</strong></span> <span class='ocrx_word' id='word_1_239' title='bbox 174 2642 371 2702; x_wconf 88' lang='lat' dir='ltr'><strong>maturitatem</strong></span> <span class='ocrx_word' id='word_1_240' title='bbox 393 2650 496 2721; x_wconf 90' lang='lat' dir='ltr'><strong>partus</strong></span> <span class='ocrx_word' id='word_1_241' title='bbox 517 2644 671 2704; x_wconf 87' lang='lat' dir='ltr'><strong>videbatur</strong></span> <span class='ocrx_word' id='word_1_242' title='bbox 696 2645 841 2705; x_wconf 78' lang='lat' dir='ltr'><strong>conferre.</strong></span> <span class='ocrx_word' id='word_1_243' title='bbox 874 2663 940 2705; x_wconf 91' lang='lat' dir='ltr'><strong>cum</strong></span> <span class='ocrx_word' id='word_1_244' title='bbox 962 2663 1032 2705; x_wconf 89' lang='lat' dir='ltr'><strong>vero</strong></span> <span class='ocrx_word' id='word_1_245' title='bbox 1056 2647 1086 2705; x_wconf 91' lang='lat' dir='ltr'><strong>in</strong></span> 
     </span>
    </p>
   </div>
   <div class='ocr_carea' id='block_1_3' title="bbox 1205 206 1209 816">
    <p class='ocr_par' dir='ltr' id='par_1_3' title="bbox 1205 206 1209 816">
     <span class='ocr_line' id='line_1_30' title="bbox 1205 206 1209 816; baseline 0 0"><span class='ocrx_word' id='word_1_246' title='bbox 1205 206 1209 816; x_wconf 95' lang='lat' dir='ltr'><strong> </strong></span> 
     </span>
    </p>
   </div>
   <div class='ocr_carea' id='block_1_4' title="bbox 113 2932 1092 3269">
    <p class='ocr_par' dir='ltr' id='par_1_4' title="bbox 113 2932 1092 3269">
     <span class='ocr_line' id='line_1_31' title="bbox 184 2932 1017 2998; baseline 0.001 -18"><span class='ocrx_word' id='word_1_247' title='bbox 184 2934 196 2980; x_wconf 91' lang='lat' dir='ltr'><strong>l</strong></span> <span class='ocrx_word' id='word_1_248' title='bbox 216 2933 294 2996; x_wconf 81' lang='lat' dir='ltr'><strong>greci</strong></span> <span class='ocrx_word' id='word_1_249' title='bbox 315 2932 341 2980; x_wconf 94' lang='lat' dir='ltr'><em>V</em></span> <span class='ocrx_word' id='word_1_250' title='bbox 407 2935 432 2983; x_wconf 86' lang='grc'><strong>9.</strong></span> <span class='ocrx_word' id='word_1_251' title='bbox 456 2936 483 2981; x_wconf 87' lang='lat' dir='ltr'><strong>ct</strong></span> <span class='ocrx_word' id='word_1_252' title='bbox 505 2933 566 2982; x_wconf 83' lang='lat' dir='ltr'><strong>cdd.</strong></span> <span class='ocrx_word' id='word_1_253' title='bbox 587 2933 709 2981; x_wconf 75' lang='lat' dir='ltr'><strong>Cauchius</strong></span> <span class='ocrx_word' id='word_1_254' title='bbox 779 2935 818 2983; x_wconf 91' lang='grc'><strong>10.</strong></span> <span class='ocrx_word' id='word_1_255' title='bbox 837 2945 973 2998; x_wconf 70' lang='lat' dir='ltr'><strong>properae</strong></span> <span class='ocrx_word' id='word_1_256' title='bbox 992 2934 1017 2981; x_wconf 88' lang='lat' dir='ltr'><em>D</em></span> 
     </span>
     <span class='ocr_line' id='line_1_32' title="bbox 115 3000 1089 3065; baseline 0.001 -16"><span class='ocrx_word' id='word_1_257' title='bbox 115 3002 155 3050; x_wconf 80' lang='lat'><strong>12.</strong></span> <span class='ocrx_word' id='word_1_258' title='bbox 180 3012 289 3049; x_wconf 80' lang='lat' dir='ltr'><strong>nument</strong></span> <span class='ocrx_word' id='word_1_259' title='bbox 307 3001 331 3047; x_wconf 87' lang='lat' dir='ltr'><em>D</em></span> <span class='ocrx_word' id='word_1_260' title='bbox 395 3000 471 3065; x_wconf 83' lang='lat' dir='ltr'><strong>greci</strong></span> <span class='ocrx_word' id='word_1_261' title='bbox 493 3001 518 3049; x_wconf 91' lang='lat' dir='ltr'><em>V</em></span> <span class='ocrx_word' id='word_1_262' title='bbox 580 3000 973 3065; x_wconf 84' lang='lat' dir='ltr'><strong>cognominarunt—moeres</strong></span> <span class='ocrx_word' id='word_1_263' title='bbox 992 3016 1039 3053; x_wconf 83' lang='lat' dir='ltr'><strong>om.</strong></span> <span class='ocrx_word' id='word_1_264' title='bbox 1063 3002 1089 3050; x_wconf 91' lang='lat' dir='ltr'><em>V</em></span> 
     </span>
     <span class='ocr_line' id='line_1_33' title="bbox 115 3066 1086 3132; baseline 0.001 -15"><span class='ocrx_word' id='word_1_265' title='bbox 115 3070 156 3119; x_wconf 84' lang='lat'><strong>13.</strong></span> <span class='ocrx_word' id='word_1_266' title='bbox 180 3066 249 3132; x_wconf 86' lang='lat' dir='ltr'><strong>quob</strong></span> <span class='ocrx_word' id='word_1_267' title='bbox 268 3082 317 3116; x_wconf 86' lang='lat' dir='ltr'><strong>eas</strong></span> <span class='ocrx_word' id='word_1_268' title='bbox 336 3069 360 3116; x_wconf 86' lang='lat' dir='ltr'><em>D</em></span> <span class='ocrx_word' id='word_1_269' title='bbox 432 3069 472 3119; x_wconf 83' lang='lat'><strong>14.</strong></span> <span class='ocrx_word' id='word_1_270' title='bbox 490 3067 544 3116; x_wconf 85' lang='lat' dir='ltr'><strong>hae</strong></span> <span class='ocrx_word' id='word_1_271' title='bbox 567 3069 593 3118; x_wconf 92' lang='lat' dir='ltr'><em>V</em></span> <span class='ocrx_word' id='word_1_272' title='bbox 659 3069 758 3132; x_wconf 77' lang='lat' dir='ltr'><strong>ueclnr</strong></span> <span class='ocrx_word' id='word_1_273' title='bbox 781 3083 872 3117; x_wconf 77' lang='lat' dir='ltr'><strong>sacre</strong></span> <span class='ocrx_word' id='word_1_274' title='bbox 889 3069 914 3116; x_wconf 89' lang='lat' dir='ltr'><em>D</em></span> <span class='ocrx_word' id='word_1_275' title='bbox 937 3073 997 3117; x_wconf 82' lang='lat' dir='ltr'><strong>ante</strong></span> <span class='ocrx_word' id='word_1_276' title='bbox 1019 3085 1086 3130; x_wconf 74' lang='lat' dir='ltr'><strong>ras,</strong></span> 
     </span>
     <span class='ocr_line' id='line_1_34' title="bbox 113 3135 1085 3200; baseline 0.001 -16"><span class='ocrx_word' id='word_1_277' title='bbox 113 3136 320 3199; x_wconf 67' lang='lat' dir='ltr'><strong>uenutlsrrasna</strong></span> <span class='ocrx_word' id='word_1_278' title='bbox 343 3137 361 3184; x_wconf 86' lang='lat' dir='ltr'><strong>d</strong></span> <span class='ocrx_word' id='word_1_279' title='bbox 430 3150 483 3198; x_wconf 89' lang='lat' dir='ltr'><strong>qua</strong></span> <span class='ocrx_word' id='word_1_280' title='bbox 506 3135 571 3197; x_wconf 86' lang='lat' dir='ltr'><strong>DV,</strong></span> <span class='ocrx_word' id='word_1_281' title='bbox 604 3136 705 3200; x_wconf 84' lang='lat' dir='ltr'><strong>quiad</strong></span> <span class='ocrx_word' id='word_1_282' title='bbox 773 3137 814 3189; x_wconf 35' lang='lat'><strong>15⁴</strong></span> <span class='ocrx_word' id='word_1_283' title='bbox 838 3150 1000 3186; x_wconf 80' lang='lat' dir='ltr'><strong>uascnurun</strong></span> <span class='ocrx_word' id='word_1_284' title='bbox 1022 3136 1085 3196; x_wconf 86' lang='lat' dir='ltr'><strong>DV,</strong></span> 
     </span>
     <span class='ocr_line' id='line_1_35' title="bbox 113 3200 1092 3269; baseline -0.001 -16"><span class='ocrx_word' id='word_1_285' title='bbox 113 3218 182 3253; x_wconf 81' lang='lat' dir='ltr'><strong>corr.</strong></span> <span class='ocrx_word' id='word_1_286' title='bbox 198 3203 320 3253; x_wconf 75' lang='lat' dir='ltr'><strong>Cauchius</strong></span> <span class='ocrx_word' id='word_1_287' title='bbox 391 3205 430 3253; x_wconf 83' lang='lat'><strong>19.</strong></span> <span class='ocrx_word' id='word_1_288' title='bbox 451 3206 494 3252; x_wconf 88' lang='lat' dir='ltr'><strong>est</strong></span> <span class='ocrx_word' id='word_1_289' title='bbox 511 3205 540 3251; x_wconf 90' lang='lat' dir='ltr'><strong>in</strong></span> <span class='ocrx_word' id='word_1_290' title='bbox 558 3218 611 3253; x_wconf 92' lang='lat' dir='ltr'><strong>uno</strong></span> <span class='ocrx_word' id='word_1_291' title='bbox 634 3204 661 3253; x_wconf 91' lang='lat' dir='ltr'><em>V</em></span> <span class='ocrx_word' id='word_1_292' title='bbox 726 3206 766 3255; x_wconf 76' lang='lat'><strong>22.</strong></span> <span class='ocrx_word' id='word_1_293' title='bbox 784 3200 914 3269; x_wconf 85' lang='lat' dir='ltr'><strong>vocatur]</strong></span> <span class='ocrx_word' id='word_1_294' title='bbox 935 3204 1039 3253; x_wconf 87' lang='lat' dir='ltr'><strong>dicitur</strong></span> <span class='ocrx_word' id='word_1_295' title='bbox 1062 3204 1092 3252; x_wconf 93' lang='lat' dir='ltr'><em>V</em></span> 
     </span>
    </p>
   </div>
   <div class='ocr_carea' id='block_1_5' title="bbox 113 3265 1087 3572">
    <p class='ocr_par' dir='ltr' id='par_1_5' title="bbox 492 3265 504 3300">
     <span class='ocr_line' id='line_1_36' title="bbox 492 3265 504 3300; baseline 0 0"><span class='ocrx_word' id='word_1_296' title='bbox 492 3265 504 3300; x_wconf 92' lang='grc' dir='ltr'>ε</span> 
     </span>
    </p>

    <p class='ocr_par' dir='ltr' id='par_1_6' title="bbox 113 3303 1087 3572">
     <span class='ocr_line' id='line_1_37' title="bbox 113 3303 1086 3369; baseline -0.001 -14"><span class='ocrx_word' id='word_1_297' title='bbox 113 3303 344 3356; x_wconf 69' lang='lat' dir='ltr'><strong>norosiurutuou</strong></span> <span class='ocrx_word' id='word_1_298' title='bbox 362 3306 400 3368; x_wconf 88' lang='lat' dir='ltr'><strong>D,</strong></span> <span class='ocrx_word' id='word_1_299' title='bbox 425 3305 626 3356; x_wconf 71' lang='lat' dir='ltr'><strong>uuruiururnon</strong></span> <span class='ocrx_word' id='word_1_300' title='bbox 650 3306 677 3354; x_wconf 96' lang='lat' dir='ltr'><em>V</em></span> <span class='ocrx_word' id='word_1_301' title='bbox 693 3304 717 3369; x_wconf 92' lang='grc' dir='ltr'><strong>(ε</strong></span> <span class='ocrx_word' id='word_1_302' title='bbox 735 3307 796 3357; x_wconf 81' lang='lat' dir='ltr'><strong>odd.</strong></span> <span class='ocrx_word' id='word_1_303' title='bbox 814 3321 844 3355; x_wconf 82' lang='lat' dir='ltr'><strong>m.</strong></span> <span class='ocrx_word' id='word_1_304' title='bbox 864 3303 928 3368; x_wconf 83' lang='lat' dir='ltr'><strong>reo.)</strong></span> <span class='ocrx_word' id='word_1_305' title='bbox 998 3307 1040 3355; x_wconf 79' lang='lat'><strong>23.</strong></span> <span class='ocrx_word' id='word_1_306' title='bbox 1060 3307 1086 3354; x_wconf 85' lang='lat' dir='ltr'><strong>si</strong></span> 
     </span>
     <span class='ocr_line' id='line_1_38' title="bbox 113 3369 1085 3434; baseline 0 -13"><span class='ocrx_word' id='word_1_307' title='bbox 113 3377 144 3421; x_wconf 86' lang='lat' dir='ltr'><strong>ut</strong></span> <span class='ocrx_word' id='word_1_308' title='bbox 164 3373 267 3430; x_wconf 83' lang='lat' dir='ltr'><strong>Oorrio,</strong></span> <span class='ocrx_word' id='word_1_309' title='bbox 292 3387 334 3422; x_wconf 84' lang='lat' dir='ltr'><strong>tus</strong></span> <span class='ocrx_word' id='word_1_310' title='bbox 353 3374 390 3433; x_wconf 85' lang='lat' dir='ltr'><strong>D,</strong></span> <span class='ocrx_word' id='word_1_311' title='bbox 415 3374 492 3424; x_wconf 87' lang='lat' dir='ltr'><strong>cuius</strong></span> <span class='ocrx_word' id='word_1_312' title='bbox 511 3373 678 3424; x_wconf 83' lang='lat' dir='ltr'><strong>dVIobnus</strong></span> <span class='ocrx_word' id='word_1_313' title='bbox 747 3375 788 3423; x_wconf 79' lang='lat'><strong>25.</strong></span> <span class='ocrx_word' id='word_1_314' title='bbox 808 3388 899 3423; x_wconf 75' lang='lat' dir='ltr'><strong>cunae</strong></span> <span class='ocrx_word' id='word_1_315' title='bbox 917 3373 974 3422; x_wconf 89' lang='lat' dir='ltr'><strong>DV</strong></span> <span class='ocrx_word' id='word_1_316' title='bbox 991 3369 1085 3434; x_wconf 84' lang='lat' dir='ltr'><strong>(ortum</strong></span> 
     </span>
     <span class='ocr_line' id='line_1_39' title="bbox 114 3441 1084 3506; baseline 0 -18"><span class='ocrx_word' id='word_1_317' title='bbox 114 3455 148 3490; x_wconf 76' lang='lat' dir='ltr'><strong>ex</strong></span> <span class='ocrx_word' id='word_1_318' title='bbox 167 3441 273 3506; x_wconf 69' lang='lat' dir='ltr'><strong>crucae)</strong></span> <span class='ocrx_word' id='word_1_319' title='bbox 345 3453 543 3491; x_wconf 76' lang='lat' dir='ltr'><strong>semicreurun</strong></span> <span class='ocrx_word' id='word_1_320' title='bbox 562 3443 587 3491; x_wconf 91' lang='lat' dir='ltr'><em>D</em></span> <span class='ocrx_word' id='word_1_321' title='bbox 657 3455 773 3506; x_wconf 76' lang='lat' dir='ltr'><strong>exuqoru</strong></span> <span class='ocrx_word' id='word_1_322' title='bbox 796 3453 1029 3505; x_wconf 66' lang='lat' dir='ltr'><strong>aequiparenanrs</strong></span> <span class='ocrx_word' id='word_1_323' title='bbox 1047 3441 1084 3499; x_wconf 85' lang='lat' dir='ltr'><strong>D,</strong></span> 
     </span>
     <span class='ocr_line' id='line_1_40' title="bbox 114 3508 1087 3572; baseline 0.002 -16"><span class='ocrx_word' id='word_1_324' title='bbox 114 3510 268 3572; x_wconf 84' lang='lat' dir='ltr'><strong>exagoniae</strong></span> <span class='ocrx_word' id='word_1_325' title='bbox 283 3508 329 3572; x_wconf 91' lang='lat' dir='ltr'><strong>qui</strong></span> <span class='ocrx_word' id='word_1_326' title='bbox 340 3508 471 3558; x_wconf 83' lang='lat' dir='ltr'><strong>lateratis</strong></span> <span class='ocrx_word' id='word_1_327' title='bbox 487 3509 515 3557; x_wconf 91' lang='lat' dir='ltr'><em>V</em></span> <span class='ocrx_word' id='word_1_328' title='bbox 575 3510 617 3560; x_wconf 80' lang='lat'><strong>26.</strong></span> <span class='ocrx_word' id='word_1_329' title='bbox 631 3523 817 3560; x_wconf 80' lang='lat' dir='ltr'><strong>scnmenerus</strong></span> <span class='ocrx_word' id='word_1_330' title='bbox 829 3510 889 3570; x_wconf 85' lang='lat' dir='ltr'><strong>DV,</strong></span> <span class='ocrx_word' id='word_1_331' title='bbox 903 3525 972 3561; x_wconf 86' lang='lat' dir='ltr'><strong>corr.</strong></span> <span class='ocrx_word' id='word_1_332' title='bbox 984 3508 1087 3558; x_wconf 78' lang='lat' dir='ltr'><strong>Ialrnus</strong></span> 
     </span>
    </p>
   </div>
   <div class='ocr_carea' id='block_1_6' title="bbox 0 0 1222 3924">
    <p class='ocr_par' dir='ltr' id='par_1_7' title="bbox 0 0 1222 3924">
     <span class='ocr_line' id='line_1_41' title="bbox 0 0 1222 3924; baseline 0 0"><span class='ocrx_word' id='word_1_333' title='bbox 0 0 1222 3924; x_wconf 95' lang='lat' dir='ltr'><strong> </strong></span> 
     </span>
    </p>
   </div>
  </div>
 </body>
</html>
