2414 3924
132 233 191 293 156
422 244 455 291 s.
472 242 501 291 c.
517 242 617 291 ceusu
632 242 826 290 numerurm

130 407 178 458 aut
201 415 263 475 cum
286 396 451 456 hordeacea
473 397 580 473 farina,
610 406 656 455 aut
683 414 745 455 curn
770 397 824 455 licu
847 413 884 453 ex
906 412 980 473 aqua
1000 393 1126 454 decocta

130 483 233 540 mixtus
258 480 394 559 capparis
419 488 522 539 cortex
544 480 693 547 concisus;
728 479 775 538 rel
798 478 858 538 lolii
879 478 970 538 farina
995 497 1033 537 ex
1056 479 1126 537 vico

130 563 220 624 diluto
245 572 345 639 cocta,
368 571 397 621 et
418 564 505 622 mixta
530 581 594 621 cum
613 562 689 622 arida
707 562 805 622 iaecc:
829 579 902 640 quac
917 562 984 641 quia
1000 562 1126 638 refrige-

131 655 221 724 scunt,
237 648 386 724 imponere
397 655 484 705 noctu
495 646 665 723 malagmata
678 645 853 704 commodius
866 653 920 704 εει.
943 644 1042 704 Inulae
1055 662 1126 722 quo-

131 749 187 808 qne
209 728 290 788 radix
314 737 450 806 contusa,
472 739 501 789 et
516 748 553 788 ex
567 732 635 788 vino
652 738 767 788 austero
782 737 885 806 postca
900 738 1000 805 cocta,
1022 737 1052 790 ει
1067 727 1150 787 laten

132 831 219 891 super
234 829 336 872 coxam
351 814 501 890 imposita,
524 815 598 872 inter
611 812 806 872 valentissima
821 811 925 871 auxilia
941 820 993 871 est.
1028 811 1058 870 Si
1071 814 1126 870 ista

131 914 188 957 non
206 895 370 972 solverunt,
387 895 447 954 sale
464 896 556 955 calido
573 906 601 956 ει
615 894 729 956 humido
744 895 877 954 utendum
894 904 947 953 est.
982 895 1013 952 Si
1029 912 1065 953 ne
1083 895 1127 953 sic

133 979 246 1058 quidem
271 980 365 1038 linitus
387 978 472 1038 dolor
492 988 551 1054 est,
575 988 622 1039 aut
641 988 734 1037 tumor
755 981 781 1036 ei
803 977 932 1054 accedit,
954 979 1044 1038 incisa
1060 985 1126 1037 cute

132 1061 328 1122 admovendae
350 1072 413 1122 sunt
436 1062 646 1130 cucurbitulae;
675 1061 816 1120 movenda
842 1061 937 1130 urina3
973 1061 1070 1137 alvus,
1103 1061 1127 1120 si

134 1162 302 1222 compressa
319 1154 377 1218 est,
397 1145 536 1206 ducenda·
572 1145 706 1207 Ultimum
721 1154 780 1221 εει,
804 1153 832 1203 ει
850 1146 877 1202 in
893 1143 1040 1204 veteribus
1055 1160 1126 1221 quo·
1137 1157 1161 1198 ro

134 1246 189 1305 que
212 1226 318 1285 morbis
341 1228 587 1305 efficacissimum,
614 1229 705 1288 tribus
726 1237 773 1287 aut
798 1237 919 1306 quatuor
940 1228 1013 1287 locis
1038 1244 1128 1305 super

134 1327 256 1385 coxam,
293 1319 386 1369 cutem
419 1312 605 1372 candentibus
634 1312 814 1371 ferramentis
840 1311 1021 1370 exulcerare.
1067 1310 1127 1370 Sed

133 1393 266 1452 frictione
284 1410 399 1472 quoque
414 1395 546 1455 utendum
563 1404 624 1470 est,
641 1396 761 1454 maxime
778 1395 806 1453 in
821 1395 901 1470 sole,
918 1403 946 1454 et
961 1394 1063 1453 codem
1080 1393 1127 1453 die

133 1478 267 1555 saepius;
286 1494 357 1556 quo
380 1479 493 1538 iacilius
513 1497 567 1556 ea,
593 1497 667 1557 quae
691 1478 821 1538 coeundo
843 1487 1019 1553 nocuerunt,
1047 1477 1126 1555 dige

134 1569 244 1620 rantur:
268 1579 376 1639 eaque,
400 1563 424 1621 si
446 1562 522 1621 nulla
546 1561 724 1622 exulceratio
747 1571 809 1635 εει,
832 1564 915 1622 etiam
935 1563 1007 1641 ipsis
1029 1561 1162 1631 coxis;¹⁵

134 1645 156 1701 si
180 1652 241 1716 εει,
270 1646 377 1704 ceteris
399 1643 526 1723 partibus
546 1643 706 1704 adhibenda
731 1655 783 1704 est.
829 1644 921 1718 Quum
944 1662 1014 1704 vero
1036 1662 1128 1723 saepe

134 1726 241 1805 aliquid
265 1727 486 1788 exulcerandum
513 1729 644 1788 candenti
670 1728 845 1788 ferramento
872 1731 924 1803 sit,
955 1738 985 1788 ut
1008 1730 1128 1789 materia

132 1810 239 1869 inutilis
262 1819 416 1886 evocetur,
440 1810 510 1870 illud
531 1821 701 1890 perpetuum
723 1822 782 1888 est,
807 1830 862 1871 non
886 1821 916 1872 ut
931 1813 1051 1891 primum
1066 1813 1128 1872 lieri

133 1902 256 1971 potest,
270 1892 353 1968 lrujus
368 1896 486 1972 generis
504 1896 602 1956 ulcera
617 1914 735 1965 sanare;
759 1895 811 1954 sed
829 1915 863 1955 ea
877 1897 1009 1971 trahere,
1033 1895 1129 1956 donec

132 1975 160 2035 id
176 1978 289 2051 vitium,
310 1979 354 2035 cui
371 1995 423 2056 per
437 1977 509 2037 haec
525 1979 710 2057 opitulemur,
729 1981 924 2056 conquiescat.
1137 1991 1164 2031 ²⁰

386 2176 566 2238 oneum
602 2180 720 2238 xxx
744 2177 874 2256 [xxuq.

492 2295 528 2343 Dc
543 2293 657 2344 Genuum
673 2296 767 2345 dolore.

195 2423 284 2484 Coxis
306 2431 434 2504 proxima
452 2447 546 2506 genua
567 2440 646 2507 sunt,
671 2433 698 2490 in
714 2432 816 2509 quibus
833 2433 904 2510 ipsis
920 2448 1130 2508 nonnumquam

134 2506 219 2566 dolor
241 2527 307 2569 csse
329 2514 488 2572 consuevit.
520 2513 551 2572 ln
568 2514 668 2573 iisdem
683 2525 776 2575 autem
793 2516 1006 2593 cataplasmatis
1025 2533 1126 2573 cucur-

134 2590 287 2669 bitulisque
315 2596 486 2672 praesidium
514 2606 578 2657 est:
613 2600 686 2657 sicut
711 2601 795 2659 etiam
822 2618 906 2677 quum
932 2599 959 2656 in
988 2598 1125 2671 humeris,
1139 2620 1166 2659 aa

133 2672 234 2733 aliisve
257 2680 449 2738 commissuris
473 2679 557 2739 dolor
578 2681 681 2758 aliquis
702 2692 820 2741 exortus
843 2693 898 2742 est.
935 2682 1072 2760 Equitare
1090 2683 1128 2755 ei,

134 2759 178 2815 cui
198 2776 291 2835 genua
309 2761 421 2839 dolent,
444 2764 665 2824 inimicissimum
681 2768 803 2825 omnium
820 2775 872 2825 cst.
910 2764 1015 2825 Omnes
1034 2773 1128 2824 autern

132 2841 274 2983 {jusmodi
301 2845 433 2921 dolores,
464 2844 511 2905 ubi
538 2848 785 2924 inveteraverunt,
813 2851 863 2908 vix
889 2851 960 2908 citra
986 2850 1128 2907 ustionem

152 2927 273 2988 ciuntur.

371 3058 557 3122 oneum
596 3061 894 3139 xxxrpxxrvp.
1138 3090 1167 3129 ει

311 3177 499 3248 Dementiam,
517 3181 625 3245 pedum,
645 3182 855 3243 articulorumque
873 3181 948 3229 vitiis.

194 3313 226 3372 lu
253 3313 381 3373 manibus
409 3316 588 3394 pedibusque
623 3316 806 3376 articulorum
833 3316 901 3374 vitia
926 3314 1125 3391 frequentiora

133 3393 324 3476 longioraque
343 3407 422 3468 sunt;
440 3401 556 3478 quaein
573 3398 711 3477 podagris
728 3398 906 3477 chiragrisve
922 3416 988 3457 esse
1006 3413 1128 3456 consue-

131 3487 204 3535 runt.
228 3479 270 3539 lla
286 3498 353 3540 raro
370 3481 418 3541 vel
435 3490 593 3558 castratos,
609 3481 658 3540 vel
674 3499 780 3561 pueros
795 3491 861 3540 ante
875 3481 998 3541 feminae
1013 3480 1129 3556 coitum,
