2414 3924
190 220 195 227 ’
353 300 356 305 1
402 226 608 275 subortum
628 225 776 275 obsutum
1016 229 1107 306 mil

75 385 232 458 energiae
249 385 276 442 in
291 390 395 443 textum
409 385 570 455 migrarunt.
596 385 682 441 Vocis
698 386 769 440 mele
783 384 894 441 iteratio
910 387 980 442 bane
995 386 1106 458 opinio-

74 486 138 528 nesr
153 470 248 526 urnac.
335 461 402 538 *89‚
420 474 455 527 38
472 474 500 524 et
514 474 558 538 90,
574 477 587 526 l
606 484 661 523 con
677 469 808 542 desectio,
831 484 885 523 non
899 470 1029 540 dejectio,
1050 487 1104 526 non
1144 477 1147 483 '

71 554 239 627 proflumrtm
251 554 307 609 alui
318 551 381 623 suit,
395 550 467 610 bled.
479 551 502 620 l,
512 551 658 616 Vat.lllll;
677 567 732 607 oon
745 553 860 622 dejectio
874 568 929 608 non
938 553 1105 624 profluvium

73 638 131 693 etot
141 635 199 709 ferit
215 635 303 692 ceteri
319 634 413 704 codd„
430 633 624 706 editionesque
640 641 668 690 et
682 635 783 706 Targa,
800 634 847 705 qui
863 637 949 692 verba
969 653 1025 691 non
1034 653 1105 708 pro-

69 720 187 793 fluvium
203 718 368 791 expellenda
385 733 450 773 csse
464 723 569 773 censet.
602 718 632 773 ln
648 719 709 775 cod.
723 720 875 789 archetypo
894 720 1025 793 scriplum
1047 726 1107 777 erat

73 804 102 860 ni
127 802 212 858 lallor
234 800 364 872 desectio,
385 800 469 871 idque
489 816 538 855 seu
554 817 569 855 a
584 801 692 871 primo,
709 818 759 857 seu
781 803 814 857 ab
835 801 924 857 altero
946 804 1063 858 librario
1078 803 1106 857 in

72 900 172 944 rocem
192 884 306 954 dejectio
328 889 457 943 mulctum
479 888 531 939 est.
569 883 668 939 l’oslea
689 885 758 940 baec
778 900 833 940 vox
855 885 971 956 desectio
993 887 1021 940 in
1045 892 1106 942 tex-

72 976 129 1025 tura
149 968 229 1037 juxta
251 969 366 1024 alteram
389 967 517 1036 dejecte,
540 982 612 1036 quae
635 983 690 1022 non
714 984 794 1024 erasa
815 973 890 1037 erat,
916 974 1028 1040 recepte
1053 975 1105 1027 est.
1197 999 1203 1012 ·

71 1053 191 1123 Insuper
213 1052 379 1122 profluvium
405 1051 460 1105 elci
484 1049 652 1121 adscriptum
679 1051 788 1106 videtur
813 1051 847 1107 ad
873 1051 1106 1123 interpretandam

72 1149 172 1192 vocem
185 1134 309 1205 dejectio.
325 1161 368 1173 —
390 1131 486 1188 Nonne
501 1132 615 1203 desecto
630 1128 843 1207 (videbamini)
862 1134 908 1190 bio
925 1136 1015 1207 aptior
1031 1141 1108 1192 esset

72 1217 302 1289 quamdejeetto?
387 1222 431 1289 90,
448 1221 466 1274 9
481 1216 703 1286 decessioceoqne
717 1216 762 1286 [ut
780 1218 859 1272 eliud
871 1219 960 1274 morbi
969 1233 1055 1290 oenus
1071 1221 1106 1274 ai·

71 1302 253 1371 deriporrr'tj,
265 1299 364 1370 larga.
377 1329 414 1339 -
430 1299 522 1354 Verba
535 1304 567 1352 ut
576 1340 650 1353 .....
660 1303 755 1369 possit,
771 1302 912 1371 glossema
925 1307 968 1358 est
978 1303 1106 1359 suoloco

64 1389 190 1448 motum
215 1383 357 1456 pertinent
372 1382 443 1437 enim
460 1382 495 1437 etl
515 1398 548 1438 ea
570 1398 642 1452 qnae
665 1383 795 1454 leguntur
814 1384 833 1439 l.
853 1391 970 1444 lo—ll:
993 1391 1024 1441 ct
1036 1386 1110 1458 qued

70 1469 143 1523 icem
157 1472 198 1522 eet
211 1482 268 1522 non
281 1467 351 1522 idem
369 1480 427 1520 esse
442 1466 573 1520 metentur.
659 1472 702 1536 92,
717 1474 735 1527 3
744 1470 865 1538 pitueris,
883 1468 981 1538 Targa.
997 1497 1039 1508 —
1052 1471 1104 1539 pit·

71 1553 146 1606 tecto
167 1549 258 1613 edidi;
290 1564 394 1620 maone
415 1548 487 1605 eninr
508 1538 662 1603 πιττάκιον
684 1550 824 1607 scribitur.
923 1544 989 1622 ⁴¹93,
1005 1557 1107 1611 13-14

68 1633 256 1707 foetoremque
274 1632 418 1704 quemdum
447 1635 505 1686 orio
529 1647 608 1704 quem
637 1621 706 1705 ὅζην
735 1634 837 1690 Graeci
861 1640 970 1704 cocunt,
1001 1650 1105 1693 omnes.
1148 1675 1153 1682 -

72 1717 188 1786 „Verbo
204 1717 274 1771 baec
290 1716 324 1771 ab
341 1715 435 1786 aliquo
451 1716 541 1772 sciolo
557 1715 649 1773 addite
664 1717 799 1772 videntur.
831 1714 1010 1774 Mulierculae
1031 1718 1107 1774 aiunt

73 1815 109 1856 ex
125 1814 213 1872 pravo
230 1799 347 1871 quodam
362 1799 450 1854 odore
465 1815 545 1869 quem
555 1798 657 1870 aliquis
672 1801 706 1854 ab
720 1816 769 1855 ore
785 1800 862 1855 elllat
876 1817 907 1856 se
923 1803 1040 1855 noscere
1055 1801 1106 1855 bo-

72 1883 174 1938 minem
190 1881 380 1938 lebricitare“
397 1882 485 1950 Targa
502 1883 585 1952 idque
601 1886 688 1936 reete.
724 1890 870 1954 praeterea
891 1883 1038 1937 notandum
1054 1888 1105 1949 est,

73 1967 98 2021 si
116 1965 185 2021 tides
197 1965 323 2021 babendo
338 1963 481 2019 Thesauro
499 1966 606 2035 linquae
618 1981 671 2034 qr.
686 1966 757 2019 banc
773 1981 868 2021 vocem
887 1953 957 2035 ὅζην
974 1981 1106 2035 nusquam

74 2049 141 2105 alibi
156 2047 291 2119 reperiri:
303 2048 412 2124 ¹saltem
427 2048 602 2103 scribendum
618 2053 679 2102 erat
693 2036 808 2113 ὄζαινα·
827 2036 930 2113 ὄζαινα
945 2053 1034 2103 autern
1052 2063 1105 2102 uon

74 2132 134 2186 oris
155 2131 205 2186 sed
226 2131 286 2185 nasi
308 2132 380 2202 apud
405 2136 534 2186 auctores
554 2130 676 2185 Graecos
706 2132 841 2188 foetorem
864 2131 1008 2202 designat,
1034 2131 1105 2188 unde

72 2219 151 2285 patet
171 2214 335 2269 membrum:
366 2215 440 2285 quod
459 2228 545 2283 oenus
568 2213 669 2268 Graeci
692 2202 813 2280 ὅξαιναν
839 2216 980 2285 appellant
1005 2215 1091 2270 tollen
1121 2242 1124 2247 ·

73 2297 136 2352 (lum
159 2296 241 2351 etiem
262 2302 357 2368 cop.8
378 2296 426 2351 lib.
446 2297 498 2365 vl,
521 2313 548 2367 p.
568 2301 630 2365 244,
644 2302 694 2362 26;
731 2298 767 2353 ol.
785 2297 851 2368 vll,
873 2297 921 2367 li,
948 2313 974 2369 p.
995 2303 1057 2367 286,
1073 2305 1107 2361 19

73 2380 121 2435 nbi
143 2381 213 2435 baec
233 2394 290 2435 vox
310 2385 388 2435 recto
410 2385 567 2450 usurpatur.
661 2387 705 2450 93,
722 2389 753 2439 15
776 2383 891 2451 quotidie
911 2380 1046 2452 [pamm]
1067 2383 1104 2436 ci-

73 2464 136 2516 bum
154 2463 289 2529 dandum,
311 2462 410 2532 Targa.
433 2491 476 2500 —-
495 2462 559 2517 Vox
573 2479 675 2532 parum
697 2464 790 2533 inepte
814 2466 906 2520 addita
927 2470 986 2529 est;
1008 2464 1106 2520 Celsus

74 2547 146 2601 enim
162 2546 306 2617 praecepit
320 2561 374 2600 non
389 2544 436 2615 qui
454 2545 550 2600 modus
570 2545 642 2614 eibi,
657 2547 707 2601 sed
720 2563 773 2616 qno
789 2548 835 2603 dio
847 2548 967 2611 daudns;
993 2547 1106 2619 insuper

75 2644 207 2699 nusquam
227 2628 298 2682 dixit
315 2629 403 2682 α’ὸανν
419 2644 540 2697 parvum
558 2628 608 2682 sed
622 2631 768 2700 extonam:
790 2647 834 2685 ex.
850 2647 893 2700 gr.
910 2631 944 2699 ll,
960 2636 1003 2698 12,
1019 2647 1046 2701 p·
1061 2636 1105 2700 57,

73 2717 118 2770 28.
135 2739 177 2753 ·-
192 2711 228 2765 cl.
246 2717 335 2767 tamen
350 2728 421 2782 quae
438 2716 530 2766 notata
544 2716 608 2765 sunt
623 2711 657 2766 sd
672 2729 698 2783 p.
717 2719 775 2782 140,
791 2720 833 2771 24.
908 2719 952 2782 95,
965 2718 997 2771 ll
1013 2719 1043 2767 ut
1055 2713 1106 2768 boc

72 2793 162 2864 [ἐραν]
178 2795 288 2855 ordine·
305 2796 404 2864 Targa.
424 2823 461 2834 -
489 2794 552 2849 Vox
571 2795 630 2862 ν’ρεο
650 2795 772 2851 tollenda
790 2802 846 2860 est;
873 2797 942 2852 ordo
958 2795 1028 2850 enim
1051 2813 1105 2853 non

74 2875 267 2933 antecedentia
290 2878 340 2933 sed
365 2878 510 2947 sequentia
532 2883 649 2947 spectat.
735 2885 779 2948 95,
796 2885 831 2938 23
848 2885 960 2950 postero
981 2878 1025 2933 die
1046 2877 1108 2950 [qni

74 2960 176 3029 oach,
191 2959 296 3029 Targa,
318 2961 389 3015 bled.
406 2961 433 3029 1,
448 2961 509 3016 Vat.
526 2959 597 3014 Vlll.
616 2991 656 3002 ·-
678 2962 770 3017 Voces
786 2963 866 3018 uncis
885 2962 1010 3016 inclusae
1027 2968 1104 3017 certo

74 3041 187 3114 spuriae
203 3048 280 3105 sunt;
310 3043 371 3113 quis
388 3043 459 3098 eninr
481 3059 534 3098 nou
557 3043 689 3112 intelligit
709 3043 736 3097 in
753 3045 886 3113 tertiana,
903 3060 973 3114 quae
991 3060 1027 3098 ex
1045 3050 1104 3099 toto

74 3125 248 3193 intermittit,
270 3126 385 3182 alterurn
401 3128 473 3181 diem
495 3141 558 3181 esse
584 3119 742 3194 integrum?
773 3126 939 3196 Ceteroquin
963 3127 998 3181 cl.
1014 3126 1062 3194 Ill,
1078 3133 1103 3184 3.

75 3207 166 3263 Ceteri
193 3208 273 3263 codd.
297 3209 392 3265 verbis
417 3211 466 3279 qui
485 3214 566 3265 vacat
588 3208 789 3264 substituerunt
809 3225 861 3280 quo
882 3209 940 3263 cibo
960 3213 1053 3274 cacat,
1075 3215 1105 3262 ut

74 3291 249 3360 probabilior
264 3291 328 3346 iutle
344 3308 442 3348 sensus
458 3298 622 3361 emergeret.
693 3294 761 3358 97,1
778 3292 991 3359 subsistendum,
1004 3291 1102 3360 Targa.

75 3401 117 3413 -·
130 3375 277 3429 mundum
299 3390 315 3429 e
335 3376 416 3431 codd.
431 3376 502 3431 bled.
521 3375 532 3428 l
554 3380 581 3428 et
603 3375 664 3430 Vat.
681 3374 742 3428 Vlll
770 3375 909 3431 revocavi.
996 3380 1056 3434 100.
1071 3377 1105 3430 Μ

74 3455 140 3511 l’ost
156 3458 270 3514 verbum
290 3459 420 3515 inducunt
441 3459 469 3516 in
492 3456 617 3514 omnibus
638 3462 666 3512 et
684 3458 765 3514 codd.
782 3465 810 3513 et
827 3459 889 3514 edtl.
905 3458 1022 3530 legitur:
