2414 3924
393 209 461 255 LIB.
477 208 522 254 lv.
544 207 618 255 CAP.
640 208 712 258 XIX.

334 360 517 422 aarum
553 359 768 438 xrxtxnl.

319 479 356 527 De
374 477 482 528 coeliaco
501 478 633 527 ventriculi
652 477 747 527 morbo.

120 616 178 675 Sed
200 615 246 674 hie
267 613 380 692 quidem
401 612 517 672 morbus
541 623 570 673 et
586 623 687 673 acutus
701 624 760 690 est,
784 623 812 673 et
825 617 898 674 inter
913 617 1047 676 intestina

56 699 293 776 stomachumque
308 706 440 756 versatur
455 698 513 774 sic,
536 705 582 774 ut,
605 698 687 772 cnjus
704 699 881 776 potissimum
900 701 988 777 partis
1002 701 1047 776 sit,

32 802 114 846 anon
136 783 224 843 facile
243 782 301 853 ‘dici
325 781 435 859 possit;
467 783 496 839 in
516 781 606 858 ipsius
621 798 692 841 vero
710 782 860 841 ventriculi
875 792 959 862 porta
979 800 1052 842 con.

56 867 194 941 sistitis,
217 864 479 943 quilongusesse
504 866 668 924 consuevit:
697 857 864 936 κοιλιακός
888 884 904 925 a
928 865 1048 927 Graecis

56 951 217 1009 nominatur
233 948 287 1025 (oi.
306 966 369 1025 cap.
386 948 452 1026 21).
488 946 547 1006 Sub
565 948 622 1007 hoc
638 959 740 1008 venter
756 949 929 1026 indurescit,
951 949 1047 1008 dolor·

56 1052 112 1112 que
139 1034 202 1107 ejus
228 1042 288 1091 est:
319 1031 401 1091 alvus
426 1031 495 1090 nihil
521 1031 630 1108 reddit,
656 1050 691 1091 ac
716 1051 753 1090 ne
777 1033 907 1109 spiritum
933 1032 1047 1111 quidem

56 1117 233 1176 transmittit:
267 1123 413 1174 extremae
438 1115 729 1193 partesfrigescunt,
759 1115 915 1176 difficulter
930 1117 1048 1195 spiritus

21 1217 46 1257 ιο
59 1199 196 1259 redditur.
218 1197 484 1258 Commodissimum
500 1207 545 1256 est
560 1200 634 1257 inter
648 1200 725 1258 initia
740 1198 832 1259 calida
844 1200 1048 1279 cataplasmata

56 1293 117 1343 toto
139 1285 232 1342 ventri
254 1283 417 1361 imponere,
439 1290 469 1340 ut
490 1281 620 1341 dolorem
643 1282 765 1342 leniant:
794 1292 861 1361 post
883 1283 976 1343 cibum
996 1300 1047 1343 ιο-

56 1385 153 1441 mere,
177 1375 263 1444 atque
281 1367 318 1425 ita
335 1374 467 1424 ventrem
486 1367 648 1426 exinanire:
671 1367 811 1442 proximis
827 1366 930 1427 deinde
947 1366 1048 1426 diebus

58 1449 250 1509 cucurbitulas
270 1450 333 1508 sine
352 1449 432 1508 ferro
455 1450 548 1507 ventri
570 1458 598 1507 et
621 1451 703 1509 coxis
724 1449 898 1511 admovere:
919 1459 1048 1510 ventrem

57 1537 150 1612 ipsum
168 1533 278 1610 liquare
300 1532 366 1591 dato
390 1532 481 1607 lacte,
503 1541 531 1590 et
550 1533 617 1591 vino
634 1532 730 1610 salso,
750 1533 873 1609 frigidm
896 1535 920 1593 si
935 1542 1048 1610 tempus

23 1617 263 1695 mancipantur,
294 1616 377 1674 etiam
398 1614 537 1674 viridibus
558 1616 637 1674 ficis:
666 1618 708 1674 sic
729 1625 838 1693 tamen,
859 1634 895 1675 ne
917 1617 980 1694 quis
1001 1624 1048 1675 ant

58 1701 155 1776 cibus,
179 1709 225 1759 aut
248 1699 348 1758 humor
362 1701 512 1757 universus
527 1699 625 1774 detur,
651 1699 702 1757 sed
719 1700 861 1777 paulatim.
896 1699 976 1775 Ergo
995 1717 1047 1777 per

57 1783 209 1843 intervalla
232 1784 371 1860 temporis
393 1791 438 1841 sat
461 1791 506 1842 est
530 1781 650 1856 cyathos
668 1781 751 1842 binos
769 1792 906 1842 ternosve
923 1800 1048 1858 sumere,

57 1877 86 1927 et
105 1864 199 1926 cibum
213 1884 266 1944 pro
280 1868 414 1944 portione
426 1865 526 1939 hujus:
543 1865 752 1944 commodeque
764 1867 834 1925 iacit
846 1866 952 1941 cyatho
965 1866 1049 1925 lactis

59 1949 179 2024 cyathus
194 1967 285 2027 aquae
297 1951 416 2024 mixtus,
434 1957 463 2007 et
478 1951 521 2008 sic
535 1949 632 2007 datus:
653 1947 765 2027 cibique
779 1950 911 2008 inflantes
924 1957 953 2008 et
965 1966 1049 2008 acres

21 2057 48 2096 ιο
60 2034 192 2093 utiliores
214 2042 292 2101 sunt;
315 2032 390 2092 adeo
412 2041 441 2091 ut
462 2032 528 2091 lacti
550 2049 666 2109 quoqne
687 2042 768 2092 recte
784 2036 935 2092 contritum
954 2032 1049 2091 allium

58 2118 219 2192 adjiciatur.
242 2116 423 2176 Procedente
437 2132 508 2173 vero
521 2124 663 2194 tempore,
679 2133 752 2193 opas
765 2126 810 2175 est
821 2119 944 2193 gestari;
960 2118 1048 2174 maxi·

57 2219 161 2278 meque
179 2203 332 2276 navigare;
352 2199 504 2277 perfricari
519 2208 563 2258 ter
579 2207 626 2258 aut
643 2209 744 2276 quater
761 2199 807 2258 die
825 2202 884 2275 sic,
904 2208 933 2258 ut
948 2201 1049 2258 nitrum

59 2285 127 2344 oleo
148 2283 315 2357 adjiciatur;
343 2282 477 2360 perfundi
502 2300 574 2360 aqua
598 2282 692 2342 calida
715 2292 781 2363 post
810 2282 917 2352 cibum;
947 2282 1050 2342 deinde

59 2369 151 2445 sinapi
167 2369 315 2445 imponere
331 2384 384 2444 per
399 2367 491 2424 omnia
506 2366 651 2441 membra,
675 2375 800 2445 excepto
821 2368 932 2445 capite,
956 2366 1050 2425 donec

21 2468 48 2507 ιι
60 2451 228 2511 arrodantur
243 2460 271 2509 et
288 2448 422 2516 rubeant;
445 2452 624 2527 maximeque
642 2453 666 2508 si
685 2468 793 2528 corpus
808 2451 906 2509 durum
922 2458 951 2509 et
966 2449 1051 2508 virile

59 2544 121 2594 est:
153 2533 287 2610 paulatim
311 2533 415 2592 deinde
438 2533 587 2592 faciendus
610 2542 654 2592 est
679 2537 814 2594 transitus
835 2533 870 2593 ad
892 2553 944 2610 ea,
977 2551 1051 2610 quae

57 2627 187 2676 ventrem
205 2618 403 2694 comprimunt.
433 2615 509 2677 Assa
531 2634 599 2675 caro
619 2617 725 2690 danda,
743 2619 844 2677 valens
859 2627 887 2676 et
906 2635 978 2696 quae
994 2634 1050 2675 non

57 2700 145 2760 facile
168 2710 381 2778 corrumpatur:
404 2702 483 2778 potui
503 2718 573 2759 vero
596 2700 729 2777 pluvialis
746 2719 819 2778 aqua
836 2701 974 2775 decocta,
999 2698 1050 2758 sed

59 2802 132 2862 quae
148 2803 201 2861 per
215 2784 299 2843 binos
315 2793 450 2843 ternosve
467 2785 586 2857 cyathos
600 2781 720 2842 bibatur.
748 2785 778 2842 Si
790 2794 872 2843 vetus
885 2785 981 2842 vitium
994 2791 1049 2855 est,

21 2890 48 2929 so
59 2876 177 2946 oportet
194 2867 271 2926 laser
293 2885 376 2946 quam
400 2869 534 2944 optimum
550 2867 586 2925 ad
600 2867 709 2943 piperis
724 2866 944 2942 magnitudinem
962 2865 1049 2924 devo·

59 2969 140 3010 rare:
165 2951 256 3010 altero
279 2968 393 3028 quoque
411 2950 457 3007 die
473 2950 565 3006 vinnm
583 2948 698 3008 bibere:
722 2950 861 3008 interdum
879 2948 1049 3025 interposito

59 3034 124 3094 cibo
144 3033 276 3109 singulos
298 3034 353 3091 vini
369 3031 490 3105 cyathos
505 3029 640 3089 sorbere:
664 3050 701 3088 ex
719 3032 847 3090 inferiori
863 3039 945 3110 parte
960 3029 1050 3087 infun·

59 3119 130 3176 dere
154 3117 329 3195 pluviatilem
350 3112 492 3191 egelidam
513 3130 631 3189 aquam,
660 3115 838 3192 maximeque
863 3117 887 3172 si
914 3112 999 3171 dolor
1023 3111 1051 3168 in

59 3203 122 3259 imis
138 3199 266 3278 partibus
282 3206 420 3258 remanet.

66 3555 173 3593 CELSUS.
