2414 3924
391 214 459 263 nm.
471 215 523 263 111.
542 214 617 263 cue.
628 216 703 265 vrrs.
717 217 807 271 unx
1058 204 1095 267 ιιι

103 369 223 431 reticius
238 367 373 429 ostendit.
394 367 498 447 Neque
510 367 647 431 hercules
659 370 714 429 ista
725 371 834 431 coratio
849 387 925 432 nova
937 381 983 431 est
990 371 1027 452 ¹),
1043 389 1100 452 qua

103 471 177 513 nunc
191 452 304 532 quidam
318 452 438 513 traditos
452 452 507 512 sibi
522 470 644 531 aegros,
660 454 707 531 qui
721 451 774 513 sub
789 453 965 515 cautioribus
978 454 1101 517 medicis

102 534 304 612 trahebantur,
326 536 467 596 interdum
489 537 641 596 contrariis
655 535 791 596 remediis
812 546 922 598 sanam.
951 538 1100 617 Siquidem

103 617 177 699 apud
198 620 333 698 antiquos
347 636 463 697 quoque
476 627 543 679 ante
559 618 747 698 Herophilum
761 628 792 679 et
804 618 1025 699 Erasistratum,
1043 639 1100 683 ma·

80 703 238 782 tximeque
252 711 320 781 post
332 701 539 781 Hippocratem
553 703 606 762 fuit
616 701 704 763 Petro
721 701 849 781 quidam,
871 705 920 782 qui
935 704 1101 767 febricitan-

102 786 311 847 temhominem
329 784 376 846 ubi
391 795 563 863 acceperat,
577 785 673 846 multis
688 787 869 854 vestimentis
885 787 1054 866 operiebat,
1071 797 1101 849 ut

102 869 184 931 simul
199 869 327 930 calorem
341 871 503 947 ingentem,
515 870 649 947 sitimque
662 871 818 930 excitaret:
834 869 952 947 deinde,
968 872 1017 932 nbi
1031 890 1101 951 pau·

102 955 158 1015 lum
175 955 282 1013 remitti
295 960 435 1032 coeperat
449 951 556 1029 febris,
574 970 675 1031 aquam
690 951 824 1030 frigidam
839 956 920 1032 potui
936 953 1101 1032 dabatrac,

102 1039 128 1097 si
142 1046 273 1097 moverat
288 1035 437 1111 sudorem,
454 1035 631 1115 explicuisse
646 1053 679 1095 se
694 1053 814 1114 aegrum
824 1036 988 1112 indicabam
1004 1039 1029 1099 si
1042 1055 1101 1100 uon

67 1129 247 1197 removerat,
265 1119 330 1198 plus
346 1120 529 1198 etiamuquae
544 1118 668 1198 frigidae
683 1118 850 1197 ingerebat;
867 1130 896 1181 et
910 1130 967 1181 tum
983 1126 1102 1183 vomere

80 1200 83 1205 ’
103 1202 238 1280 cogebat.
269 1203 301 1263 si
318 1203 457 1264 alterutro
471 1202 557 1264 modo
576 1202 660 1263 febre
675 1201 866 1281 liberaverat,
887 1206 1018 1283 protinus
1035 1204 1102 1265 suil-

102 1288 158 1348 lam
168 1303 277 1364 assam,
293 1295 323 1346 ει
339 1287 433 1346 ninum
446 1286 552 1347 bomini
567 1285 669 1347 dabat:
691 1288 716 1346 si
731 1303 790 1346 non
804 1286 996 1365 liberaverat,
1013 1288 1102 1350 deco·

102 1369 210 1449 qnebat
230 1386 332 1448 aquam
352 1369 412 1430 sale
428 1368 544 1446 adjecto
559 1370 616 1450 (cf.
632 1368 688 1446 111,
705 1369 781 1448 24),
798 1387 924 1449 eamque
932 1371 1035 1433 bibere
1052 1388 1101 1449 co·

101 1453 206 1531 gebat,
227 1461 259 1512 nt
282 1453 426 1514 monendo
446 1462 577 1514 ventrem
598 1462 746 1533 purgaret.
775 1453 813 1514 Et
825 1455 898 1526 intra
914 1455 988 1516 baec
1010 1456 1103 1517 omnis

66 1555 92 1596 rc
104 1538 166 1613 eJ'us
182 1535 322 1597 medicina
339 1546 414 1606 eret;
434 1554 527 1615 eaque
541 1556 600 1598 non
614 1539 706 1596 minus
720 1545 803 1613 grata
817 1537 870 1598 fnit
882 1539 933 1615 iis,
947 1555 1021 1618 quos
1033 1538 1102 1617 Hip·

101 1622 232 1701 pacratis
248 1638 506 1697 successoresnon
520 1622 699 1690 refecerant;
718 1637 802 1698 quam
816 1638 892 1681 nunc
908 1631 953 1680 εει
967 1622 1010 1698 iis,
1029 1638 1102 1701 qnos

100 1702 253 1782 Herophili
273 1703 323 1763 vel
339 1703 506 1764 Erasistrati
520 1703 624 1764 aemuli
640 1703 687 1764 diu
703 1711 812 1763 tractos
827 1721 885 1764 non
901 1703 1101 1783 expedierunt.

28 1820 31 1825 ·
100 1787 203 1866 Neque
218 1786 286 1847 ideo
302 1795 396 1846 tamen
412 1804 470 1846 non
486 1796 531 1847 est
544 1788 696 1847 temeraria
710 1788 763 1846 ista
779 1787 935 1847 medicina:
958 1787 1024 1867 quia
1039 1785 1102 1866 plu·
1192 1793 1195 1798 '

100 1889 166 1947 res,
187 1871 213 1930 si
234 1871 365 1949 protinus
388 1887 404 1930 a
428 1870 580 1950 principiis
609 1871 743 1947 excepit,
764 1871 907 1930 interimit.
939 1869 997 1931 Sed
1017 1874 1102 1949 quum

64 1971 91 2012 so
102 1952 203 2014 cariem
223 1953 355 2013 omnibus
379 1954 536 2014 convenire
557 1953 761 2032 nonpossint,
785 1952 849 2013 fere
864 1969 937 2033 quos
953 1955 1027 2014 ratio
1043 1968 1102 2011 non

100 2037 237 2114 restituit,
259 2038 407 2097 temeritas
424 2035 548 2111 abjurat.
590 2037 705 2113 deoque
721 2036 861 2111 ejusmodi
880 2036 984 2096 medici
999 2034 1115 2104 melius,

100 2119 214 2181 alienos
235 2138 358 2197 aegros,
383 2138 467 2199 qnam
482 2138 552 2180 suos
567 2121 693 2180 nutriunt
711 2119 765 2199 (cf.
782 2118 840 2196 vl,
857 2120 891 2197 6,
911 2126 927 2186 s
945 2119 1011 2199 lo).
1043 2117 1102 2178 Sed

100 2211 146 2262 est
162 2204 363 2282 circumspecti
378 2220 494 2283 quoque
509 2204 647 2278 bominis,
665 2212 695 2263 et
708 2219 818 2264 novare
832 2203 994 2280 interdum,
1012 2211 1042 2262 et
1054 2219 1102 2261 au·

100 2304 173 2363 gere
188 2286 332 2364 morbum,
356 2296 385 2347 ει
400 2286 499 2347 febres
514 2288 693 2355 accendere;
708 2288 774 2366 quia
791 2288 983 2363 curationem,
999 2285 1048 2346 ubi
1062 2283 1101 2361 id,

64 2395 90 2434 ec
101 2369 179 2448 quod
196 2379 254 2446 est,
268 2387 325 2429 non
339 2371 456 2449 recipit,
472 2380 570 2450 potest
584 2371 718 2449 recipere
733 2369 761 2430 id
777 2369 855 2449 quoti
869 2371 993 2431 futurum
1009 2379 1064 2430 est.
1171 2439 1172 2442 Ἴ

463 2605 660 2666 CAPUT
701 2606 744 2666 X.

382 2720 482 2771 Curatio
496 2729 692 2787 symptomatum
705 2722 821 2772 febrium.

140 2870 405 2930 -Considerandurn
431 2873 515 2930 etiam
536 2879 597 2947 est,
619 2871 756 2930 febresne
781 2871 861 2931 solae
884 2873 954 2948 sint,
979 2889 1015 2930 an
1045 2869 1101 2929 alia

99 2972 216 3033 quoque
231 2953 276 3013 bis
291 2954 364 3013 mala
382 2954 535 3024 accedant:
550 2953 578 3012 id
594 2963 639 3013 est
654 2972 719 3013 num
735 2963 822 3033 caput
836 2954 949 3030 doleat,
967 2971 1033 3012 num
1048 2953 1100 3011 lin·

170 3133 191 3199 ¹)
210 3134 349 3184 Antonium
361 3134 459 3194 Musam
476 3133 588 3182 iudicare
604 3132 721 3193 videtur,
747 3134 791 3196 qui
808 3133 952 3197 Augustum
970 3132 1103 3182 corbaria

99 3203 222 3254 medicina
227 3205 344 3267 periculo
360 3204 467 3261 ememil,·
479 3209 506 3250 ut
519 3200 595 3250 tradit
612 3199 708 3250 Plinius
721 3200 765 3254 lib.
777 3199 873 3260 XXIX,
887 3214 942 3264 cap.
958 3201 981 3260 l,
998 3204 1059 3249 sect.
1074 3196 1104 3272 ⁶:

99 3278 124 3320 ει
138 3269 273 3322 Suetonius
285 3271 310 3318 in
322 3270 439 3336 Augusto
457 3284 512 3334 cap.
528 3267 576 3320 31:
595 3268 810 3328 distillationibus,
824 3269 943 3332 Jooinere
959 3268 1076 3326 nifiawst

99 3339 300 3403 desperationem
314 3340 449 3398 redactae,
468 3339 636 3394 controniano,
663 3343 687 3388 ef
703 3338 834 3401 ancipitem
851 3336 972 3386 rationem
987 3332 1064 3385 medat

98 3407 194 3457 subiit:
221 3410 281 3472 qaia
298 3408 384 3458 calida
398 3407 510 3469 fomenta
532 3421 589 3456 non¹
593 3406 737 3469 proderant
742 3441 751 3466 ,
773 3403 879 3470 trigidio
896 3405 984 3453 ermari
1001 3414 1064 3453 coac

99 3482 204 3526 auclore
221 3475 332 3528 Antonio
350 3475 437 3526 Musa.
