2414 3924
438 191 505 238 uua.
522 192 555 238 v,
579 190 654 239 ean.
670 191 743 239 nux.
1027 184 1085 244 175

91 355 170 402 vul.
192 359 329 420 squamae
350 345 425 404 aeris
451 363 479 422 p.
502 346 559 424 )·(.
582 360 652 405 xv1.
683 348 797 405 resinae
824 346 1031 408 terebinthinae
1055 368 1083 428 p.

92 427 150 506 )·(.
166 439 271 485 mxxv.
288 445 391 505 cerae,
410 437 439 487 et
454 429 518 487 sevi
533 429 579 488 vel
595 430 696 489 taurini
712 429 759 489 vel
773 430 890 505 hircini,
908 431 1085 507 singulorum

115 509 197 587 .)·(.
215 521 245 570 c.

93 529 112 590 p
160 593 208 654 16.
236 593 384 654 Hecataeo
403 612 520 674 quoquc
543 607 660 656 auctore
677 597 861 674 emplastrum
875 600 993 673 generis
1008 599 1084 672 ejus·

70 678 160 745 nalem
182 678 213 736 lit
235 696 273 738 ex
295 678 354 737 his:
378 678 495 755 galbani
512 699 540 759 p.
558 681 613 758 )·(.
629 695 666 740 11.
690 680 818 756 fuliginis
833 682 903 739 turis
920 699 948 759 p.
965 681 1019 758 )·(.
1036 695 1083 741 lv.

94 764 171 840 picis
186 779 215 840 p.
235 761 291 839 )·(.
308 775 354 820 vt.
374 780 475 839 cerae,
491 774 520 822 et
537 766 652 823 resinae
668 763 892 840 terebinthinae,
907 764 1084 840 singulorum

93 866 123 925 p.
138 844 196 925 )·(.
212 858 284 904 vlu.
302 844 405 924 quibus
419 847 533 925 paulurn
549 849 612 906 irini
628 850 764 924 unguenti
779 849 923 906 miscetur.

160 930 210 988 17.
237 928 404 1007 Valensque
420 929 455 990 ad
475 929 548 990 idem
564 932 748 1009 emplastrum
763 930 854 989 viride
871 931 1084 992 alexandrinum

93 1023 148 1073 est.
193 1012 287 1072 Habet
307 1013 438 1073 aluminis
459 1014 579 1075 scissilis
601 1033 629 1092 p.
651 1016 706 1094 )·(.
729 1028 801 1073 vl11.
827 1014 895 1074 salis
916 1016 1085 1075 ammoniaci

60 1099 287 1176 10p.)-(.VI11.
310 1115 335 1154 z.
360 1115 494 1174 squamae
517 1100 591 1159 aeris
615 1117 643 1177 p.
661 1100 716 1177 )·(.
736 1113 805 1157 xvl.
827 1098 976 1174 myrrhae,
1002 1101 1083 1175 turis,

93 1181 274 1258 singulorum
289 1199 319 1258 p.
335 1181 391 1259 )·(.
408 1195 505 1241 xvl11.
524 1201 610 1242 cerae
627 1201 655 1260 p.
671 1183 726 1262 )·(.
745 1194 796 1242 ct..
814 1184 927 1242 resinae
943 1183 1084 1262 colopho·

92 1267 194 1324 niacae
210 1273 257 1324 aut
274 1267 377 1341 pineae
394 1282 422 1342 p.
439 1266 492 1343 )·(.
510 1277 559 1326 cc.
575 1267 632 1326 olei
647 1266 804 1342 heminam,
829 1271 903 1326 aceti
918 1268 1083 1326 sextarium.

159 1347 207 1407 18.
248 1347 394 1421 Quaedam
418 1359 510 1408 autern
540 1360 604 1409 sunt
630 1351 786 1428 emplastra
813 1351 979 1428 exedentia,
1009 1368 1083 1429 quae

94 1423 205 1511 σηπτά
228 1431 332 1493 Gracci
356 1441 474 1491 vocant:
510 1435 594 1511 quale
616 1443 660 1493 est
684 1434 726 1511 id,
758 1434 833 1512 quod
859 1434 946 1493 habet
969 1438 1083 1494 resinae

61 1536 82 1576 ts
93 1514 320 1592 terebinthinae,
336 1515 463 1592 fuliginis
475 1519 560 1593 turis,
577 1518 754 1594 singulorum
770 1536 799 1596 p.
813 1537 837 1576 z.
855 1536 989 1595 squamae
1008 1520 1083 1577 aeris

93 1618 122 1678 p.
151 1598 251 1677 )·(.1.
282 1599 376 1658 ladani
403 1617 429 1677 p.
452 1601 506 1679 )·(.
528 1615 564 1660 11.
591 1601 719 1660 aluminis
745 1601 933 1676 tantumdem,
964 1618 1082 1678 spumae

93 1683 207 1759 argenti
223 1700 250 1760 p.
267 1682 323 1762 )·(.
340 1697 385 1741 lv.

159 1766 205 1828 19.
229 1766 321 1824 Exest
336 1767 419 1825 etiam
434 1766 620 1825 vehementer
637 1786 759 1845 corpus,
778 1777 864 1844 atque
883 1783 951 1824 ossa
967 1781 1083 1843 quoque

93 1847 231 1926 resolvit,
248 1858 277 1908 et
293 1859 564 1927 supercrescentem
579 1868 692 1909 carnem
709 1859 827 1909 coercet
842 1851 885 1924 id,
904 1848 980 1926 quod
996 1846 1084 1906 habet

56 1961 83 2000 20
95 1951 215 2012 spumae
236 1935 362 2010 argenti,
388 1952 523 2011 squamae
538 1934 613 1992 aeris
629 1935 725 1993 uncias
741 1933 884 2009 singulas,
906 1933 971 1989 nitri
988 1933 1084 2006 ignem

94 2035 152 2076 non
174 2019 302 2095 experti,
326 2017 430 2095 lapidis
443 2017 522 2097 assii,
536 2017 739 2077 aristolochiae
756 2036 784 2095 p.
802 2024 964 2089 sextantes,
988 2031 1084 2091 cerae,

53 2103 54 2107 ’
94 2103 209 2160 resinae
225 2100 449 2178 terebinthinae,
474 2103 559 2176 turis,
583 2102 640 2163 olei
659 2103 783 2175 veteris,
807 2100 953 2157 atramenti
970 2098 1083 2173 sutorii,

94 2184 165 2244 salis
185 2186 353 2243 ammoniaci
375 2202 403 2261 p.
421 2205 444 2244 s.
463 2186 607 2261 aeruginis
628 2203 712 2245 rasae
727 2204 755 2263 p.
773 2184 905 2257 bessem,
927 2183 1002 2241 aceti
1018 2180 1083 2240 scil-

94 2270 166 2328 litici
181 2268 336 2342 heminam,
355 2269 413 2327 vini
426 2270 529 2328 aminsi
545 2270 725 2328 tantumdem.

56 2379 82 2418 25
161 2351 211 2413 20.
233 2353 303 2411 Sunt
319 2354 402 2411 etiarn
418 2353 558 2412 adversus
573 2372 685 2413 morsus
700 2353 837 2432 quaedam
854 2347 1084 2415 accommodata;

95 2435 181 2512 quale
209 2444 253 2494 cst
273 2436 414 2511 Diogenis
437 2439 563 2512 nigrum,
591 2439 666 2516 quod
688 2438 775 2497 habet
796 2437 954 2510 bituminis,
985 2450 1082 2504 cerae,

93 2520 209 2578 resinae
222 2522 325 2596 pineae
337 2519 450 2594 aridae,
467 2521 644 2597 singulorum
659 2540 688 2599 p.
701 2522 752 2600 )·(.
766 2536 823 2580 xx.
841 2537 959 2598 spumae
973 2516 1084 2592 argenti

96 2621 123 2680 p.
147 2603 201 2679 )·(.
224 2615 253 2661 c.
278 2603 335 2661 olei
358 2605 521 2662 sextarium.
566 2603 624 2664 Aut
643 2607 670 2663 in
691 2623 747 2683 quo
768 2614 832 2663 sunt
852 2619 988 2681 squamae
1009 2600 1084 2658 aeris

95 2705 123 2764 p.
142 2686 196 2763 )·(.
214 2699 259 2744 1v.
282 2705 436 2760 cerussae,
460 2697 489 2745 et
503 2690 649 2765 aeruginis
665 2706 764 2762 rasae,
789 2688 966 2765 singulorum
983 2702 1011 2762 p.
1028 2683 1083 2761 )·(.

57 2782 170 2834 aovin.
194 2772 360 2829 ammoniaci
382 2772 559 2849 p,)·(.xl1.
585 2789 689 2847 cerae,
709 2773 823 2831 resinae
846 2774 963 2848 pineae,
987 2768 1083 2840 singu-

95 2852 187 2911 lorum
203 2872 230 2932 p.
247 2854 302 2931 )·(.
320 2867 401 2912 xxv.
418 2873 536 2931 spumae
553 2855 663 2930 argenti
682 2873 710 2932 p.
727 2856 782 2933 )·(.
801 2867 829 2914 c.
847 2854 904 2912 olei
919 2850 1083 2910 sextarium.

95 2935 153 2994 Ant
169 2938 196 2994 in
210 2955 266 3014 quo
278 2946 343 2995 sunt
359 2956 494 3015 squamae
507 2938 582 2997 aeris
599 2956 627 3015 p.
641 2939 695 3015 )·(.
708 2951 778 2996 xlv.
797 2936 912 3012 galbani
928 2952 955 3010 p.
969 2931 1024 3007 )·(.
1037 2942 1083 2987 Vl·

96 3038 248 3097 cerussae,
272 3030 301 3079 et
323 3023 469 3098 aeruginis
493 3039 594 3095 rasae,
617 3021 795 3096 singulorum
816 3039 843 3097 p.
861 3018 915 3094 )·(.
932 3025 1004 3072 v111.
1028 3028 1083 3068 am·

94 3105 216 3163 moniaci
241 3123 268 3182 p.
292 3106 347 3183 )·(.
363 3119 425 3165 xlt.
451 3124 551 3181 cerae,
578 3105 691 3163 resinae
713 3106 832 3182 pineae,
857 3095 1034 3176 singulorum
1055 3111 1084 3171 p.

57 3187 150 3264 35)·(.
167 3202 273 3248 xxxv.
286 3190 389 3267 Spuma
407 3191 520 3266 argenti
539 3189 737 3265 concoquitur.

158 3271 207 3330 21.
239 3273 364 3332 Rubrum
385 3292 499 3352 qnoque
515 3272 714 3352 emplastrum,
737 3269 813 3349 quod
829 3267 984 3344 Ephesium
998 3279 1085 3321 voca·

94 3365 156 3430 tur,
178 3356 233 3415 huc
258 3368 353 3435 aptum
375 3367 428 3417 est.
463 3358 558 3418 llabet
578 3359 692 3415 resinae
707 3351 915 3414 terebinthinae
932 3368 960 3427 p.
978 3344 1034 3426 )·(.
1049 3359 1085 3405 11.

95 3439 212 3514 galbani
235 3441 398 3519 p.)·(.1v.
421 3444 498 3501 minii
522 3441 644 3518 sinopici
669 3458 697 3518 p.
719 3437 775 3519 )·(.
797 3449 843 3495 vl.
868 3436 938 3493 turis
959 3430 1099 3534 fuliginis,
