2414 3924
279 192 312 242 s.
329 194 767 244 c.csns1unn1crrrsnum.
785 195 832 242 ιν.
849 194 924 242 cur.
940 196 962 243 1.
1057 182 1112 243 rm

117 358 151 410 ut
172 366 211 410 ex
231 358 316 428 parte
334 350 482 409 exteriore
498 367 617 427 aspera,
643 367 680 408 ex
697 350 850 424 interiore,
872 348 1013 409 stomachi
1029 349 1117 409 modo

118 434 214 495 laevis
241 432 295 492 sit:
319 450 413 511 eaque
437 432 619 492 descendens
641 431 677 493 ad
699 432 871 510 praecordia
894 450 957 491 cum
980 431 1117 508 pulmone

120 516 314 578 committitur.
358 515 387 575 ls
407 516 598 595 spongiosos,
626 516 750 594 ideoque
772 517 889 595 spiritus
913 533 1023 593 capax,
1049 525 1117 575 eta

118 611 205 677 tergo
231 600 332 678 spinae
353 600 409 678 ipsi
429 602 564 676 junctus,
593 601 621 657 in
641 600 712 660 duas
734 598 821 659 libras
843 599 968 676 ungulae
992 597 1116 659 bubulae

94 687 207 747 smodo
222 683 366 743 dividitur.
401 683 472 742 lluic
489 700 540 742 cor
555 701 696 743 annexum
712 692 772 760 est,
797 693 897 743 natura
911 683 1116 756 musculosum,

119 772 148 830 in
173 776 297 846 pectore
325 765 377 826 sub
406 767 585 827 sinisteriore
611 785 730 827 mamma
757 769 853 834 situm;
881 766 1011 845 duosque
1034 766 1118 844 qussi

119 850 298 912 ventriculos
316 849 413 909 babet.
438 850 477 909 m
493 850 546 910 sub
563 850 651 911 corde
666 860 754 928 atque
769 851 905 928 pulmone
921 860 1117 910 transversum

121 954 159 996 ex
175 934 271 995 valida
286 934 452 994 membrana
471 944 585 1012 septum
602 944 661 1011 est,
683 935 759 1012 quod
777 953 794 994 a
811 934 991 1012 praecordiis
1006 941 1118 993 uterum

122 1020 222 1100 (idest
237 1019 387 1096 ventrem)
403 1017 523 1086 diducit;
539 1019 627 1097 idque
640 1035 811 1094 nervosum,
827 1017 922 1077 multis
934 1019 1018 1076 etiam
1034 1018 1118 1076 venis

85 1120 111 1162 ro
122 1121 175 1182 per
189 1100 217 1161 id
230 1101 471 1178 discurrentibus,
490 1119 506 1160 a
522 1103 674 1179 superiore
687 1111 784 1179 parte,
801 1118 858 1160 non
871 1101 962 1160 solum
973 1101 1117 1176 intestina,

122 1187 175 1246 sed
191 1187 277 1263 jecur
301 1203 417 1264 quoque
438 1186 602 1262 lienemque
622 1185 769 1245 discernit.
814 1184 894 1244 llaec
913 1186 1027 1244 viscera
1049 1201 1117 1262 pro·

121 1273 212 1347 xime,
228 1268 280 1328 sed
298 1268 369 1329 inira
386 1278 480 1328 tamen
493 1271 603 1345 posita,
620 1271 721 1329 dextra
737 1270 909 1346 sinistraque
925 1277 998 1327 sunt.
1028 1267 1118 1328 Jecur

122 1374 138 1415 a
157 1355 258 1413 dextra
279 1362 361 1431 parte
378 1352 430 1412 sub
447 1352 628 1430 praecordiis
643 1352 679 1412 ab
698 1354 762 1431 ipso
781 1360 867 1430 septo
884 1369 995 1428 orsum,
1019 1352 1116 1411 intrin-

123 1456 209 1498 secos
231 1454 348 1511 cavum,
375 1438 557 1496 extrinsecus
578 1437 711 1513 gibbum:
733 1436 810 1514 quod
831 1438 996 1513 prominens
1013 1436 1118 1495 leviter

88 1537 113 1578 1⁵
122 1519 285 1581 ventriculo
299 1520 420 1595 insidet,
436 1528 465 1579 et
479 1521 506 1577 in
522 1529 644 1598 quatuor
655 1520 742 1580 libras
756 1520 900 1579 dividitur.
922 1519 968 1578 En
979 1520 1117 1578 inferiore

122 1622 194 1665 vero
218 1612 301 1682 parte
325 1605 351 1662 ei
372 1603 413 1663 iel
434 1603 575 1663 inhaeret.
620 1603 761 1663 burienis
783 1604 915 1679 sinistra,
942 1620 998 1660 non
1023 1603 1118 1661 eidem

122 1697 225 1766 septo,
256 1686 308 1746 sed
331 1688 465 1746 intestino
492 1688 613 1746 innexus
637 1697 697 1758 est,
727 1697 825 1747 nature
851 1686 947 1746 mollis
974 1695 1003 1744 et
1024 1703 1117 1760 rarus,

122 1772 308 1848 longitudinis
325 1769 579 1848 crassitudinisque
594 1770 740 1847 modicae;
764 1771 847 1847 isque
863 1769 976 1848 paulum
994 1786 1009 1826 a
1024 1777 1117 1828 costa-

121 1874 183 1915 rum
205 1855 327 1931 regione
348 1856 377 1913 in
391 1863 504 1915 uterum
521 1854 685 1928 excedens,
709 1871 745 1912 ex
760 1855 880 1912 maxima
900 1862 983 1930 parte
1001 1850 1054 1911 sub
1074 1851 1118 1910 bis

85 1938 264 2003 reconditur.
303 1937 399 2017 Atque
423 1938 495 1997 haec
521 1937 634 2013 quidem
651 1939 751 2012 juncta
767 1944 840 1994 sunt.
875 1935 972 1995 Renes
989 1951 1060 1994 vero
1075 1934 1118 1994 di·

122 2024 215 2090 versi;
240 2023 287 2099 qui
310 2022 411 2081 lumbis
433 2021 485 2079 sub
507 2021 569 2080 imis
592 2022 680 2079 costis
702 2021 868 2096 inhaerent,
892 2028 1005 2096 aparte
1022 2036 1119 2077 earum

122 2107 253 2181 rotundi,
273 2105 308 2165 ab
325 2106 416 2164 altera
434 2106 547 2170 resimi;
570 2106 661 2182 quiet
679 2105 780 2162 venosi
797 2112 878 2178 sunt,
896 2113 924 2161 et
940 2101 1119 2161 ventriculos

122 2190 246 2263 habeut,
264 2199 293 2248 et
305 2190 409 2248 tunicis
424 2185 715 2266 superconteguntur.
728 2223 770 2234 -
785 2187 830 2246 Ac
846 2189 989 2246 viscerum
1005 2185 1119 2264 quidem

123 2274 177 2332 hae
204 2274 291 2332 sedes
315 2282 388 2331 sunt.
424 2273 597 2332 Stomachus
618 2289 705 2350 vero,
730 2274 778 2349 qui
800 2272 998 2330 intestinorum
1013 2269 1118 2348 princi-

88 2376 115 2415 rs
126 2358 201 2435 pium
223 2366 284 2430 est,
307 2372 449 2415 nervosus
464 2374 479 2414 a
497 2359 617 2434 septima
633 2358 733 2435 spinae
751 2354 887 2414 vertebra
904 2355 1018 2432 iucipit;
1042 2353 1120 2412 circa

126 2440 298 2518 praecordia
319 2458 381 2499 cnm
404 2441 565 2500 ventriculo
588 2441 778 2500 committitur.
814 2437 998 2498 Ventriculus
1016 2447 1119 2512 autem,

127 2523 174 2601 qui
197 2523 413 2601 receptaculum
439 2523 493 2582 cibi
517 2534 579 2600 est,
608 2532 721 2583 constat
743 2542 780 2582 ex
802 2522 913 2582 duobus
938 2520 1119 2598 tergoribus:

126 2608 208 2684 isque
228 2608 302 2665 inter
324 2607 428 2666 lienem
446 2616 474 2666 et
485 2609 570 2682 jecur
585 2610 695 2685 positus
714 2616 774 2682 est,
796 2617 920 2685 utroque
939 2624 976 2665 ex
990 2606 1033 2665 bis
1051 2621 1118 2681 pau·

126 2690 182 2748 lum
209 2708 297 2767 super
325 2709 388 2749 eum
414 2691 608 2766 ingrediente,
651 2693 779 2768 Suntque
800 2692 883 2748 etiam
905 2686 1119 2749 membranulae

90 2788 115 2828 ro
127 2783 244 2848 tenues,
267 2792 320 2850 per
340 2793 411 2853 quas
433 2776 553 2832 intense
568 2775 620 2832 tria
637 2774 691 2832 ista
707 2782 931 2847 connectuntur,
949 2775 1119 2847 junguntur·

125 2874 181 2933 que
199 2857 226 2914 ei
242 2867 344 2934 septo,
363 2857 440 2936 quod
457 2866 651 2916 transversum
668 2874 735 2915 esse
752 2856 949 2932 supraposui.
981 2853 1050 2912 lnde
1065 2853 1120 2909 ima

124 2940 277 2999 ventriculi
298 2959 366 3018 pars
390 2940 504 3018 paulum
528 2941 555 2996 in
570 2939 765 2998 dexteriorem
782 2947 893 3014 partem
912 2953 1069 3009 conversa,
1093 2934 1120 2990 in

126 3017 261 3082 summum
279 3025 440 3083 intestinum
459 3022 661 3100 (duodenum)
679 3029 834 3081 coartatur.
866 3019 946 3077 Hanc
959 3021 1121 3094 juncturam

125 3099 286 3186 πυλωρόν
297 3107 401 3168 Graeci
418 3115 539 3179 vocant,
557 3105 689 3182 quoniam
705 3112 808 3181 portae
823 3103 909 3161 modo
926 3104 953 3160 in
967 3099 1121 3159 inferiores

91 3200 224 3268 asportes
246 3210 298 3267 ea,
326 3209 399 3268 quae
422 3190 566 3249 excreturi
589 3206 704 3263 sumus,
733 3186 841 3245 emittit.
874 3184 919 3243 Ab
942 3202 976 3243 ea
993 3183 1121 3257 jejunum

126 3275 288 3334 intestinum
310 3277 423 3352 incipit,
450 3291 506 3332 non
528 3273 566 3331 ita
588 3272 771 3348 implicitum:
802 3271 847 3327 cui
870 3266 929 3326 tale
949 3263 1121 3328 vocabulum

127 3368 187 3434 est,
212 3360 277 3437 quia
293 3376 459 3435 numquam,
482 3355 559 3434 quod
575 3356 694 3432 accipit,
717 3352 858 3420 continet;
879 3350 931 3409 sed
947 3349 1077 3427 protinus
1094 3349 1122 3405 in

127 3442 281 3501 inferiores
297 3450 394 3519 partes
410 3441 581 3501 transmittit.
615 3438 684 3498 lude
701 3437 812 3496 tenuius
831 3435 992 3494 intestinum
1012 3440 1080 3509 est,
1095 3431 1123 3490 in
1199 3501 1201 3505 ,
