2414 3924
409 588 450 686 u.
480 611 725 687 cononum
753 559 901 687 ouusr

264 783 534 865 nautum
568 782 774 862 LIBER
817 781 1045 863 Nouus

615 953 694 992 IDEM

401 1080 660 1146 MEDIOINAE
687 1079 907 1159 QUARTUS.

578 1244 739 1254 .-————-

536 1404 719 1464 CAPUT
752 1405 778 1463 Ι.

355 1528 392 1577 De
408 1527 511 1576 humani
526 1526 639 1591 corporis
658 1525 818 1575 interioribus
835 1527 957 1591 partibus.

220 1680 365 1739 Hactenus
382 1679 565 1757 reperiuntur
580 1696 615 1737 ea
630 1695 739 1754 genera
753 1676 934 1754 morborum,
952 1696 1026 1755 quae
1042 1679 1154 1738 intotis

158 1763 332 1846 corporibus
353 1764 392 1821 ita
414 1771 495 1838 sunt,
518 1771 549 1821 ut
569 1762 603 1820 iis
625 1770 725 1821 certae
748 1761 834 1819 sedes
855 1762 996 1837 assignari
1011 1778 1068 1820 uon
1084 1778 1153 1840 pos·

160 1849 230 1907 siut:
264 1865 338 1906 nuno
362 1847 398 1905 tle
418 1847 453 1904 iis
474 1845 581 1920 dicam,
611 1863 684 1922 quae
707 1853 771 1903 suot
792 1847 820 1903 iu
843 1844 981 1921 partibus.
1025 1843 1153 1904 Facilius

159 1941 253 1991 autem
274 1933 396 1990 omnium
417 1931 585 1990 interiorum
605 1928 696 1987 morbi
725 1931 946 2006 curationesque
972 1930 1000 1986 iu
1025 1930 1175 1988 notitiams

158 2017 292 2091 veuieut,
316 2017 341 2072 si
364 2014 442 2091 prius
468 2031 566 2072 eorum
590 2013 677 2072 sedes
698 2013 826 2070 breviter
846 2012 1014 2070 ostendero.
1058 2010 1152 2090 Caput

159 2099 261 2175 igitur,
289 2116 400 2176 eaque,
427 2116 502 2175 quae
526 2099 553 2154 in
574 2113 625 2154 ore
649 2105 728 2171 sunt,
757 2114 814 2156 non
834 2095 932 2171 lingua
955 2096 1151 2155 tantummodo

137 2175 314 2260 'palatoque
338 2181 538 2249 terminantur;
569 2179 622 2238 sed
649 2180 732 2238 etiam
760 2188 901 2258 quatenus
925 2178 1018 2238 oculis
1044 2181 1151 2238 nostris

160 2266 292 2341 exposita
306 2273 379 2322 sunt.
403 2262 435 2321 ln
448 2264 548 2322 dextra
567 2264 737 2340 sinistraque
754 2265 831 2322 circa
847 2271 943 2339 guttur
957 2281 1050 2322 venae
1065 2281 1151 2339 gran·

160 2348 227 2422 des,
249 2365 323 2423 quae
346 2343 537 2425 σφαγίτιὸες
558 2347 750 2413 nominantur;
774 2349 900 2424 itemque
917 2347 1056 2422 arteriae,
1080 2364 1186 2424 quasto

159 2426 343 2509 καρωτίὸας
354 2438 476 2504 vocant,
494 2430 812 2507 sursumprooedeutes
825 2429 899 2489 ultra
913 2449 998 2502 aures
1009 2429 1149 2489 feruutur.

159 2511 240 2571 Atio
257 2514 326 2589 ipsis
344 2512 506 2571 cervicibus
522 2513 675 2589 glandulae
691 2514 803 2591 positae
820 2522 900 2590 sunt,
920 2531 993 2591 quae
1008 2513 1150 2573 interdum

160 2614 221 2654 cum
239 2596 341 2655 dolore
356 2598 554 2655 intumescunt.
585 2596 696 2656 Deinde
713 2596 769 2655 duo
786 2598 886 2655 itinera
905 2599 1056 2675 incipiunt:
1077 2597 1150 2656 alte·

158 2699 218 2738 rum
249 2697 394 2757 ceperam
427 2680 576 2740 arteriam
606 2682 763 2748 nominant:
804 2681 922 2739 alterum
949 2681 1149 2741 stomachum.

158 2763 273 2822 Arteria
292 2764 419 2822 exterior
439 2764 475 2823 ad
497 2764 675 2841 pulmonem;
697 2763 862 2823 stomachos
883 2766 1002 2823 interior
1023 2765 1058 2823 ad
1079 2783 1185 2823 ven-rs

157 2846 289 2906 tricolum
304 2847 409 2906 iertur:
425 2848 474 2907 illa
491 2849 634 2926 spiritum;
649 2848 696 2907 hic
710 2848 803 2906 cibum
816 2849 929 2925 recipit.
941 2842 1052 2915 Quibus
1067 2865 1152 2925 quum

159 2930 292 2989 diversae
316 2932 379 2990 viae
405 2933 476 3007 siut,
498 2950 553 3010 qua
577 2940 697 3008 coeunt,
718 2933 823 3007 exigua
846 2933 874 2989 in
890 2933 994 2991 arteria
1010 2930 1062 2989 sub
1077 2932 1171 3007 ipsis·

106 3088 109 3093 ι
158 3014 288 3074 lancibus
305 3014 399 3091 lingua
416 3024 476 3089 est,
494 3034 585 3093 quae,
608 3034 693 3094 quum
712 3016 866 3091 spiramus,
886 3013 1039 3080 attollitur;
1063 3033 1149 3092 quum

159 3098 251 3157 cibum
269 3101 474 3177 potionemque
490 3101 675 3174 assumimus,
693 3100 826 3157 arteriam
839 3099 954 3158 claudit.
976 3097 1149 3177 lpsaautem

158 3183 262 3240 arteria
280 3182 348 3242 dura
364 3192 393 3241 et
409 3183 612 3259 cartilaginosa
628 3185 654 3240 iu
671 3192 785 3258 gutture
801 3183 941 3258 assurgit;
962 3181 1068 3241 ceteris
1083 3199 1184 3258 par-ao

158 3264 233 3324 tibus
254 3265 363 3324 residit.
403 3264 522 3325 Constat
542 3286 578 3325 ex
599 3266 715 3325 circulis
739 3265 906 3342 quibusdam
929 3266 1097 3343 compositis
1114 3265 1151 3324 ad

158 3348 307 3424 imaginem
323 3367 420 3408 earum
436 3349 649 3424 vertebrarum,
667 3367 741 3428 quae
757 3351 784 3406 in
800 3350 881 3427 spina
895 3359 973 3408 sunt:
990 3350 1027 3407 ita
1042 3358 1149 3426 tamen,
