2414 3924
119 239 204 290 XXVI
445 234 647 285 unisonum
668 232 818 284 curules.

120 397 154 454 ad
166 393 330 466 suspirium,
345 394 390 449 vei
402 395 571 464 dyspnoeam
584 393 773 464 depellendam
786 396 877 466 puimo
890 392 996 466 vulpis,
1012 392 1058 449 vei
1067 392 1150 461 jecur

119 482 146 534 iu
161 480 215 535 otta
226 478 305 548 fictili
321 481 460 548 exustum,
487 483 569 547 atque
591 477 625 531 ad
647 474 769 528 cinerem
789 477 960 532 redactum.“
990 474 1085 547 Itaque
1109 475 1150 532 si-

119 577 202 633 guum
220 559 410 630 interrogandi
430 560 589 631 postserra
603 557 722 631 positum
738 558 810 616 dele.
898 563 958 628 137,
973 564 989 618 7
1005 558 1148 615 Sumbrui-

119 660 227 715 narum‚
241 643 329 713 Targa
339 658 399 697 eum
412 643 471 698 iere
487 643 612 697 omnihus
627 640 724 704 codd.;
738 669 779 682 -
796 641 1017 697 Simbruirmrum
1030 640 1149 714 scripsi:

119 729 155 784 ei}
168 727 253 782 Tacit.
264 726 363 781 Annei.
375 725 422 793 XI,
435 732 468 784 13
484 731 511 779 ei
522 725 594 794 XIV,
609 729 651 781 11.
740 730 827 795 138,6
841 723 905 795 [Et]
913 726 1032 791 britium,
1050 725 1149 794 Targa.

119 841 161 853 -
177 808 311 866 Partieuia
327 813 352 862 et
366 808 520 863 redundare
536 807 660 875 videtur,
678 812 708 860 ui
722 807 811 877 Targa
829 812 912 863 notat.
946 806 948 811 ’
998 802 1084 875 *133
1101 813 1148 871 10;

119 900 180 962 139,
195 898 245 955 1ος
262 896 320 960 140,
334 896 368 950 31
382 892 467 946 verba
485 877 667 960 πλενριτικός
680 919 722 930 -—
737 880 1004 964 ονεριπνευμονικόν
1016 920 1058 930 -
1070 877 1150 960 ἡπα-

120 966 204 1031 raude
215 976 342 1030 mutanda
354 978 427 1043 suut,
442 974 470 1029 ui
485 974 578 1042 fallor,
595 973 622 1028 in
636 972 784 1048 πλευρῖτις
795 1003 836 1014 -
847 969 1097 1048 περιπνευμονίαν
1107 1004 1150 1016 -

119 1046 265 1132 inarime.
319 1103 322 1108 .
349 1052 433 1126 1139,
447 1062 465 1114 4
478 1057 576 1112 danda·
587 1058 641 1110 sint
656 1048 815 1112 curatione
829 1057 887 1124 [ael
899 1058 1027 1129 adjectae
1039 1059 1096 1128 uei]
1111 1059 1149 1111 ie-

119 1149 198 1199 aatae
212 1142 299 1213 febris
314 1139 459 1210 apparebit
469 1179 475 1192 .
536 1155 597 1194 cum
613 1145 760 1208 adtamen,
777 1140 877 1210 Terga.
889 1169 931 1183 -
944 1141 1007 1196 Vox
1022 1141 1150 1210 adjectae

119 1227 165 1282 hic
180 1230 328 1280 monstrum
343 1229 401 1292 em,
426 1230 456 1277 ut
468 1223 525 1292 jam
545 1223 649 1278 monuit
666 1223 812 1278 Lindenius
831 1225 877 1294 qui
898 1225 1032 1279 adauctae
1050 1225 1149 1294 legere

116 1309 211 1378 juben
235 1307 286 1363 sed
301 1322 353 1361 uec
367 1307 492 1376 adjectae
506 1322 558 1360 nec
572 1307 706 1370 adauctae
721 1305 843 1361 retinere
858 1308 944 1363 voiui.
974 1306 1061 1372 Quum
1076 1307 1149 1360 enim

121 1391 218 1447 Celsus
229 1389 313 1459 dieat,
329 1389 428 1458 quibus
441 1389 610 1460 temporibus
623 1388 678 1444 cibi
692 1388 773 1444 daubi
790 1389 855 1458 siut,
872 1407 908 1444 ex
919 1390 1027 1453 ratione
1039 1390 1149 1445 levatae

121 1473 207 1529 febris
220 1489 366 1544 apparere,
380 1488 485 1543 eosque
498 1473 526 1526 iu
538 1472 653 1527 maximo
669 1472 835 1527 remissione
849 1473 955 1528 dandos
968 1488 1030 1528 esse
1039 1472 1149 1541 Jubeat‚

120 1559 213 1628 inepte
225 1555 403 1624 'interjiceret
424 1572 474 1610 seu
495 1557 538 1610 eet
555 1556 680 1625 adjectae
703 1571 752 1610 seu
768 1557 811 1610 eet
823 1556 965 1612 adauctae.
1001 1555 1148 1610 Praeterea

121 1640 268 1696 notandum
283 1644 328 1694 est
340 1653 424 1694 voces
439 1641 483 1708 uei
491 1638 618 1709 adjectae
628 1639 671 1694 aei
684 1638 711 1692 iu
724 1639 785 1694 eod.
798 1643 868 1698 7018
879 1638 1044 1694 desiderari.
1073 1638 1101 1692 iu
1114 1654 1149 1693 eo

120 1723 192 1779 enim
209 1722 325 1793 legitur:
346 1723 439 1776 danda
455 1725 509 1776 sint
521 1722 671 1793 usquedum
683 1724 783 1778 leuatae
792 1721 881 1793 febris
892 1710 1036 1793 apparebit
1046 1737 1110 1776 cum
1119 1737 1149 1790 eo

120 1813 209 1862 tamen
225 1812 268 1872 ut,
290 1805 401 1862 omissis
417 1806 512 1862 verbis
527 1808 567 1860 sic
580 1813 610 1861 nt
700 1805 813 1865 dentur,-
838 1822 908 1875 quae
928 1822 963 1860 ex
979 1807 1149 1875 glossemate

120 1889 277 1962 explicandi
291 1905 372 1946 eausa
385 1889 477 1945 addita
492 1889 627 1946 videntur.
687 1885 816 1957 *14014
826 1905 931 1958 puram
943 1903 1044 1954 aerem,
1059 1888 1149 1957 Targa

121 1980 149 2029 et
164 1989 227 2044 ego.
244 2003 286 2012 —
305 1973 364 2029 iioc
379 1978 467 2028 autem
484 1973 650 2028 locodenuo
665 1971 904 2043 perlustratores
917 1989 1052 2042 paruum,
1070 1988 1150 2042 quum

121 2058 253 2112 exhibent
271 2056 352 2111 codd.
369 2055 440 2110 Med.
458 2056 480 2125 1,
496 2056 632 2111 11117111
647 2061 675 2110 et
689 2059 768 2124 7018,
786 2070 856 2108 nunc
872 2056 1064 2127 anteponenda
1083 2055 1148 2110 mihi

104 2153 107 2159 ·
121 2140 253 2195 videtum·
269 2138 303 2193 ei.
317 2145 405 2193 tumen
419 2154 489 2208 quae
503 2144 594 2194 notata
607 2144 670 2193 sunt
686 2138 719 2193 ad
736 2154 764 2208 p.
778 2144 821 2206 93,
836 2146 876 2196 15.
931 2133 1015 2206 *uin
1029 2144 1061 2197 16
1078 2138 1150 2193 seri-

121 2222 237 2276 bendum
254 2227 297 2276 est
314 2221 503 2291 intubique-es
520 2222 624 2289 eadem,
644 2222 719 2275 betae
738 2235 776 2275 ea
791 2223 898 2291 sinapi,
920 2236 1091 2291 asperaque,
1111 2227 1150 2279 et,-

120 2305 157 2359 ci.
174 2304 242 2358 Piiu.
261 2302 334 2371 XIX,
351 2310 417 2372 133,
435 2304 481 2360 ubi
499 2304 615 2374 iegitur:
638 2345 672 2373 „.
686 2345 708 2358 ..
723 2310 753 2357 ut
768 2304 869 2359 leuitas
882 2301 996 2378 (betae)
1012 2304 1151 2359 excitetur

119 2386 271 2442 acrimonia
286 2386 425 2456 sinapis.“
499 2393 557 2456 141,
568 2394 602 2446 30
617 2389 664 2441 Fit
680 2402 717 2441 es
731 2393 866 2457 unquento
881 2393 907 2442 et
915 2388 1050 2457 palmulis
1064 2386 1152 2457 [quod

120 2457 327 2542 μυροβάλανον
341 2469 442 2524 Graeci
451 2473 569 2541 vocantJ,
585 2471 736 2540 Terge—
753 2469 830 2536 Quae
845 2472 930 2526 verba
948 2471 1026 2525 uncis
1042 2470 1150 2525 inclusa

121 2559 184 2608 suut
207 2553 251 2607 vel
275 2551 392 2622 reliquis
418 2553 632 2622 glossematibus
661 2553 814 2625 ineptiora,
845 2560 874 2608 ut
897 2554 985 2623 Targa
1013 2553 1075 2624 ipse
1100 2555 1150 2609 do-

121 2637 185 2690 cuit.
271 2630 354 2704 *143‚
369 2642 472 2695 31-31
493 2637 592 2691 verbs:
613 2637 689 2707 Erpa
705 2651 735 2691 eo
753 2639 860 2691 nomine
876 2638 997 2692 morbum
1011 2636 1085 2695 bunc
1101 2652 1149 2707 χο-

121 2712 206 2788 λέραν
219 2720 320 2774 Gracci
334 2721 522 2786 nominarunt,
539 2726 602 2775 sunt
616 2720 681 2774 mihi
696 2720 777 2774 vaide
793 2725 929 2791 suspecta.
959 2713 1062 2791 χολέροι
1079 2721 1150 2774 enim

121 2818 175 2857 nou
200 2820 214 2858 a
240 2790 310 2874 χολή
336 2803 386 2857 sed
408 2820 422 2857 a
446 2793 532 2875 χολοὲς
557 2803 686 2875 provenit
707 2801 760 2877 (ci.
783 2803 865 2857 Alex.
885 2803 968 2858 Traii,
986 2803 1051 2871 vii,
1067 2808 1100 2861 14
1123 2811 1151 2857 ei

23 2941 24 2944 ,
121 2884 197 2946 Orib.
216 2885 286 2940 ’1.11
308 2903 336 2957 p.
351 2881 433 2959 830);
465 2888 635 2958 temporibus
653 2886 837 2942 tautummodo
859 2886 904 2940 vei
927 2885 1086 2941 recentibus
1106 2888 1150 2940 vei

120 2969 319 3025 recentissimis
345 2984 416 3024 voce
439 2964 543 3042 χολέρυ
573 2987 621 3025 seu
651 2985 701 3041 pro
729 2969 802 3039 bile,
829 2985 878 3023 seu
905 2985 956 3041 pro
987 2968 1053 3024 biiis
1081 2968 1150 3022 eiiu-

120 3052 200 3108 sioue
219 3054 262 3108 usi
284 3057 356 3109 sunt.
466 3058 556 3123 144,7
579 3055 611 3108 ab
631 3055 716 3120 omni,
737 3053 842 3122 Terga,
868 3053 939 3108 haud
963 3051 1046 3108 dubie
1069 3058 1151 3121 typo-

120 3137 254 3192 thetarum
268 3126 424 3208 oedipum.
452 3137 558 3208 Scripsi
573 3137 606 3192 ab
621 3139 694 3192 omni
706 3153 765 3190 cum
777 3135 858 3191 codd.
875 3142 903 3190 et
918 3136 979 3190 edd.
1066 3129 1150 3202 *ian

120 3224 222 3280 34-35
238 3221 426 3290 paulatim-se
447 3221 504 3275 cibo
527 3223 642 3291 reficere
656 3235 748 3273 somnio
764 3220 884 3288 quisquis
901 3217 987 3289 facite
1000 3219 1154 3288 acquiescit

121 3297 317 3373 (acquiescere,
336 3297 420 3374 7018)
436 3306 550 3374 itemque
563 3303 721 3357 lassitudine
735 3307 761 3355 et
774 3301 889 3372 frrqore,
905 3317 1000 3358 omnes
1019 3300 1085 3356 iibri
1101 3316 1151 3353 au-

121 3384 189 3452 tiqui
206 3392 234 3441 et
247 3386 354 3456 Targa,
376 3385 423 3457 qui
446 3393 523 3441 notat
542 3387 633 3456 aliqua
657 3385 757 3440 deesse
780 3391 844 3455 post
862 3387 974 3440 verbum
995 3384 1150 3456 acquiescit.

120 3465 177 3520 Nec
189 3484 287 3524 seusus
303 3485 338 3523 ex
352 3469 396 3524 his
408 3470 502 3524 verbis
520 3469 585 3524 elici
600 3472 708 3539 potest,
723 3481 775 3521 nee
791 3466 859 3522 ordo
872 3469 1020 3524 verborum
1033 3471 1150 3522 uoustat
