2414 3924
464 131 532 177 urs.
550 130 597 176 ιν.
619 127 693 177 cnr.
707 130 743 176 11.
1041 115 1099 178 123

104 286 266 361 inclusum,
299 302 373 364 quae
402 292 519 344 omento
542 283 690 361 juugitur3
724 273 938 358 περιτόναιον
963 291 1057 341 autern
1084 300 1100 342 a

107 368 225 430 Graecis
241 370 408 428 nominatur.

465 519 648 579 CAPUT
681 518 735 577 II.

353 640 389 689 De
406 639 577 688 curationibus
593 639 738 688 morborum
753 637 851 703 capitis.

81 812 94 852 s
166 787 217 847 His
238 789 327 848 veluti
351 791 378 848 in
402 797 589 868 conspectum
607 788 773 867 quemdam,
800 797 940 865 quatenus
956 790 1032 847 scire
1050 807 1100 847 cn·

104 874 177 931 ranti
199 875 397 932 necessarium
421 883 483 947 est,
505 872 650 949 adductis,
673 872 800 932 remedia
822 872 995 948 singularum
1019 870 1099 929 labo·

104 958 224 1014 rentium
245 957 366 1034 partium
383 974 544 1035 exsequar,
567 973 651 1015 orsus
670 975 686 1016 a
702 957 814 1033 capite:
841 954 894 1014 sub
911 972 967 1032 quo
985 955 1100 1014 nomine

104 1056 179 1098 nunc
201 1040 332 1116 significo
354 1059 416 1099 cam
439 1048 565 1118 partem,
587 1058 661 1117 quae
683 1039 790 1117 capillo
806 1040 926 1115 tegitur:
951 1056 1013 1097 nam
1031 1054 1099 1097 ocu·

106 1123 214 1197 lorum,
238 1125 362 1199 aurium,
384 1123 509 1183 dentium
530 1122 633 1198 dolor,
657 1132 687 1183 et
707 1125 731 1182 si
747 1123 811 1201 quis
825 1123 926 1183 similis
942 1130 1002 1196 est,
1028 1121 1112 1181 alias.

72 1225 96 1266 ιο
107 1208 161 1265 erit
176 1207 375 1284 explicandus.
398 1207 429 1267 lu
446 1209 540 1285 capite
558 1216 651 1267 autem
666 1207 806 1266 interdum
821 1216 922 1279 acutus
935 1215 964 1266 et
976 1205 1100 1283 pestifer

106 1290 224 1350 morbus
248 1299 308 1366 est,
332 1309 416 1369 quam
437 1290 624 1370 κεφαλαίαν
642 1289 745 1351 Graeci
766 1298 887 1350 vocant:
911 1291 994 1365 cujus
1013 1297 1099 1348 uotae

107 1381 187 1448 sunt,
205 1373 310 1433 horror
324 1374 452 1450 validus,
472 1392 624 1434 nervorum
643 1374 803 1448 resolutio,
823 1373 973 1433 oculorum
991 1373 1098 1448 caligo,

106 1459 207 1515 mentis
227 1457 380 1533 alienatio,
401 1460 540 1535 vomitus,
562 1461 604 1517 sic
624 1467 654 1516 ut
668 1476 726 1517 vox
742 1459 948 1534 supprimatur;
970 1456 1020 1514 vel
1036 1473 1099 1514 san·

106 1542 200 1616 guinis
227 1560 264 1599 ex
287 1541 402 1600 naribus
426 1560 543 1618 cursus,
576 1544 619 1600 sio
640 1551 671 1600 ut
693 1558 799 1618 corpus
821 1540 976 1616 frigescat,
1009 1539 1099 1598 anima

72 1624 236 1683 redeliciat:
270 1635 389 1702 praeter
409 1626 500 1701 haec,
532 1626 617 1684 dolor
637 1623 844 1698 intolerabilis,
877 1624 1000 1681 maxime
1022 1622 1100 1680 circa

106 1717 255 1785 tempora,
277 1709 324 1767 vel
347 1710 520 1787 occipitium.
560 1707 702 1768 interdum
726 1715 819 1765 autem
842 1706 987 1783 incapite
1013 1703 1100 1779 longa

106 1791 304 1867 imbecillitas,
322 1793 373 1851 sed
390 1811 484 1869 neque
497 1794 611 1869 gravis,
628 1809 723 1868 neque
735 1790 901 1868 periculosa
913 1807 967 1866 per
980 1788 1101 1847 hominis

107 1885 230 1934 aetatem
254 1885 314 1934 est:
347 1876 488 1935 interdum
513 1877 631 1951 gravior
657 1874 757 1947 dolor,
791 1873 843 1932 sed
862 1873 976 1944 brevis,
1006 1888 1100 1948 neque

106 1969 199 2018 tamen
222 1959 401 2028 mortiferum
425 1962 472 2038 qui
494 1958 542 2017 vel
566 1960 647 2034 vino,
667 1957 715 2016 vel
738 1956 893 2031 cruditate,
914 1955 963 2013 vel
979 1954 1099 2030 irigorc,

70 2042 155 2104 rovel
178 2044 261 2118 igne,
284 2051 331 2102 aut
352 2042 417 2103 sole
433 2041 617 2101 contrahitur.
656 2041 748 2119 Hique
765 2057 866 2098 omues
881 2038 1000 2098 dolores
1015 2036 1101 2095 modo

107 2143 170 2184 cum
186 2125 285 2201 febre,
304 2126 390 2186 modo
410 2128 473 2185 siue
489 2127 543 2185 lrac
559 2135 637 2192 sunt;
660 2125 745 2185 modo
762 2126 790 2182 in
805 2133 866 2182 toto
885 2124 996 2200 capite,
1016 2119 1100 2179 modo

106 2212 134 2268 in
155 2218 255 2286 parte;
284 2209 422 2268 interdum
448 2213 508 2284 sic,
540 2219 569 2268 ut
595 2211 654 2268 oris
675 2225 792 2286 quoquc
814 2209 971 2285 proximam
991 2214 1101 2282 partem

108 2294 287 2352 excrucient.
326 2294 448 2353 Praeter
470 2294 543 2353 haec
564 2295 715 2353 etiamnum
731 2294 873 2351 invenitur
889 2307 998 2366 genus,
1024 2285 1101 2366 quod

108 2385 207 2454 potest
230 2375 346 2452 longum
368 2396 450 2446 esse;
484 2378 532 2436 ubi
554 2377 655 2438 humor
679 2386 773 2435 cutem
792 2375 885 2448 indat,
915 2391 1007 2450 eaque
1030 2372 1101 2430 intu·
1180 2401 1182 2404 v

76 2460 234 2533 umescit,
267 2470 295 2518 et
323 2462 463 2537 prementi
488 2461 577 2537 digito
605 2461 700 2521 cedit:
737 2447 973 2539 dopoutpatov
998 2455 1103 2516 Graeci

109 2542 264 2620 appellant.
302 2543 348 2602 Ex
362 2544 406 2603 bis
420 2545 466 2619 id,
490 2545 567 2622 quod
583 2545 711 2604 secundo
729 2544 797 2602 loco
815 2545 939 2621 positum
956 2548 1015 2616 est,
1038 2539 1102 2597 dum

109 2625 176 2684 leve
192 2634 252 2700 est,
276 2645 331 2703 qua
345 2629 381 2685 sit
398 2630 510 2686 ratione
528 2629 696 2703 curandum,
713 2627 787 2703 dixi,
803 2645 888 2704 quum
906 2641 1104 2703 persequerer

110 2726 161 2781 ea,
187 2726 258 2784 quae
274 2714 334 2769 sarri
351 2709 482 2769 homines
500 2711 527 2768 in
542 2711 740 2771 imbecillitate
759 2712 849 2788 partis
865 2709 987 2783 aliquus
1003 2706 1103 2764 iacere

110 2791 258 2851 deberent.
305 2793 385 2866 Quae
413 2812 482 2853 vero
508 2794 612 2853 auxilia
641 2797 695 2853 sint
718 2793 837 2871 capitis,
864 2792 912 2851 ubi
935 2806 998 2849 cum
1020 2787 1103 2845 iebre

73 2897 99 2938 ao
109 2875 194 2936 dolor
215 2885 276 2950 est,
300 2893 337 2935 eo
359 2877 427 2935 loco
445 2876 612 2955 explicitum
631 2887 691 2952 est,
715 2893 772 2955 quo
789 2875 912 2933 febrium
927 2872 1038 2932 curatio
1054 2888 1103 2928 ex-

109 2961 202 3037 posita
225 2969 278 3018 est.
317 2959 399 3019 Nunc
422 2960 457 3018 de
481 2961 587 3019 ceteris
610 2961 760 3020 dicendum
782 2968 835 3017 est.
872 2956 917 3015 Ex
938 2954 1040 3033 quibus
1064 2951 1103 3024 id,

109 3043 186 3120 quod
209 3053 322 3102 acutum
346 3052 406 3115 cst,
430 3053 458 3101 et
481 3043 524 3119 id,
550 3044 626 3119 quod
647 3060 734 3120 supra
757 3039 993 3100 consuetudinem
1015 3035 1104 3092 inten-

109 3127 200 3200 ditur,
228 3126 314 3203 idque
342 3127 420 3204 quod
446 3132 484 3184 eri
510 3125 602 3185 subita
630 3144 732 3199 causa,
761 3127 815 3183 etsi
839 3140 896 3182 non
923 3118 1103 3199 pestiferum,

108 3217 203 3267 tamen
219 3210 377 3268 vehemens
394 3219 451 3283 est,
468 3211 586 3287 primam
604 3210 780 3268 curationem
796 3206 899 3279 babet,
917 3222 972 3281 qua
989 3202 1104 3278 sanguis

74 3294 243 3354 remittatur.
281 3294 340 3352 Sed
361 3293 404 3368 id,
428 3294 481 3351 nisi
504 3293 694 3352 intolerabilis
710 3292 796 3351 dolor
811 3298 872 3364 est,
895 3295 1104 3366 supervacuum

109 3384 169 3434 est:
194 3380 342 3456 satiusque
365 3385 411 3434 est
425 3376 571 3435 abstinere
587 3395 602 3436 a
619 3375 698 3441 cibo:
724 3376 749 3434 si
768 3374 831 3433 lieri
848 3381 961 3451 potest,
990 3370 1074 3428 etiarn
1089 3387 1105 3428 a
