<?xml version="1.0" encoding="UTF-8"?>
<!DOCTYPE html PUBLIC "-//W3C//DTD XHTML 1.0 Transitional//EN"
    "http://www.w3.org/TR/xhtml1/DTD/xhtml1-transitional.dtd">
<html xmlns="http://www.w3.org/1999/xhtml" xml:lang="en" lang="en">
 <head>
  <title>
</title>
<meta http-equiv="Content-Type" content="text/html;charset=utf-8" />
  <meta name='ocr-system' content='tesseract 3.04.00' />
  <meta name='ocr-capabilities' content='ocr_page ocr_carea ocr_par ocr_line ocrx_word'/>
</head>
<body>
  <div class='ocr_page' id='page_1' title='image "./cassiifelicisde00rosegoog_0763.png"; bbox 0 0 2416 3936; ppageno 0'>
   <div class='ocr_carea' id='block_1_1' title="bbox 165 185 867 248">
    <p class='ocr_par' dir='ltr' id='par_1_1' title="bbox 165 185 867 248">
     <span class='ocr_line' id='line_1_1' title="bbox 165 185 867 248; baseline -0.009 -7"><span class='ocrx_word' id='word_1_1' title='bbox 165 185 205 248; x_wconf 85' lang='lat'><strong>18</strong></span> <span class='ocrx_word' id='word_1_2' title='bbox 431 192 479 239; x_wconf 79' lang='lat' dir='ltr'><strong>Du</strong></span> <span class='ocrx_word' id='word_1_3' title='bbox 501 191 563 238; x_wconf 79' lang='lat' dir='ltr'><strong>mu</strong></span> <span class='ocrx_word' id='word_1_4' title='bbox 585 190 718 239; x_wconf 67' lang='lat' dir='ltr'><strong>nauum</strong></span> <span class='ocrx_word' id='word_1_5' title='bbox 741 189 817 237; x_wconf 78' lang='lat' dir='ltr'><strong>OAP.</strong></span> <span class='ocrx_word' id='word_1_6' title='bbox 834 188 867 236; x_wconf 86' lang='lat' dir='ltr'><strong>X.</strong></span> 
     </span>
    </p>
   </div>
   <div class='ocr_carea' id='block_1_2' title="bbox 119 327 1191 2436">
    <p class='ocr_par' dir='ltr' id='par_1_2' title="bbox 119 327 1191 2436">
     <span class='ocr_line' id='line_1_2' title="bbox 165 327 1146 412; baseline -0.008 -14"><span class='ocrx_word' id='word_1_7' title='bbox 165 335 304 398; x_wconf 89' lang='lat' dir='ltr'><strong>dantibus</strong></span> <span class='ocrx_word' id='word_1_8' title='bbox 326 333 458 412; x_wconf 84' lang='lat' dir='ltr'><strong>pondera</strong></span> <span class='ocrx_word' id='word_1_9' title='bbox 480 329 627 400; x_wconf 85' lang='lat' dir='ltr'><strong>mutabat,</strong></span> <span class='ocrx_word' id='word_1_10' title='bbox 660 337 690 391; x_wconf 91' lang='lat' dir='ltr'><strong>et</strong></span> <span class='ocrx_word' id='word_1_11' title='bbox 711 327 870 389; x_wconf 71' lang='lat' dir='ltr'><strong>identidem</strong></span> <span class='ocrx_word' id='word_1_12' title='bbox 892 327 1074 406; x_wconf 79' lang='lat' dir='ltr'><strong>frequenter</strong></span> <span class='ocrx_word' id='word_1_13' title='bbox 1096 348 1146 390; x_wconf 83' lang='lat' dir='ltr'><strong>ex·</strong></span> 
     </span>
     <span class='ocr_line' id='line_1_3' title="bbox 165 411 1147 502; baseline -0.008 -20"><span class='ocrx_word' id='word_1_14' title='bbox 165 429 270 502; x_wconf 90' lang='lat' dir='ltr'><strong>pertus</strong></span> <span class='ocrx_word' id='word_1_15' title='bbox 284 425 437 498; x_wconf 88' lang='lat' dir='ltr'><strong>postremo</strong></span> <span class='ocrx_word' id='word_1_16' title='bbox 453 414 650 493; x_wconf 82' lang='lat' dir='ltr'>deprehendit</span> <span class='ocrx_word' id='word_1_17' title='bbox 664 420 736 474; x_wconf 89' lang='lat' dir='ltr'><strong>tuno</strong></span> <span class='ocrx_word' id='word_1_18' title='bbox 748 412 821 474; x_wconf 90' lang='lat' dir='ltr'><strong>duas</strong></span> <span class='ocrx_word' id='word_1_19' title='bbox 837 411 965 473; x_wconf 77' lang='lat' dir='ltr'><strong>chordas</strong></span> <span class='ocrx_word' id='word_1_20' title='bbox 982 415 1147 474; x_wconf 79' lang='lat' dir='ltr'><strong>concinere</strong></span> 
     </span>
     <span class='ocr_line' id='line_1_4' title="bbox 166 496 1147 583; baseline -0.005 -18"><span class='ocrx_word' id='word_1_21' title='bbox 166 507 195 566; x_wconf 90' lang='lat' dir='ltr'><strong>id</strong></span> <span class='ocrx_word' id='word_1_22' title='bbox 218 504 296 583; x_wconf 94' lang='lat' dir='ltr'><strong>quod</strong></span> <span class='ocrx_word' id='word_1_23' title='bbox 319 511 364 562; x_wconf 89' lang='lat' dir='ltr'><strong>est</strong></span> <span class='ocrx_word' id='word_1_24' title='bbox 383 501 435 563; x_wconf 82' lang='grc' dir='ltr'><strong>διὰ</strong></span> <span class='ocrx_word' id='word_1_25' title='bbox 450 497 627 576; x_wconf 79' lang='grc' dir='ltr'>τεττάρων,</span> <span class='ocrx_word' id='word_1_26' title='bbox 651 516 718 559; x_wconf 91' lang='lat' dir='ltr'><strong>oum</strong></span> <span class='ocrx_word' id='word_1_27' title='bbox 735 515 837 558; x_wconf 91' lang='lat' dir='ltr'><strong>earum</strong></span> <span class='ocrx_word' id='word_1_28' title='bbox 858 496 995 575; x_wconf 89' lang='lat' dir='ltr'><strong>pondera</strong></span> <span class='ocrx_word' id='word_1_29' title='bbox 1017 498 1147 560; x_wconf 85' lang='lat' dir='ltr'><strong>intereo</strong></span> 
     </span>
     <span class='ocr_line' id='line_1_5' title="bbox 167 581 1146 662; baseline -0.007 -11"><span class='ocrx_word' id='word_1_30' title='bbox 167 589 269 651; x_wconf 91' lang='lat' dir='ltr'><strong>collata</strong></span> <span class='ocrx_word' id='word_1_31' title='bbox 292 588 437 647; x_wconf 87' lang='lat' dir='ltr'><strong>rationem</strong></span> <span class='ocrx_word' id='word_1_32' title='bbox 459 585 605 645; x_wconf 88' lang='lat' dir='ltr'><strong>haberent</strong></span> <span class='ocrx_word' id='word_1_33' title='bbox 625 601 715 662; x_wconf 83' lang='lat' dir='ltr'><strong>quam</strong></span> <span class='ocrx_word' id='word_1_34' title='bbox 736 584 794 642; x_wconf 90' lang='lat' dir='ltr'><strong>tria</strong></span> <span class='ocrx_word' id='word_1_35' title='bbox 815 581 852 642; x_wconf 91' lang='lat' dir='ltr'><strong>ad</strong></span> <span class='ocrx_word' id='word_1_36' title='bbox 874 588 1032 660; x_wconf 90' lang='lat' dir='ltr'><strong>quattuor,</strong></span> <span class='ocrx_word' id='word_1_37' title='bbox 1055 600 1146 662; x_wconf 88' lang='lat' dir='ltr'><strong>quem</strong></span> 
     </span>
     <span class='ocr_line' id='line_1_6' title="bbox 169 667 1176 753; baseline -0.008 -19"><span class='ocrx_word' id='word_1_38' title='bbox 169 673 343 753; x_wconf 89' lang='lat' dir='ltr'><strong>phthongon</strong></span> <span class='ocrx_word' id='word_1_39' title='bbox 374 669 552 730; x_wconf 80' lang='lat' dir='ltr'><strong>arithmetici</strong></span> <span class='ocrx_word' id='word_1_40' title='bbox 582 668 687 728; x_wconf 88' lang='lat' dir='ltr'><strong>Graeci</strong></span> <span class='ocrx_word' id='word_1_41' title='bbox 717 667 858 743; x_wconf 82' lang='lat' dir='ltr'><strong>epitriton</strong></span> <span class='ocrx_word' id='word_1_42' title='bbox 888 673 1013 736; x_wconf 88' lang='lat' dir='ltr'><strong>vocant,</strong></span> <span class='ocrx_word' id='word_1_43' title='bbox 1045 667 1176 729; x_wconf 73' lang='lat' dir='ltr'><strong>Latinio</strong></span> 
     </span>
     <span class='ocr_line' id='line_1_7' title="bbox 133 748 1147 836; baseline -0.007 -17"><span class='ocrx_word' id='word_1_44' title='bbox 133 771 148 820; x_wconf 84' lang='lat'>9</span> <span class='ocrx_word' id='word_1_45' title='bbox 167 757 388 836; x_wconf 87' lang='lat' dir='ltr'><strong>supertertium.</strong></span> <span class='ocrx_word' id='word_1_46' title='bbox 426 760 455 813; x_wconf 89' lang='lat' dir='ltr'><strong>at</strong></span> <span class='ocrx_word' id='word_1_47' title='bbox 477 771 542 814; x_wconf 89' lang='lat' dir='ltr'><strong>eam</strong></span> <span class='ocrx_word' id='word_1_48' title='bbox 564 751 761 831; x_wconf 76' lang='lat' dir='ltr'><strong>symphorian</strong></span> <span class='ocrx_word' id='word_1_49' title='bbox 782 760 857 830; x_wconf 79' lang='lat' dir='ltr'><strong>qu&#39;ae</strong></span> <span class='ocrx_word' id='word_1_50' title='bbox 878 748 931 812; x_wconf 82' lang='grc' dir='ltr'><strong>διὰ</strong></span> <span class='ocrx_word' id='word_1_51' title='bbox 946 749 1049 814; x_wconf 82' lang='grc' dir='ltr'>πέντε</span> <span class='ocrx_word' id='word_1_52' title='bbox 1071 752 1147 813; x_wconf 90' lang='lat' dir='ltr'><strong>dioi-</strong></span> 
     </span>
     <span class='ocr_line' id='line_1_8' title="bbox 168 835 1147 915; baseline -0.003 -14"><span class='ocrx_word' id='word_1_53' title='bbox 168 851 217 903; x_wconf 88' lang='lat' dir='ltr'><strong>tur</strong></span> <span class='ocrx_word' id='word_1_54' title='bbox 241 839 283 900; x_wconf 92' lang='lat' dir='ltr'><strong>ibi</strong></span> <span class='ocrx_word' id='word_1_55' title='bbox 308 840 420 898; x_wconf 89' lang='lat' dir='ltr'><strong>invenit</strong></span> <span class='ocrx_word' id='word_1_56' title='bbox 445 837 497 898; x_wconf 91' lang='lat' dir='ltr'><strong>uhi</strong></span> <span class='ocrx_word' id='word_1_57' title='bbox 517 836 685 915; x_wconf 81' lang='lat' dir='ltr'><strong>ponderum</strong></span> <span class='ocrx_word' id='word_1_58' title='bbox 707 836 866 897; x_wconf 75' lang='lat' dir='ltr'><strong>discrimen</strong></span> <span class='ocrx_word' id='word_1_59' title='bbox 893 835 923 894; x_wconf 90' lang='lat' dir='ltr'><strong>in</strong></span> <span class='ocrx_word' id='word_1_60' title='bbox 945 835 1147 914; x_wconf 88' lang='lat' dir='ltr'><strong>sesquialtera</strong></span> 
     </span>
     <span class='ocr_line' id='line_1_9' title="bbox 167 918 1148 1004; baseline -0.003 -19"><span class='ocrx_word' id='word_1_61' title='bbox 167 926 318 1004; x_wconf 85' lang='lat' dir='ltr'><strong>portione,</strong></span> <span class='ocrx_word' id='word_1_62' title='bbox 348 941 437 1002; x_wconf 91' lang='lat' dir='ltr'><strong>quam</strong></span> <span class='ocrx_word' id='word_1_63' title='bbox 459 921 518 981; x_wconf 93' lang='lat' dir='ltr'><strong>duo</strong></span> <span class='ocrx_word' id='word_1_64' title='bbox 535 921 645 981; x_wconf 83' lang='lat' dir='ltr'><strong>faciunt</strong></span> <span class='ocrx_word' id='word_1_65' title='bbox 666 920 702 980; x_wconf 95' lang='lat' dir='ltr'><strong>ad</strong></span> <span class='ocrx_word' id='word_1_66' title='bbox 717 921 774 980; x_wconf 88' lang='lat' dir='ltr'><strong>tria</strong></span> <span class='ocrx_word' id='word_1_67' title='bbox 796 918 927 989; x_wconf 88' lang='lat' dir='ltr'><strong>conlata,</strong></span> <span class='ocrx_word' id='word_1_68' title='bbox 948 920 1032 998; x_wconf 92' lang='lat' dir='ltr'><strong>quod</strong></span> <span class='ocrx_word' id='word_1_69' title='bbox 1048 920 1148 982; x_wconf 91' lang='lat' dir='ltr'><strong>hemi·</strong></span> 
     </span>
     <span class='ocr_line' id='line_1_10' title="bbox 168 1003 1148 1086; baseline -0.004 -16"><span class='ocrx_word' id='word_1_70' title='bbox 168 1009 248 1070; x_wconf 91' lang='lat' dir='ltr'><strong>olion</strong></span> <span class='ocrx_word' id='word_1_71' title='bbox 270 1005 427 1086; x_wconf 90' lang='lat' dir='ltr'><strong>appellant.</strong></span> <span class='ocrx_word' id='word_1_72' title='bbox 470 1024 538 1067; x_wconf 92' lang='lat' dir='ltr'><strong>cum</strong></span> <span class='ocrx_word' id='word_1_73' title='bbox 559 1012 657 1065; x_wconf 92' lang='lat' dir='ltr'><strong>autem</strong></span> <span class='ocrx_word' id='word_1_74' title='bbox 673 1003 764 1065; x_wconf 91' lang='lat' dir='ltr'><strong>altera</strong></span> <span class='ocrx_word' id='word_1_75' title='bbox 781 1004 892 1064; x_wconf 89' lang='lat' dir='ltr'><strong>chorda</strong></span> <span class='ocrx_word' id='word_1_76' title='bbox 915 1003 1008 1081; x_wconf 91' lang='lat' dir='ltr'><strong>duplo</strong></span> <span class='ocrx_word' id='word_1_77' title='bbox 1030 1007 1148 1066; x_wconf 91' lang='lat' dir='ltr'><strong>maiore</strong></span> 
     </span>
     <span class='ocr_line' id='line_1_11' title="bbox 168 1087 1190 1171; baseline -0.007 -17"><span class='ocrx_word' id='word_1_78' title='bbox 168 1093 302 1170; x_wconf 90' lang='lat' dir='ltr'><strong>pondere</strong></span> <span class='ocrx_word' id='word_1_79' title='bbox 323 1109 411 1171; x_wconf 92' lang='lat' dir='ltr'><strong>quam</strong></span> <span class='ocrx_word' id='word_1_80' title='bbox 428 1089 521 1151; x_wconf 90' lang='lat' dir='ltr'><strong>altera</strong></span> <span class='ocrx_word' id='word_1_81' title='bbox 535 1089 708 1150; x_wconf 88' lang='lat' dir='ltr'><strong>tenderetur</strong></span> <span class='ocrx_word' id='word_1_82' title='bbox 731 1097 761 1149; x_wconf 86' lang='lat' dir='ltr'><strong>et</strong></span> <span class='ocrx_word' id='word_1_83' title='bbox 782 1095 858 1149; x_wconf 87' lang='lat' dir='ltr'><strong>esset</strong></span> <span class='ocrx_word' id='word_1_84' title='bbox 881 1087 1029 1166; x_wconf 84' lang='lat' dir='ltr'><strong>diplasion</strong></span> <span class='ocrx_word' id='word_1_85' title='bbox 1046 1089 1146 1168; x_wconf 83' lang='lat' dir='ltr'><strong>logos,</strong></span> <span class='ocrx_word' id='word_1_86' title='bbox 1164 1099 1190 1147; x_wconf 86' lang='lat' dir='ltr'><strong>1tt</strong></span> 
     </span>
     <span class='ocr_line' id='line_1_12' title="bbox 119 1172 1148 1252; baseline -0.003 -14"><span class='ocrx_word' id='word_1_87' title='bbox 119 1191 152 1240; x_wconf 84' lang='lat'><strong>10</strong></span> <span class='ocrx_word' id='word_1_88' title='bbox 171 1177 224 1239; x_wconf 84' lang='grc' dir='ltr'><strong>διὰ</strong></span> <span class='ocrx_word' id='word_1_89' title='bbox 238 1176 352 1238; x_wconf 79' lang='grc' dir='ltr'>πατῶν</span> <span class='ocrx_word' id='word_1_90' title='bbox 369 1175 501 1235; x_wconf 87' lang='lat' dir='ltr'><strong>sonabat.</strong></span> <span class='ocrx_word' id='word_1_91' title='bbox 523 1174 588 1243; x_wconf 82' lang='lat' dir='ltr'><strong>,hoc</strong></span> <span class='ocrx_word' id='word_1_92' title='bbox 605 1180 634 1234; x_wconf 92' lang='lat' dir='ltr'><strong>et</strong></span> <span class='ocrx_word' id='word_1_93' title='bbox 648 1175 678 1233; x_wconf 93' lang='lat' dir='ltr'><strong>in</strong></span> <span class='ocrx_word' id='word_1_94' title='bbox 688 1172 773 1234; x_wconf 55' lang='lat' dir='ltr'><strong>¹tihiis</strong></span> <span class='ocrx_word' id='word_1_95' title='bbox 788 1175 812 1232; x_wconf 93' lang='lat' dir='ltr'><strong>si</strong></span> <span class='ocrx_word' id='word_1_96' title='bbox 828 1174 1001 1233; x_wconf 87' lang='lat' dir='ltr'><strong>conveniret</strong></span> <span class='ocrx_word' id='word_1_97' title='bbox 1018 1183 1148 1252; x_wconf 87' lang='lat' dir='ltr'><strong>tempta·</strong></span> 
     </span>
     <span class='ocr_line' id='line_1_13' title="bbox 169 1256 1150 1338; baseline -0.002 -17"><span class='ocrx_word' id='word_1_98' title='bbox 169 1263 224 1328; x_wconf 89' lang='lat' dir='ltr'><strong>vit,</strong></span> <span class='ocrx_word' id='word_1_99' title='bbox 246 1278 301 1320; x_wconf 91' lang='lat' dir='ltr'><strong>uec</strong></span> <span class='ocrx_word' id='word_1_100' title='bbox 317 1258 395 1321; x_wconf 89' lang='lat' dir='ltr'><strong>aliud</strong></span> <span class='ocrx_word' id='word_1_101' title='bbox 420 1260 538 1320; x_wconf 90' lang='lat' dir='ltr'><strong>invenit.</strong></span> <span class='ocrx_word' id='word_1_102' title='bbox 576 1276 646 1319; x_wconf 92' lang='lat' dir='ltr'><strong>nam</strong></span> <span class='ocrx_word' id='word_1_103' title='bbox 662 1263 803 1337; x_wconf 86' lang='lat' dir='ltr'><strong>quattuor</strong></span> <span class='ocrx_word' id='word_1_104' title='bbox 818 1256 906 1317; x_wconf 87' lang='lat' dir='ltr'><strong>tibias</strong></span> <span class='ocrx_word' id='word_1_105' title='bbox 919 1258 986 1335; x_wconf 92' lang='lat' dir='ltr'><strong>pari</strong></span> <span class='ocrx_word' id='word_1_106' title='bbox 1001 1275 1078 1318; x_wconf 87' lang='lat' dir='ltr'><strong>cavo</strong></span> <span class='ocrx_word' id='word_1_107' title='bbox 1094 1277 1150 1338; x_wconf 91' lang='lat' dir='ltr'><strong>pa·</strong></span> 
     </span>
     <span class='ocr_line' id='line_1_14' title="bbox 169 1341 1149 1422; baseline -0.001 -18"><span class='ocrx_word' id='word_1_108' title='bbox 169 1346 257 1414; x_wconf 84' lang='lat' dir='ltr'><strong>ravit,</strong></span> <span class='ocrx_word' id='word_1_109' title='bbox 287 1345 406 1422; x_wconf 85' lang='lat' dir='ltr'><strong>inpares</strong></span> <span class='ocrx_word' id='word_1_110' title='bbox 428 1341 623 1420; x_wconf 89' lang='lat' dir='ltr'><strong>longitudine,</strong></span> <span class='ocrx_word' id='word_1_111' title='bbox 653 1343 780 1419; x_wconf 92' lang='lat' dir='ltr'><strong>primam</strong></span> <span class='ocrx_word' id='word_1_112' title='bbox 800 1341 883 1401; x_wconf 91' lang='lat' dir='ltr'><strong>verbi</strong></span> <span class='ocrx_word' id='word_1_113' title='bbox 911 1358 1002 1402; x_wconf 90' lang='lat' dir='ltr'><strong>causa</strong></span> <span class='ocrx_word' id='word_1_114' title='bbox 1024 1342 1149 1420; x_wconf 87' lang='lat' dir='ltr'><strong>longam</strong></span> 
     </span>
     <span class='ocr_line' id='line_1_15' title="bbox 169 1424 1149 1507; baseline -0.002 -18"><span class='ocrx_word' id='word_1_115' title='bbox 169 1429 277 1507; x_wconf 81' lang='lat' dir='ltr'><strong>digitos</strong></span> <span class='ocrx_word' id='word_1_116' title='bbox 297 1446 362 1496; x_wconf 85' lang='lat' dir='ltr'><strong>sex,</strong></span> <span class='ocrx_word' id='word_1_117' title='bbox 395 1426 556 1488; x_wconf 88' lang='lat' dir='ltr'><strong>secundam</strong></span> <span class='ocrx_word' id='word_1_118' title='bbox 577 1427 665 1486; x_wconf 88' lang='lat' dir='ltr'><strong>tertia</strong></span> <span class='ocrx_word' id='word_1_119' title='bbox 687 1434 772 1504; x_wconf 91' lang='lat' dir='ltr'><strong>parte</strong></span> <span class='ocrx_word' id='word_1_120' title='bbox 793 1424 892 1486; x_wconf 90' lang='lat' dir='ltr'><strong>addita</strong></span> <span class='ocrx_word' id='word_1_121' title='bbox 912 1425 943 1485; x_wconf 90' lang='lat' dir='ltr'><strong>id</strong></span> <span class='ocrx_word' id='word_1_122' title='bbox 965 1432 1012 1485; x_wconf 89' lang='lat' dir='ltr'><strong>est</strong></span> <span class='ocrx_word' id='word_1_123' title='bbox 1037 1427 1149 1505; x_wconf 89' lang='lat' dir='ltr'><strong>digito-</strong></span> 
     </span>
     <span class='ocr_line' id='line_1_16' title="bbox 169 1508 1191 1590; baseline -0.002 -18"><span class='ocrx_word' id='word_1_124' title='bbox 169 1531 236 1574; x_wconf 91' lang='lat' dir='ltr'><strong>rum</strong></span> <span class='ocrx_word' id='word_1_125' title='bbox 265 1526 344 1582; x_wconf 85' lang='lat' dir='ltr'><strong>vur,</strong></span> <span class='ocrx_word' id='word_1_126' title='bbox 373 1512 490 1572; x_wconf 90' lang='lat' dir='ltr'><strong>tertiam</strong></span> <span class='ocrx_word' id='word_1_127' title='bbox 517 1511 676 1589; x_wconf 85' lang='lat' dir='ltr'><strong>digitorum</strong></span> <span class='ocrx_word' id='word_1_128' title='bbox 703 1523 782 1569; x_wconf 82' lang='lat' dir='ltr'><strong>vnn</strong></span> <span class='ocrx_word' id='word_1_129' title='bbox 808 1508 945 1588; x_wconf 87' lang='lat' dir='ltr'><strong>sescuplo</strong></span> <span class='ocrx_word' id='word_1_130' title='bbox 973 1509 1148 1590; x_wconf 84' lang='lat' dir='ltr'><strong>longiorem</strong></span> <span class='ocrx_word' id='word_1_131' title='bbox 1165 1520 1191 1570; x_wconf 80' lang='lat'><strong>15</strong></span> 
     </span>
     <span class='ocr_line' id='line_1_17' title="bbox 170 1595 1147 1677; baseline -0.001 -18"><span class='ocrx_word' id='word_1_132' title='bbox 170 1616 257 1677; x_wconf 92' lang='lat' dir='ltr'><strong>quam</strong></span> <span class='ocrx_word' id='word_1_133' title='bbox 274 1598 415 1676; x_wconf 88' lang='lat' dir='ltr'><strong>primam,</strong></span> <span class='ocrx_word' id='word_1_134' title='bbox 432 1603 567 1675; x_wconf 86' lang='lat' dir='ltr'><strong>quartam</strong></span> <span class='ocrx_word' id='word_1_135' title='bbox 583 1614 652 1657; x_wconf 86' lang='lat' dir='ltr'><strong>vcro</strong></span> <span class='ocrx_word' id='word_1_136' title='bbox 668 1607 720 1653; x_wconf 82' lang='lat' dir='ltr'><strong>xn</strong></span> <span class='ocrx_word' id='word_1_137' title='bbox 736 1595 905 1673; x_wconf 84' lang='lat' dir='ltr'><strong>digitorum,</strong></span> <span class='ocrx_word' id='word_1_138' title='bbox 921 1613 998 1674; x_wconf 91' lang='lat' dir='ltr'><strong>quae</strong></span> <span class='ocrx_word' id='word_1_139' title='bbox 1014 1597 1147 1674; x_wconf 90' lang='lat' dir='ltr'><strong>primam</strong></span> 
     </span>
     <span class='ocr_line' id='line_1_18' title="bbox 120 1679 1147 1760; baseline 0.003 -20"><span class='ocrx_word' id='word_1_140' title='bbox 120 1692 150 1740; x_wconf 92' lang='lat'><strong>11</strong></span> <span class='ocrx_word' id='word_1_141' title='bbox 169 1681 353 1760; x_wconf 90' lang='lat' dir='ltr'><strong>longitudine</strong></span> <span class='ocrx_word' id='word_1_142' title='bbox 370 1680 556 1759; x_wconf 88' lang='lat' dir='ltr'><strong>duplicaret.</strong></span> <span class='ocrx_word' id='word_1_143' title='bbox 602 1681 647 1741; x_wconf 91' lang='lat' dir='ltr'><strong>his</strong></span> <span class='ocrx_word' id='word_1_144' title='bbox 677 1680 776 1757; x_wconf 87' lang='lat' dir='ltr'><strong>itaque</strong></span> <span class='ocrx_word' id='word_1_145' title='bbox 805 1679 913 1739; x_wconf 86' lang='lat' dir='ltr'><strong>inflatis</strong></span> <span class='ocrx_word' id='word_1_146' title='bbox 944 1687 973 1739; x_wconf 90' lang='lat' dir='ltr'><strong>et</strong></span> <span class='ocrx_word' id='word_1_147' title='bbox 1001 1679 1147 1743; x_wconf 87' lang='lat' dir='ltr'><strong>binarum</strong></span> 
     </span>
     <span class='ocr_line' id='line_1_19' title="bbox 169 1763 1147 1842; baseline 0 -16"><span class='ocrx_word' id='word_1_148' title='bbox 169 1767 246 1828; x_wconf 90' lang='lat' dir='ltr'><strong>lacta</strong></span> <span class='ocrx_word' id='word_1_149' title='bbox 261 1765 465 1826; x_wconf 85' lang='lat' dir='ltr'><strong>conlocatione</strong></span> <span class='ocrx_word' id='word_1_150' title='bbox 481 1765 613 1825; x_wconf 90' lang='lat' dir='ltr'><strong>omnium</strong></span> <span class='ocrx_word' id='word_1_151' title='bbox 627 1765 810 1825; x_wconf 87' lang='lat' dir='ltr'><strong>musicorum</strong></span> <span class='ocrx_word' id='word_1_152' title='bbox 825 1763 946 1824; x_wconf 88' lang='lat' dir='ltr'><strong>auribus</strong></span> <span class='ocrx_word' id='word_1_153' title='bbox 966 1764 1147 1842; x_wconf 87' lang='lat' dir='ltr'><strong>adprobavit</strong></span> 
     </span>
     <span class='ocr_line' id='line_1_20' title="bbox 169 1848 1145 1931; baseline 0.002 -21"><span class='ocrx_word' id='word_1_154' title='bbox 169 1852 297 1931; x_wconf 90' lang='lat' dir='ltr'><strong>primam</strong></span> <span class='ocrx_word' id='word_1_155' title='bbox 325 1857 354 1910; x_wconf 89' lang='lat' dir='ltr'><strong>et</strong></span> <span class='ocrx_word' id='word_1_156' title='bbox 375 1849 536 1910; x_wconf 86' lang='lat' dir='ltr'><strong>secundam</strong></span> <span class='ocrx_word' id='word_1_157' title='bbox 556 1849 684 1910; x_wconf 89' lang='lat' dir='ltr'><strong>reddere</strong></span> <span class='ocrx_word' id='word_1_158' title='bbox 707 1867 771 1910; x_wconf 93' lang='lat' dir='ltr'><strong>eam</strong></span> <span class='ocrx_word' id='word_1_159' title='bbox 794 1848 1032 1910; x_wconf 84' lang='lat' dir='ltr'><strong>convenientiam</strong></span> <span class='ocrx_word' id='word_1_160' title='bbox 1054 1869 1145 1930; x_wconf 90' lang='lat' dir='ltr'><strong>quam</strong></span> 
     </span>
     <span class='ocr_line' id='line_1_21' title="bbox 169 1932 1188 2012; baseline -0.003 -17"><span class='ocrx_word' id='word_1_161' title='bbox 169 1935 267 1996; x_wconf 88' lang='lat' dir='ltr'><strong>reddit</strong></span> <span class='ocrx_word' id='word_1_162' title='bbox 288 1934 485 1996; x_wconf 89' lang='lat' dir='ltr'><strong>diatessaron</strong></span> <span class='ocrx_word' id='word_1_163' title='bbox 500 1933 689 2012; x_wconf 82' lang='lat' dir='ltr'><strong>symphonia,</strong></span> <span class='ocrx_word' id='word_1_164' title='bbox 710 1932 811 2011; x_wconf 86' lang='lat' dir='ltr'><strong>ibique</strong></span> <span class='ocrx_word' id='word_1_165' title='bbox 826 1949 890 1994; x_wconf 88' lang='lat' dir='ltr'><strong>esse</strong></span> <span class='ocrx_word' id='word_1_166' title='bbox 906 1935 1080 2011; x_wconf 90' lang='lat' dir='ltr'><strong>portionem</strong></span> <span class='ocrx_word' id='word_1_167' title='bbox 1095 1954 1145 1996; x_wconf 92' lang='lat' dir='ltr'><strong>su·</strong></span> <span class='ocrx_word' id='word_1_168' title='bbox 1161 1943 1188 1992; x_wconf 82' lang='grc'><strong>11</strong></span> 
     </span>
     <span class='ocr_line' id='line_1_22' title="bbox 170 2017 1147 2098; baseline 0.002 -19"><span class='ocrx_word' id='word_1_169' title='bbox 170 2020 358 2098; x_wconf 89' lang='lat' dir='ltr'><strong>pertertiam;</strong></span> <span class='ocrx_word' id='word_1_170' title='bbox 397 2020 475 2078; x_wconf 91' lang='lat' dir='ltr'><strong>inter</strong></span> <span class='ocrx_word' id='word_1_171' title='bbox 496 2019 623 2096; x_wconf 90' lang='lat' dir='ltr'><strong>primam</strong></span> <span class='ocrx_word' id='word_1_172' title='bbox 646 2034 715 2078; x_wconf 86' lang='lat' dir='ltr'><strong>vero</strong></span> <span class='ocrx_word' id='word_1_173' title='bbox 744 2036 778 2078; x_wconf 92' lang='lat' dir='ltr'><strong>ac</strong></span> <span class='ocrx_word' id='word_1_174' title='bbox 798 2017 917 2077; x_wconf 87' lang='lat' dir='ltr'><strong>tertiam</strong></span> <span class='ocrx_word' id='word_1_175' title='bbox 939 2017 1061 2090; x_wconf 89' lang='lat' dir='ltr'><strong>tibiam,</strong></span> <span class='ocrx_word' id='word_1_176' title='bbox 1093 2019 1147 2081; x_wconf 91' lang='lat' dir='ltr'><strong>uhi</strong></span> 
     </span>
     <span class='ocr_line' id='line_1_23' title="bbox 171 2101 1146 2182; baseline 0.002 -19"><span class='ocrx_word' id='word_1_177' title='bbox 171 2102 306 2182; x_wconf 90' lang='lat' dir='ltr'><strong>sescupla</strong></span> <span class='ocrx_word' id='word_1_178' title='bbox 333 2104 430 2180; x_wconf 90' lang='lat' dir='ltr'><strong>portio</strong></span> <span class='ocrx_word' id='word_1_179' title='bbox 451 2108 510 2171; x_wconf 87' lang='lat' dir='ltr'><strong>est,</strong></span> <span class='ocrx_word' id='word_1_180' title='bbox 541 2119 682 2163; x_wconf 88' lang='lat' dir='ltr'><strong>resonare</strong></span> <span class='ocrx_word' id='word_1_181' title='bbox 703 2101 750 2162; x_wconf 91' lang='lat' dir='ltr'><strong>dia</strong></span> <span class='ocrx_word' id='word_1_182' title='bbox 771 2107 875 2181; x_wconf 89' lang='lat' dir='ltr'><strong>pente;</strong></span> <span class='ocrx_word' id='word_1_183' title='bbox 898 2103 1013 2178; x_wconf 88' lang='lat' dir='ltr'><strong>primae</strong></span> <span class='ocrx_word' id='word_1_184' title='bbox 1043 2112 1146 2165; x_wconf 88' lang='lat' dir='ltr'><strong>autem</strong></span> 
     </span>
     <span class='ocr_line' id='line_1_24' title="bbox 171 2185 1144 2267; baseline 0 -19"><span class='ocrx_word' id='word_1_185' title='bbox 171 2196 352 2267; x_wconf 86' lang='lat' dir='ltr'><strong>quartaeque</strong></span> <span class='ocrx_word' id='word_1_186' title='bbox 378 2186 579 2256; x_wconf 89' lang='lat' dir='ltr'><strong>intervallum,</strong></span> <span class='ocrx_word' id='word_1_187' title='bbox 611 2186 688 2265; x_wconf 94' lang='lat' dir='ltr'><strong>quod</strong></span> <span class='ocrx_word' id='word_1_188' title='bbox 710 2185 800 2247; x_wconf 89' lang='lat' dir='ltr'><strong>hahet</strong></span> <span class='ocrx_word' id='word_1_189' title='bbox 822 2185 940 2264; x_wconf 93' lang='lat' dir='ltr'><strong>duplam</strong></span> <span class='ocrx_word' id='word_1_190' title='bbox 961 2188 1144 2264; x_wconf 87' lang='lat' dir='ltr'><strong>portionem,</strong></span> 
     </span>
     <span class='ocr_line' id='line_1_25' title="bbox 121 2271 1145 2348; baseline 0.002 -17"><span class='ocrx_word' id='word_1_191' title='bbox 121 2283 152 2331; x_wconf 81' lang='lat'><strong>12</strong></span> <span class='ocrx_word' id='word_1_192' title='bbox 172 2272 312 2334; x_wconf 89' lang='lat' dir='ltr'><strong>diastema</strong></span> <span class='ocrx_word' id='word_1_193' title='bbox 332 2271 433 2331; x_wconf 87' lang='lat' dir='ltr'><strong>lacere</strong></span> <span class='ocrx_word' id='word_1_194' title='bbox 461 2271 508 2331; x_wconf 91' lang='lat' dir='ltr'><strong>dia</strong></span> <span class='ocrx_word' id='word_1_195' title='bbox 528 2288 631 2348; x_wconf 87' lang='lat' dir='ltr'><strong>pason.</strong></span> <span class='ocrx_word' id='word_1_196' title='bbox 676 2271 728 2331; x_wconf 88' lang='lat' dir='ltr'><strong>sed</strong></span> <span class='ocrx_word' id='word_1_197' title='bbox 755 2272 833 2330; x_wconf 89' lang='lat' dir='ltr'><strong>inter</strong></span> <span class='ocrx_word' id='word_1_198' title='bbox 853 2272 993 2331; x_wconf 89' lang='lat' dir='ltr'><strong>tibiarum</strong></span> <span class='ocrx_word' id='word_1_199' title='bbox 1014 2271 1145 2334; x_wconf 91' lang='lat' dir='ltr'><strong>chorda·</strong></span> 
     </span>
     <span class='ocr_line' id='line_1_26' title="bbox 171 2354 1191 2436; baseline -0.003 -20"><span class='ocrx_word' id='word_1_200' title='bbox 171 2375 297 2436; x_wconf 87' lang='lat' dir='ltr'><strong>rumque</strong></span> <span class='ocrx_word' id='word_1_201' title='bbox 322 2362 459 2416; x_wconf 90' lang='lat' dir='ltr'><strong>naturam</strong></span> <span class='ocrx_word' id='word_1_202' title='bbox 486 2355 543 2414; x_wconf 90' lang='lat' dir='ltr'><strong>hoo</strong></span> <span class='ocrx_word' id='word_1_203' title='bbox 569 2356 708 2425; x_wconf 88' lang='lat' dir='ltr'><strong>interest,</strong></span> <span class='ocrx_word' id='word_1_204' title='bbox 740 2356 819 2434; x_wconf 87' lang='lat' dir='ltr'><strong>quod</strong></span> <span class='ocrx_word' id='word_1_205' title='bbox 840 2354 929 2415; x_wconf 89' lang='lat' dir='ltr'><strong>tibiae</strong></span> <span class='ocrx_word' id='word_1_206' title='bbox 953 2357 1146 2418; x_wconf 89' lang='lat' dir='ltr'><strong>incremento</strong></span> <span class='ocrx_word' id='word_1_207' title='bbox 1163 2365 1191 2414; x_wconf 76' lang='lat'><strong>25</strong></span> 
     </span>
    </p>
   </div>
   <div class='ocr_carea' id='block_1_3' title="bbox 172 2541 373 2550">
    <p class='ocr_par' dir='ltr' id='par_1_3' title="bbox 172 2541 373 2550">
     <span class='ocr_line' id='line_1_27' title="bbox 172 2541 373 2550; baseline 0.005 -3"><span class='ocrx_word' id='word_1_208' title='bbox 172 2541 373 2550; x_wconf 51' lang='lat' dir='ltr'><strong>—w—</strong></span> 
     </span>
    </p>
   </div>
   <div class='ocr_carea' id='block_1_4' title="bbox 151 2653 1146 3535">
    <p class='ocr_par' dir='ltr' id='par_1_4' title="bbox 151 2653 1146 3519">
     <span class='ocr_line' id='line_1_28' title="bbox 239 2653 1146 2721; baseline 0.008 -18"><span class='ocrx_word' id='word_1_209' title='bbox 239 2657 264 2704; x_wconf 80' lang='lat'><strong>2.</strong></span> <span class='ocrx_word' id='word_1_210' title='bbox 289 2653 495 2719; x_wconf 73' lang='lat' dir='ltr'><strong>depraeheuhtr</strong></span> <span class='ocrx_word' id='word_1_211' title='bbox 514 2656 539 2704; x_wconf 86' lang='lat' dir='ltr'><em>D</em></span> <span class='ocrx_word' id='word_1_212' title='bbox 563 2655 710 2721; x_wconf 77' lang='lat' dir='ltr'><strong>dephendit</strong></span> <span class='ocrx_word' id='word_1_213' title='bbox 732 2660 759 2708; x_wconf 91' lang='lat' dir='ltr'><em>V</em></span> <span class='ocrx_word' id='word_1_214' title='bbox 826 2657 923 2708; x_wconf 86' lang='lat' dir='ltr'><strong>cordas</strong></span> <span class='ocrx_word' id='word_1_215' title='bbox 945 2659 972 2708; x_wconf 91' lang='lat' dir='ltr'><em>V</em></span> <span class='ocrx_word' id='word_1_216' title='bbox 1038 2662 1064 2712; x_wconf 86' lang='lat'><strong>3.</strong></span> <span class='ocrx_word' id='word_1_217' title='bbox 1085 2661 1146 2710; x_wconf 86' lang='lat' dir='ltr'><strong>dia·</strong></span> 
     </span>
     <span class='ocr_line' id='line_1_29' title="bbox 170 2724 1144 2791; baseline 0.006 -17"><span class='ocrx_word' id='word_1_218' title='bbox 170 2729 298 2775; x_wconf 84' lang='lat' dir='ltr'><strong>tessarou</strong></span> <span class='ocrx_word' id='word_1_219' title='bbox 319 2724 348 2774; x_wconf 91' lang='lat' dir='ltr'><em>V</em></span> <span class='ocrx_word' id='word_1_220' title='bbox 411 2724 435 2776; x_wconf 82' lang='grc'><strong>6.</strong></span> <span class='ocrx_word' id='word_1_221' title='bbox 455 2737 581 2790; x_wconf 72' lang='lat' dir='ltr'><strong>pnorpon</strong></span> <span class='ocrx_word' id='word_1_222' title='bbox 601 2725 637 2783; x_wconf 87' lang='lat' dir='ltr'><strong>D,</strong></span> <span class='ocrx_word' id='word_1_223' title='bbox 660 2725 801 2790; x_wconf 82' lang='lat' dir='ltr'><strong>pthongon</strong></span> <span class='ocrx_word' id='word_1_224' title='bbox 823 2728 850 2776; x_wconf 91' lang='lat' dir='ltr'><em>V</em></span> <span class='ocrx_word' id='word_1_225' title='bbox 915 2725 992 2791; x_wconf 85' lang='lat' dir='ltr'><strong>greci</strong></span> <span class='ocrx_word' id='word_1_226' title='bbox 1015 2726 1050 2784; x_wconf 92' lang='lat' dir='ltr'><strong>V,</strong></span> <span class='ocrx_word' id='word_1_227' title='bbox 1072 2744 1144 2779; x_wconf 85' lang='lat' dir='ltr'><strong>corr.</strong></span> 
     </span>
     <span class='ocr_line' id='line_1_30' title="bbox 169 2787 1104 2858; baseline 0.002 -15"><span class='ocrx_word' id='word_1_228' title='bbox 169 2811 200 2843; x_wconf 87' lang='lat' dir='ltr'><strong>m.</strong></span> <span class='ocrx_word' id='word_1_229' title='bbox 219 2808 272 2843; x_wconf 86' lang='lat' dir='ltr'><strong>rec.</strong></span> <span class='ocrx_word' id='word_1_230' title='bbox 342 2787 484 2855; x_wconf 81' lang='grc' dir='ltr'>ἐπίτριτον</span> <span class='ocrx_word' id='word_1_231' title='bbox 501 2795 573 2856; x_wconf 81' lang='lat' dir='ltr'><strong>culpo</strong></span> <span class='ocrx_word' id='word_1_232' title='bbox 642 2792 667 2842; x_wconf 88' lang='grc'><strong>6.</strong></span> <span class='ocrx_word' id='word_1_233' title='bbox 687 2791 720 2843; x_wconf 75' lang='lat' dir='ltr'><strong>ah</strong></span> <span class='ocrx_word' id='word_1_234' title='bbox 737 2793 797 2842; x_wconf 88' lang='lat' dir='ltr'><strong>DV</strong></span> <span class='ocrx_word' id='word_1_235' title='bbox 861 2793 1052 2858; x_wconf 84' lang='lat' dir='ltr'><strong>symphoniam</strong></span> <span class='ocrx_word' id='word_1_236' title='bbox 1075 2795 1104 2845; x_wconf 91' lang='lat' dir='ltr'><em>V</em></span> 
     </span>
     <span class='ocr_line' id='line_1_31' title="bbox 169 2860 1074 2926; baseline 0.006 -16"><span class='ocrx_word' id='word_1_237' title='bbox 169 2861 300 2926; x_wconf 85' lang='lat' dir='ltr'><strong>diapente</strong></span> <span class='ocrx_word' id='word_1_238' title='bbox 323 2860 352 2908; x_wconf 90' lang='lat' dir='ltr'><em>V</em></span> <span class='ocrx_word' id='word_1_239' title='bbox 416 2861 559 2923; x_wconf 76' lang='lat' dir='ltr'><strong>7.ustD,</strong></span> <span class='ocrx_word' id='word_1_240' title='bbox 582 2860 626 2910; x_wconf 73' lang='lat' dir='ltr'><strong>*bi</strong></span> <span class='ocrx_word' id='word_1_241' title='bbox 644 2862 674 2921; x_wconf 84' lang='lat' dir='ltr'><strong>d,</strong></span> <span class='ocrx_word' id='word_1_242' title='bbox 698 2861 729 2910; x_wconf 90' lang='lat' dir='ltr'><strong>hi</strong></span> <span class='ocrx_word' id='word_1_243' title='bbox 751 2861 779 2909; x_wconf 92' lang='lat' dir='ltr'><em>V</em></span> <span class='ocrx_word' id='word_1_244' title='bbox 792 2862 917 2912; x_wconf 83' lang='lat' dir='ltr'><strong>additau</strong></span> <span class='ocrx_word' id='word_1_245' title='bbox 935 2878 951 2911; x_wconf 86' lang='lat' dir='ltr'><strong>a</strong></span> <span class='ocrx_word' id='word_1_246' title='bbox 969 2877 999 2910; x_wconf 88' lang='lat' dir='ltr'><strong>m.</strong></span> <span class='ocrx_word' id='word_1_247' title='bbox 1018 2878 1074 2915; x_wconf 87' lang='lat' dir='ltr'><strong>rec.</strong></span> 
     </span>
     <span class='ocr_line' id='line_1_32' title="bbox 170 2926 1144 2994; baseline 0.001 -14"><span class='ocrx_word' id='word_1_248' title='bbox 170 2926 358 2992; x_wconf 83' lang='lat' dir='ltr'><strong>sesquialtera</strong></span> <span class='ocrx_word' id='word_1_249' title='bbox 368 2928 496 2993; x_wconf 79' lang='lat' dir='ltr'><strong>Scaliger,</strong></span> <span class='ocrx_word' id='word_1_250' title='bbox 510 2942 714 2994; x_wconf 77' lang='lat' dir='ltr'><strong>sesqutpueraa</strong></span> <span class='ocrx_word' id='word_1_251' title='bbox 724 2928 765 2991; x_wconf 80' lang='lat' dir='ltr'><strong>D,</strong></span> <span class='ocrx_word' id='word_1_252' title='bbox 778 2930 951 2993; x_wconf 85' lang='lat' dir='ltr'><strong>sesquipetra</strong></span> <span class='ocrx_word' id='word_1_253' title='bbox 967 2929 994 2976; x_wconf 95' lang='lat' dir='ltr'><em>V</em></span> <span class='ocrx_word' id='word_1_254' title='bbox 1043 2932 1069 2980; x_wconf 87' lang='lat'><strong>8.</strong></span> <span class='ocrx_word' id='word_1_255' title='bbox 1080 2947 1144 2994; x_wconf 88' lang='lat' dir='ltr'><strong>pro·</strong></span> 
     </span>
     <span class='ocr_line' id='line_1_33' title="bbox 169 2995 1143 3062; baseline 0.002 -16"><span class='ocrx_word' id='word_1_256' title='bbox 169 2997 297 3062; x_wconf 86' lang='lat' dir='ltr'><strong>portione</strong></span> <span class='ocrx_word' id='word_1_257' title='bbox 315 2999 387 3061; x_wconf 83' lang='lat' dir='ltr'><strong>culpo</strong></span> <span class='ocrx_word' id='word_1_258' title='bbox 404 2998 446 3046; x_wconf 78' lang='lat' dir='ltr'><strong>tte</strong></span> <span class='ocrx_word' id='word_1_259' title='bbox 464 3003 490 3046; x_wconf 84' lang='lat' dir='ltr'><strong>et</strong></span> <span class='ocrx_word' id='word_1_260' title='bbox 506 2997 577 3060; x_wconf 81' lang='lat' dir='ltr'><strong>infra</strong></span> <span class='ocrx_word' id='word_1_261' title='bbox 645 2995 781 3046; x_wconf 86' lang='lat' dir='ltr'><strong>hemtutou</strong></span> <span class='ocrx_word' id='word_1_262' title='bbox 802 2997 832 3058; x_wconf 87' lang='lat' dir='ltr'><strong>D,</strong></span> <span class='ocrx_word' id='word_1_263' title='bbox 854 2996 984 3046; x_wconf 89' lang='lat' dir='ltr'><strong>emiolion</strong></span> <span class='ocrx_word' id='word_1_264' title='bbox 1007 2996 1040 3059; x_wconf 90' lang='lat' dir='ltr'><strong>V,</strong></span> <span class='ocrx_word' id='word_1_265' title='bbox 1059 2995 1143 3059; x_wconf 85' lang='grc' dir='ltr'>ἡμιό-</span> 
     </span>
     <span class='ocr_line' id='line_1_34' title="bbox 171 3060 1144 3129; baseline -0.001 -13"><span class='ocrx_word' id='word_1_266' title='bbox 171 3066 232 3116; x_wconf 84' lang='grc' dir='ltr'>λιον</span> <span class='ocrx_word' id='word_1_267' title='bbox 244 3068 317 3129; x_wconf 77' lang='lat' dir='ltr'><strong>vulgo</strong></span> <span class='ocrx_word' id='word_1_268' title='bbox 387 3066 428 3115; x_wconf 85' lang='lat'><strong>10.</strong></span> <span class='ocrx_word' id='word_1_269' title='bbox 440 3063 585 3129; x_wconf 77' lang='lat' dir='ltr'><strong>otpnastou</strong></span> <span class='ocrx_word' id='word_1_270' title='bbox 598 3078 684 3116; x_wconf 76' lang='lat' dir='ltr'><strong>nocue</strong></span> <span class='ocrx_word' id='word_1_271' title='bbox 697 3063 759 3122; x_wconf 89' lang='lat' dir='ltr'><strong>DV,</strong></span> <span class='ocrx_word' id='word_1_272' title='bbox 777 3060 931 3114; x_wconf 78' lang='lat' dir='ltr'><strong>htnhocltuv</strong></span> <span class='ocrx_word' id='word_1_273' title='bbox 944 3063 1030 3125; x_wconf 71' lang='lat' dir='ltr'><strong>horo(</strong></span> <span class='ocrx_word' id='word_1_274' title='bbox 1042 3064 1144 3115; x_wconf 75' lang='lat' dir='ltr'><strong>latinus</strong></span> 
     </span>
     <span class='ocr_line' id='line_1_35' title="bbox 151 3131 1144 3198; baseline 0 -16"><span class='ocrx_word' id='word_1_275' title='bbox 151 3133 305 3183; x_wconf 77' lang='lat' dir='ltr'><strong>.eecundum</strong></span> <span class='ocrx_word' id='word_1_276' title='bbox 322 3131 479 3198; x_wconf 74' lang='lat' dir='ltr'><strong>Scaligerum</strong></span> <span class='ocrx_word' id='word_1_277' title='bbox 548 3135 589 3182; x_wconf 91' lang='lat'><strong>11.</strong></span> <span class='ocrx_word' id='word_1_278' title='bbox 613 3132 660 3182; x_wconf 86' lang='lat' dir='ltr'><strong>dia</strong></span> <span class='ocrx_word' id='word_1_279' title='bbox 678 3147 766 3196; x_wconf 83' lang='lat' dir='ltr'><strong>paeon</strong></span> <span class='ocrx_word' id='word_1_280' title='bbox 789 3131 816 3180; x_wconf 88' lang='lat' dir='ltr'><em>V</em></span> <span class='ocrx_word' id='word_1_281' title='bbox 883 3134 924 3182; x_wconf 80' lang='lat'><strong>13,</strong></span> <span class='ocrx_word' id='word_1_282' title='bbox 947 3146 1044 3181; x_wconf 74' lang='lat' dir='ltr'><strong>uerat*</strong></span> <span class='ocrx_word' id='word_1_283' title='bbox 1063 3132 1144 3194; x_wconf 80' lang='lat' dir='ltr'><strong>(uou-</strong></span> 
     </span>
     <span class='ocr_line' id='line_1_36' title="bbox 170 3197 1141 3264; baseline 0.001 -16"><span class='ocrx_word' id='word_1_284' title='bbox 170 3214 213 3250; x_wconf 83' lang='lat' dir='ltr'><strong>sts</strong></span> <span class='ocrx_word' id='word_1_285' title='bbox 232 3206 292 3249; x_wconf 85' lang='lat' dir='ltr'><strong>ante</strong></span> <span class='ocrx_word' id='word_1_286' title='bbox 309 3199 375 3262; x_wconf 82' lang='lat' dir='ltr'><strong>roe.)</strong></span> <span class='ocrx_word' id='word_1_287' title='bbox 394 3201 419 3249; x_wconf 87' lang='lat' dir='ltr'><em>D</em></span> <span class='ocrx_word' id='word_1_288' title='bbox 490 3200 531 3251; x_wconf 85' lang='lat'><strong>18.</strong></span> <span class='ocrx_word' id='word_1_289' title='bbox 551 3199 710 3251; x_wconf 83' lang='lat' dir='ltr'><strong>conlatione</strong></span> <span class='ocrx_word' id='word_1_290' title='bbox 732 3199 761 3249; x_wconf 90' lang='lat' dir='ltr'><em>V</em></span> <span class='ocrx_word' id='word_1_291' title='bbox 773 3201 845 3263; x_wconf 80' lang='lat' dir='ltr'><strong>culpo</strong></span> <span class='ocrx_word' id='word_1_292' title='bbox 915 3197 1088 3264; x_wconf 75' lang='lat' dir='ltr'><strong>adpnoeastn</strong></span> <span class='ocrx_word' id='word_1_293' title='bbox 1107 3201 1141 3261; x_wconf 89' lang='lat' dir='ltr'><strong>D,</strong></span> 
     </span>
     <span class='ocr_line' id='line_1_37' title="bbox 170 3265 1142 3333; baseline -0.001 -15"><span class='ocrx_word' id='word_1_294' title='bbox 170 3269 281 3320; x_wconf 71' lang='lat' dir='ltr'><strong>cornel</strong></span> <span class='ocrx_word' id='word_1_295' title='bbox 351 3270 391 3318; x_wconf 87' lang='grc'><strong>19.</strong></span> <span class='ocrx_word' id='word_1_296' title='bbox 414 3281 505 3333; x_wconf 71' lang='lat' dir='ltr'><strong>petina</strong></span> <span class='ocrx_word' id='word_1_297' title='bbox 526 3268 551 3317; x_wconf 88' lang='lat' dir='ltr'><em>D</em></span> <span class='ocrx_word' id='word_1_298' title='bbox 620 3269 661 3318; x_wconf 77' lang='lat'><strong>20.</strong></span> <span class='ocrx_word' id='word_1_299' title='bbox 683 3265 869 3317; x_wconf 73' lang='lat' dir='ltr'><strong>dianessanon</strong></span> <span class='ocrx_word' id='word_1_300' title='bbox 892 3267 958 3328; x_wconf 84' lang='lat' dir='ltr'><strong>DV,</strong></span> <span class='ocrx_word' id='word_1_301' title='bbox 982 3265 1027 3316; x_wconf 83' lang='grc' dir='ltr'><strong>διὰ</strong></span> <span class='ocrx_word' id='word_1_302' title='bbox 1045 3265 1142 3317; x_wconf 78' lang='grc' dir='ltr'>τεττά-</span> 
     </span>
     <span class='ocr_line' id='line_1_38' title="bbox 169 3332 1142 3401; baseline -0.002 -15"><span class='ocrx_word' id='word_1_303' title='bbox 169 3349 230 3399; x_wconf 82' lang='grc' dir='ltr'><strong>ρων</strong></span> <span class='ocrx_word' id='word_1_304' title='bbox 253 3336 325 3399; x_wconf 85' lang='lat' dir='ltr'><strong>oulpo</strong></span> <span class='ocrx_word' id='word_1_305' title='bbox 396 3337 556 3401; x_wconf 70' lang='lat' dir='ltr'><strong>simphoniis</strong></span> <span class='ocrx_word' id='word_1_306' title='bbox 579 3337 603 3384; x_wconf 88' lang='lat' dir='ltr'><em>D</em></span> <span class='ocrx_word' id='word_1_307' title='bbox 678 3337 719 3384; x_wconf 80' lang='lat'><strong>22.</strong></span> <span class='ocrx_word' id='word_1_308' title='bbox 742 3336 883 3399; x_wconf 88' lang='lat' dir='ltr'><strong>proportio</strong></span> <span class='ocrx_word' id='word_1_309' title='bbox 911 3335 937 3383; x_wconf 95' lang='lat' dir='ltr'><em>V</em></span> <span class='ocrx_word' id='word_1_310' title='bbox 1003 3332 1142 3399; x_wconf 75' lang='lat' dir='ltr'><strong>disperare</strong></span> 
     </span>
     <span class='ocr_line' id='line_1_39' title="bbox 169 3399 1143 3519; baseline 0.001 -67"><span class='ocrx_word' id='word_1_311' title='bbox 169 3404 231 3464; x_wconf 82' lang='lat' dir='ltr'><strong>DV,</strong></span> <span class='ocrx_word' id='word_1_312' title='bbox 251 3400 303 3519; x_wconf 54' lang='lat' dir='ltr'><strong>ordi</strong></span> <span class='ocrx_word' id='word_1_313' title='bbox 311 3399 398 3453; x_wconf 86' lang='grc' dir='ltr'>πέντε</span> <span class='ocrx_word' id='word_1_314' title='bbox 405 3407 487 3519; x_wconf 52' lang='grc' dir='ltr'><strong>θνὶρο</strong></span> <span class='ocrx_word' id='word_1_315' title='bbox 556 3404 597 3455; x_wconf 78' lang='grc'><strong>24.</strong></span> <span class='ocrx_word' id='word_1_316' title='bbox 621 3400 757 3467; x_wconf 83' lang='grc' dir='ltr'>διὰττημα</span> <span class='ocrx_word' id='word_1_317' title='bbox 775 3402 871 3453; x_wconf 83' lang='lat' dir='ltr'><strong>faeere</strong></span> <span class='ocrx_word' id='word_1_318' title='bbox 889 3399 934 3452; x_wconf 86' lang='grc' dir='ltr'><strong>διὰ</strong></span> <span class='ocrx_word' id='word_1_319' title='bbox 951 3403 1051 3452; x_wconf 81' lang='grc' dir='ltr'>πατῶν</span> <span class='ocrx_word' id='word_1_320' title='bbox 1068 3406 1143 3468; x_wconf 77' lang='lat' dir='ltr'><strong>volgo</strong></span> 
     </span>
    </p>

    <p class='ocr_par' dir='ltr' id='par_1_5' title="bbox 239 3485 382 3535">
     <span class='ocr_line' id='line_1_40' title="bbox 239 3485 382 3535; baseline 0 -15"><span class='ocrx_word' id='word_1_321' title='bbox 239 3485 286 3520; x_wconf 88' lang='lat' dir='ltr'><strong>cor</strong></span> <span class='ocrx_word' id='word_1_322' title='bbox 306 3486 382 3535; x_wconf 78' lang='lat' dir='ltr'><strong>aruq3</strong></span> 
     </span>
    </p>
   </div>
   <div class='ocr_carea' id='block_1_5' title="bbox 0 0 1214 3936">
    <p class='ocr_par' dir='ltr' id='par_1_6' title="bbox 0 0 1214 3936">
     <span class='ocr_line' id='line_1_41' title="bbox 0 0 1214 3936; baseline 0 0"><span class='ocrx_word' id='word_1_323' title='bbox 0 0 1214 3936; x_wconf 95' lang='lat' dir='ltr'><strong> </strong></span> 
     </span>
    </p>
   </div>
  </div>
 </body>
</html>
