2414 3924
538 229 778 294 -198-

163 388 226 424 rum
248 371 344 440 partes
365 367 494 423 medetur
515 373 558 422 48.
591 368 627 434 cf.

163 435 349 507 κατωτερικός
368 442 385 508 (.
398 483 404 494 .
416 438 628 494 .medicamini·

162 512 215 566 bue
238 511 314 582 potis
338 526 410 580 quae
433 509 535 567 Graeci
561 525 628 564 ano·

162 583 251 638 terica
269 582 443 637 vocaverunt
462 581 535 636 Geel.
555 581 627 636 Aur.

163 655 218 709 clar.
240 659 265 721 4,
280 660 315 709 64
333 670 395 722 opp.
415 669 486 720 quae
507 652 628 721 clystere

163 724 317 779 iniciuntur
334 726 392 793 10.)

145 786 237 864 ἁπλῆ
246 794 424 867 deulewart
438 791 560 862 simplici
569 809 627 848 cor-

163 867 289 921 rectione
304 863 491 934 (correptione
506 882 538 933 p,
558 879 626 918 corr.

164 937 340 993 correctione
346 938 369 1005 1)
381 935 534 989 divisorem
544 934 627 1003 (Occi.

163 1009 246 1077 Aer.)
258 1008 347 1074 dabis,
357 1023 423 1061 nam
434 1005 534 1061 Graeci
544 1005 628 1076 aplen

165 1079 285 1134 dieresin
303 1080 413 1134 vocant.
434 1082 476 1131 18.

146 1141 316 1218 ἆπόζεμαε
366 1148 460 1202 urinas
506 1147 628 1217 simplici

165 1221 321 1290 apozimate
340 1218 506 1289 provocabis
526 1235 560 1273 ex
581 1218 627 1272 de-

165 1290 291 1346 coctione
314 1290 372 1359 apii
396 1290 426 1344 et
448 1288 525 1344 aneti
543 1307 566 1358 p
593 1295 626 1343 57

165 1360 243 1432 (Sim.
258 1377 279 1416 s.
298 1360 426 1430 apozima
440 1360 566 1415 decoctio
586 1359 627 1414 di·

164 1449 307 1488 versarum
326 1431 528 1487 medicinarum
540 1474 545 1485 .
556 1474 563 1487 .
575 1433 602 1500 .).

147 1495 430 1575 ciaoapovoccxda:
479 1502 627 1571 collyrium

165 1574 372 1646 apocrusticum
385 1572 557 1628 Hermolaou
572 1575 627 1627 sta·

163 1646 242 1702 ticon
269 1645 444 1714 appellatum
466 1644 576 1713 (Actias
602 1649 626 1712 7,

166 1719 228 1787 102)
259 1715 366 1771 faciens
377 1757 383 1769 .
396 1755 402 1768 .
413 1757 419 1769 .
432 1715 468 1768 ad
500 1716 628 1769 reumata

164 1787 328 1858 repellenda
355 1788 385 1842 et
412 1783 579 1840 desiccanda
609 1801 628 1854 9

113 1912 116 1918 .
165 1865 208 1915 20.
250 1860 284 1926 cf.
310 1857 406 1914 Simon
428 1873 449 1913 a.
474 1856 629 1927 apoorusti·

166 1947 230 1984 cum
244 1945 326 2001 grece
336 1927 558 1999 repercussivum
568 1925 629 1981 red·

166 2019 285 2072 arguens
316 2002 349 2055 ut
376 1998 576 2069 Dia(scorides)
601 1998 629 2052 et

166 2071 276 2128 Cassius
307 2072 387 2126 Felix
420 2087 460 2124 oa.
494 2069 529 2124 de
565 2069 628 2123 oleo

164 2143 278 2197 mirtino
298 2144 326 2212 (i.
341 2159 362 2195 e.
379 2141 470 2196 Gessit
488 2140 629 2209 appendic

167 2213 260 2267 Paria
274 2214 295 2281 f.
312 2211 371 2278 85b,
384 2213 434 2266 eet
446 2213 499 2266 aie:
514 2211 629 2265 Mirtum

165 2282 284 2339 viridem
308 2284 337 2338 et
360 2283 498 2336 minutam
524 2297 627 2349 coques

164 2354 195 2409 in
217 2370 292 2424 aqua
316 2355 345 2408 et
363 2353 426 2407 oleo
446 2352 534 2407 donec
554 2368 628 2421 aqua

164 2426 333 2493 insumatur,
357 2425 527 2479 nontamen
545 2422 629 2477 nimis

148 2514 200 2568 ‚ne
214 2496 307 2552 oleum
322 2495 428 2562 ardeat,
442 2496 472 2548 et
483 2494 628 2548 redactum

165 2569 228 2623 usui
242 2566 404 2623 reservabis.
432 2564 519 2619 habet
533 2567 629 2618 autem

165 2639 298 2694 virtutem
313 2635 518 2707 apocrusticam
536 2634 567 2688 id
585 2636 630 2689 est

165 2709 400 2778 redarguentem).

148 2771 355 2848 ἀποπληξίαι
398 2775 550 2846 apoplexia
586 2777 628 2830 est

166 2851 243 2906 dicta
250 2850 344 2934 passio
354 2848 391 2903 ab
403 2864 436 2902 eo
446 2847 522 2916 quod
531 2845 628 2901 morti·

164 2923 224 2977 fero
247 2923 308 2976 retu
335 2918 459 2988 corporis
488 2918 572 2973 simul
600 2920 629 2972 et

166 2993 276 3048 animae
287 2990 435 3048 concidant
447 2989 628 3059 patientes...

166 3082 231 3120 nam
242 3064 345 3119 dicitur
350 3061 501 3132 apoplexia
509 3062 539 3115 et
547 3077 628 3130 para-

166 3136 268 3206 plexia.
283 3135 332 3191 sed
345 3132 506 3203 apoplexia.
516 3131 629 3187 ..totius

167 3207 290 3278 corporis
314 3223 375 3262 esse
400 3203 628 3274 intellegitur...

165 3278 330 3350 paraplexia
342 3292 410 3345 vero
428 3275 458 3329 in
473 3290 530 3329 una
547 3274 629 3343 parte

160 3351 289 3430 ‚corporis
308 3347 428 3404 efficitur
447 3351 490 3401 66.

148 3414 630 3487 andernaco:collectionesGraeoi

167 3489 343 3557 apostemata
361 3486 533 3558 (eruptiones
549 3487 628 3557 piosa.

698 368 789 423 interi.
809 370 849 437 9⁰)
868 369 972 423 vocant
991 375 1023 424 18
1038 371 1088 438 (sio
1101 387 1162 441 pop,

699 443 729 493 at
743 438 839 494 Simon
847 455 868 494 a
880 441 1020 510 apostasia
1034 441 1080 496 vel
1094 459 1162 511 apo-

699 512 805 565 staseos
817 526 899 579 grece
913 514 1065 579 apostema.
1095 511 1162 568 Cas-

699 579 756 636 sius
774 579 867 636 Felir:
886 582 1067 638 collectiones
1085 585 1164 654 greci

700 652 864 721 apostaseos
891 656 1004 722 vocant)
1034 679 1068 699 =
1097 656 1161 710 Isid.

700 727 725 789 4,
741 728 766 790 7,
788 727 829 777 19.
855 718 1042 792 ἄποστήματα
1061 751 1095 770 =
1114 726 1163 779 ab·

700 809 807 848 acessus
818 792 885 848 Gela
896 799 921 862 2,
939 799 952 847 1
970 795 1162 881 §collectiones

700 863 827 919 occultae
842 889 876 908 ι-
890 858 1060 934 ἒμπυηματα
1078 883 1099 920 c.
1115 872 1163 921 21.

700 935 735 1001 cf.
752 933 824 989 Geel.
838 935 910 989 Aer.
925 936 981 989 etr.
1000 940 1026 1004 5,
1040 938 1095 1005 91).

682 995 895 1077 dedecoraret:
914 1005 1036 1061 artritici
1052 1009 1115 1076 (rec.
1131 1026 1163 1078 ep

699 1076 824 1143 artetici‚
843 1077 879 1144 cf.
894 1075 960 1132 Sim.
974 1093 995 1132 a.
1016 1079 1164 1134 arthritice

699 1163 782 1218 grece
804 1146 934 1216 artetica)
959 1149 1012 1216 def.
1033 1155 1065 1203 02
1091 1151 1162 1220 (diffl

698 1217 847 1287 podagrici
866 1243 901 1264 =
921 1217 993 1274 Geel.
1015 1220 1086 1277 Aer.
1106 1223 1161 1275 chr.

700 1294 729 1356 5,
762 1290 816 1358 27).
874 1288 1032 1346 articularis
1069 1293 1163 1361 passio

701 1358 773 1416 Geel.
805 1360 856 1427 (cf.
872 1361 970 1428 Plio).

681 1421 862 1502 ἆρκευθὶςτ
885 1431 1007 1503 iuniperi
1029 1433 1162 1488 bacarum

700 1518 769 1570 quas
802 1501 904 1558 Graeci
940 1503 1091 1558 aroiotidas
1128 1507 1161 1570 (e,

700 1573 823 1628 orotidas
850 1574 885 1642 p)
917 1576 1021 1628 vocant
1052 1591 1085 1644 cp
1117 1581 1159 1630 49.

692 1644 746 1728 ‚(cf.
765 1643 858 1700 Dicae.
880 1650 903 1710 1,
924 1647 993 1713 103).

681 1709 849 1785 cordacis
862 1717 927 1771 eta:
941 1715 1068 1770 artomeli
1076 1717 1162 1782 (rece

700 1786 824 1852 —melli)
838 1786 1011 1856 cataplasma
1021 1792 1055 1840 44
1070 1787 1162 1856 (panis

701 1856 1161 1926 cummellefactuaSimoa).Alccc.

701 1929 749 1982 lat.
763 1933 851 1995 2,120
867 1929 923 2011 (cit.
939 1927 1024 1997 Sim).
1048 1929 1083 1995 cf.
1099 1929 1162 1983 Gal.

701 1998 749 2068 (X,
774 2003 825 2054 796
848 2018 880 2053 το
906 1995 1081 2068 καλούμενον
1105 1995 1162 2053 ὑπὸ

700 2069 757 2122 τῶν
776 2067 880 2135 ἰατρῶν
894 2063 1035 2140 cioco'petc.
1057 2072 1094 2126 ib.
1110 2077 1162 2125 910

694 2140 773 2222 ρέα),
794 2139 902 2196 Oritas.
917 2146 965 2196 etc.

683 2204 892 2282 αρτοφάγονε
926 2212 1099 2280 cataplasma
1129 2230 1162 2266 ex

700 2279 835 2334 lenticula
847 2282 876 2334 et
889 2297 962 2349 pane
977 2282 1088 2337 adiecto
1104 2301 1162 2338 mo-

700 2351 762 2406 dico
786 2350 870 2406 melle
892 2351 1063 2419 confectum,
1088 2355 1163 2422 quod

700 2421 850 2492 artofagon
875 2424 978 2477 vocant
1000 2430 1043 2481 32.
1080 2425 1164 2479 lenti·

700 2492 765 2548 cula
783 2535 789 2549 .
804 2537 810 2550 .
826 2536 832 2549 .
847 2492 916 2548 trita
952 2510 1016 2548 cum
1053 2495 1163 2550 modico

700 2564 785 2620 melle
813 2566 842 2620 et
868 2579 941 2634 pane
968 2565 1060 2619 infuso
1088 2569 1163 2620 cata-

700 2635 865 2706 plasmebis,
886 2635 960 2704 quod
974 2635 1075 2691 Graeci
1089 2639 1163 2692 arto-

700 2707 715 2760 f
751 2706 798 2762 ‘on
813 2708 868 2777 (op,
887 2707 1055 2778 artopagion
1069 2710 1094 2777 c)
1114 2726 1164 2777 ap-

700 2794 736 2846 pe
760 2779 810 2832 ent
828 2784 871 2833 22.

682 2844 915 2915 dedecorari&
941 2849 1083 2905 aetmatici
1101 2852 1162 2919 (rec.

701 2919 833 2974 asmatici
862 2937 922 2990 pop.
979 2923 1013 2987 ef.
1042 2921 1107 2975 Sim.
1141 2937 1160 2973 a.

700 3006 780 3045 asma
798 2992 842 3046 cit.
864 2992 948 3047 Paul.
962 2997 987 3045 et
1004 3007 1025 3046 e.
1041 2990 1163 3056 asthma)

701 3061 833 3116 dicuntur
856 3061 945 3116 latino
968 3076 1094 3115 sermone
1113 3077 1162 3113 an-

701 3131 792 3187 helosi
813 3131 862 3187 vel
884 3129 1036 3200 suspiriosi.
1060 3136 1093 3184 41
1116 3132 1161 3198 (cf.

701 3202 844 3259 anhelatio
873 3201 941 3257 Gela.
970 3207 998 3270 4,
1027 3206 1051 3254 8.
1091 3200 1162 3257 Cael.

701 3277 790 3341 orac,
811 3275 881 3341 102).

682 3334 834 3411 dextans:
867 3343 967 3410 (altera
998 3344 1165 3413 hydropicae

697 3414 839 3482 passionis
881 3415 1029 3481 distantia)
1067 3432 1084 3468 a
1116 3432 1165 3469 ve-

701 3483 808 3539 teribus
832 3484 931 3541 aseites
952 3486 1114 3540 nominatur
1132 3486 1163 3539 id
