2416 3936
426 223 495 270 nm.
509 224 542 270 v.
565 222 641 270 our.
657 223 752 269 xxvr.
1028 213 1085 273 191

156 376 205 436 22.
228 375 265 435 Et
281 376 421 436 adversus
436 375 632 454 profusionem
649 376 764 453 quidem
778 375 806 433 in
821 376 865 435 his
877 376 1013 436 auxilium
1025 386 1086 436 est:

91 461 233 521 adversus
247 459 496 520 inflammationem
510 468 602 518 autem
617 461 644 519 in
663 461 728 536 ipso
744 460 891 535 sanguinis
909 478 1005 519 cursu.
1044 459 1088 520 Ea

91 545 186 605 timeri
210 552 323 620 potest,
349 542 397 601 ubi
418 542 528 601 laesum
544 552 588 602 est
606 543 653 602 vel
671 559 722 618 os,
751 542 800 601 vel
815 561 936 619 nervus,
962 543 1009 602 vel
1026 560 1087 602 car-

90 629 201 704 tilago,
232 626 280 685 vel
302 627 461 695 musculum
496 635 543 686 aut
564 625 611 685 ubi
630 644 730 705 parum
753 627 901 702 sauguinis
926 644 980 705 pro
1002 627 1088 687 modo

66 711 222 776 evulneris
237 710 328 770 [luxit.
365 710 445 785 lingo
462 711 577 788 quoties
593 710 660 788 quid
676 710 734 769 tale
752 711 822 784 erit,
847 712 1016 787 sanguinem
1031 728 1087 771 nra·

91 806 155 855 ture
173 795 357 871 supprimere
378 811 435 853 non
458 793 621 871 oportebit;
645 793 697 853 sed
714 794 773 872 pati
788 792 895 868 iluere,
920 794 984 852 dum
999 803 1088 854 tutum

92 880 163 950 erit,
189 877 262 936 adeo
285 886 314 936 ut
340 878 487 955 siparum
510 877 628 936 fluxisse
645 877 805 951 videbitur,
830 878 901 936 mitti
918 895 1034 955 quoque
1050 897 1088 937 ex

91 960 212 1021 brachio
234 960 355 1028 debeat;
385 961 482 1039 utique
502 962 526 1018 si
550 978 656 1039 corpus
679 960 811 1035 juvenile
839 969 867 1018 et
889 961 1036 1019 robustum
1061 969 1089 1020 et

91 1046 281 1105 exercitatum
298 1053 357 1103 est:
374 1042 523 1121 multoque
538 1046 646 1120 magis,
663 1045 687 1103 si
703 1043 732 1102 id
746 1043 848 1103 vulnus
865 1044 991 1103 ebrietas
1004 1063 1087 1122 prae·

56 1149 81 1189 ro
93 1129 192 1189 cessit.
216 1127 300 1202 Quod
316 1128 340 1185 si
355 1126 500 1186 musculus
514 1126 611 1187 laesus
623 1127 778 1203 videbitur,
797 1127 1008 1205 praecidendus
1018 1129 1087 1187 erit:

91 1230 156 1272 nam
173 1229 346 1288 percursus,
363 1211 528 1270 mortiferus
544 1221 602 1279 est;
623 1213 788 1289 praecisus,
806 1213 955 1270 sanitatem
973 1212 1087 1290 recipit.

153 1295 203 1354 23.
234 1295 381 1371 Sanguine
403 1303 496 1353 autem
517 1295 565 1353 vel
586 1311 764 1373 suppresso,
786 1297 810 1353 si
832 1296 935 1354 nimius
949 1296 1087 1374 erumpit;

91 1379 140 1437 vel
162 1378 319 1453 exhausto,
350 1380 374 1436 si
397 1396 503 1457 perse
526 1396 625 1457 parum
646 1378 742 1447 iluxit;
772 1378 861 1455 longe
887 1381 1022 1457 optimum
1044 1387 1090 1437 est

91 1462 196 1520 vulnus
220 1461 363 1539 glutinari.
408 1462 508 1521 Potest
533 1471 626 1522 autem
650 1461 678 1521 id
701 1460 780 1539 quod
803 1463 851 1521 vel
874 1464 902 1520 in
929 1472 1011 1537 cute,
1040 1462 1088 1522 vel

58 1560 82 1599 ιε
94 1546 179 1604 etiam
195 1546 223 1603 in
241 1562 328 1605 carne
344 1554 405 1621 est,
422 1546 446 1604 si
460 1545 528 1605 nihil
545 1547 571 1604 ei
587 1555 742 1623 praeterea
756 1544 822 1603 mali
840 1546 969 1604 accedit:
994 1554 1089 1624 potest

93 1647 162 1688 caro
184 1628 240 1687 alia
263 1637 345 1706 parte
367 1628 551 1707 dependens,
573 1630 627 1688 alia
649 1628 817 1696 inhaerens;
839 1631 863 1686 si
879 1637 974 1687 tamen
991 1631 1088 1688 etiam·

91 1730 156 1771 num
178 1713 290 1788 integra
314 1721 374 1788 est,
402 1721 431 1772 et
452 1713 654 1786 conjunctione
679 1712 813 1789 corporis
837 1711 961 1771 lovetur.
999 1711 1031 1770 ln
1053 1712 1089 1770 iis

92 1813 164 1855 vero
188 1813 262 1872 quae
284 1795 476 1872 glutinantur,
504 1795 742 1872 duplexcuratio
767 1803 820 1853 est.
857 1793 929 1853 Nam
953 1796 977 1853 si
1000 1795 1088 1872 plaga

93 1881 121 1937 in
142 1878 222 1937 molli
244 1889 326 1957 parte
347 1889 407 1955 εει,
432 1880 476 1938 sui
492 1878 592 1947 debet;
616 1880 811 1956 maximeque,
834 1880 857 1937 si
873 1878 995 1937 discissa
1011 1879 1088 1936 auris

56 1983 83 2023 ro
93 1966 147 2021 ima
163 1971 221 2038 est,
240 1963 288 2022 vel
304 1962 376 2022 inrus
391 1982 493 2038 nasus,
511 1962 559 2021 vel
574 1963 672 2038 frons,
688 1963 736 2020 vel
749 1961 858 2038 bucca,
875 1961 923 2021 vel
936 1961 1087 2039 palpebra,

91 2047 139 2105 vel
160 2047 287 2121 labrum,
311 2047 359 2105 rel
383 2049 460 2106 circa
479 2054 575 2123 guttur
599 2047 690 2121 cutis,
715 2044 762 2103 vel
777 2053 889 2104 venter.
927 2047 956 2104 Si
973 2046 1088 2103 veroin

93 2149 179 2189 carne
195 2130 297 2189 vulnus
315 2139 377 2205 est,
399 2131 530 2208 hiatque,
556 2149 651 2209 neque
667 2131 695 2188 in
712 2147 796 2187 unum
813 2146 883 2188 orae
899 2128 986 2188 facile
1002 2136 1087 2187 attra-

91 2214 210 2286 buntur,
234 2223 329 2272 sutura
352 2214 466 2290 quidem
487 2215 579 2274 aliena
602 2223 662 2282 est;
684 2213 875 2292 imponendae
894 2230 965 2271 vero
982 2211 1088 2271 fibulae

93 2306 172 2364 sunt;
196 2290 361 2376 ἀγκτῆρας
374 2297 477 2358 Graeci
493 2301 654 2367 nominant;
671 2316 745 2375 quae
763 2315 845 2371 oras,
863 2296 977 2374 paulum
994 2305 1088 2356 tamen

55 2404 82 2443 25
93 2380 278 2454 contrahant,
295 2398 350 2458 quo
365 2382 457 2440 minus
472 2381 529 2442 lata
544 2392 648 2461 postea
665 2383 784 2441 cicatrix
799 2383 844 2440 sit.
872 2380 918 2440 Ex
932 2381 976 2439 his
993 2389 1088 2440 autem

93 2463 194 2538 colligi
215 2472 329 2542 potest,
355 2465 383 2523 id
403 2483 518 2543 quoque
542 2466 618 2545 quod
639 2467 693 2525 alia
719 2475 800 2543 parte
823 2464 1010 2543 dependens,
1032 2463 1088 2526 alia

91 2547 271 2623 inhaerebit,
297 2549 320 2606 si
336 2547 489 2608 alienatum
505 2549 597 2609 adhuc
612 2567 670 2609 non
686 2559 746 2623 est,
763 2559 904 2623 suturam,
921 2568 956 2609 an
974 2548 1089 2607 fibulam

92 2630 229 2708 postulet.
267 2630 312 2689 nx
337 2631 440 2709 quibus
461 2643 561 2694 neutra
584 2642 650 2693 onte
670 2633 757 2692 debet
772 2635 895 2712 imponi,
917 2652 1000 2711 quam
1015 2633 1089 2691 intus

92 2715 195 2771 vulnus
219 2723 369 2789 purgatum
390 2726 450 2783 est3
471 2736 507 2776 ne
530 2717 597 2795 quid
616 2718 655 2776 ibi
681 2718 810 2777 concreti
831 2720 978 2794 sanguinis
1002 2716 1087 2775 relin-

55 2820 81 2861 no
92 2806 205 2880 quatum
227 2796 259 2855 ld
275 2798 348 2856 euim
364 2808 391 2857 et
407 2801 434 2858 in
451 2819 503 2878 pus
518 2803 654 2877 vertitur,
672 2811 701 2860 et
716 2801 964 2861 inflammationem
980 2807 1087 2871 movet,

93 2891 121 2940 et
138 2879 273 2955 glutinari
289 2880 391 2940 vulnus
407 2884 552 2961 prohibet.
589 2885 634 2944 Ne
657 2885 839 2945 linamentum
854 2885 984 2962 quidem,
1011 2880 1089 2958 quod

92 2963 291 3041 supprimendi
315 2969 460 3041 sanguinis
486 2987 572 3029 causa
593 2970 710 3028 inditum
733 2979 793 3043 εει,
817 2968 856 3026 ibi
872 2963 1088 3043 relinquendum

92 3058 152 3107 est:
177 3065 241 3107 narn
263 3048 290 3106 id
312 3065 426 3127 quoque
446 3052 608 3112 inllammat.
647 3050 861 3128 Comprehendi
885 3066 955 3107 vero
979 3056 1087 3119 sutura,

91 3133 139 3190 vel
165 3131 268 3205 fibula,
292 3150 349 3191 non
377 3143 468 3193 cutem
489 3145 612 3210 tantum,
639 3136 689 3194 sed
708 3134 814 3211 aliquid
832 3134 915 3192 etiarn
935 3150 971 3189 ex
988 3147 1087 3204 carne,

55 3217 140 3275 anubi
165 3217 275 3275 suberit
297 3215 386 3292 haec,
411 3221 573 3295 oportebit;
597 3236 654 3296 quo
678 3218 820 3276 valentius
835 3215 969 3289 haereat,
992 3230 1088 3291 neque

92 3310 185 3358 cutem
209 3301 368 3378 abrumpat.
408 3303 538 3380 Utraque
563 3304 668 3379 optima
692 3311 736 3359 est
758 3319 796 3359 ex
818 3300 881 3359 aoia
904 3298 1000 3371 molli,
1030 3313 1088 3356 rron

91 3386 173 3441 nimis
191 3394 280 3460 torta,
298 3403 354 3461 quo
370 3386 466 3444 mitius
484 3388 603 3464 corpori
619 3386 730 3444 insidat.
753 3385 883 3460 Utraque
898 3399 993 3459 neque
1006 3382 1088 3438 nimis

90 3485 173 3540 rara,
195 3486 289 3545 neque
306 3470 389 3528 nimis
406 3470 508 3531 crebra
523 3468 686 3545 injicienda.
722 3470 752 3528 Si
767 3469 848 3527 nimis
864 3483 927 3526 rara
946 3472 1006 3541 est,
1031 3481 1088 3524 non
