2414 3924
527 193 768 257 -156-

140 338 246 399 rodino
275 336 469 399 embrooabis.
510 345 579 417 post
605 337 678 398 haec
707 335 763 398 suh
787 336 927 400 umhilico
955 338 1005 415 ilia
1027 349 1157 420 utraque

139 436 170 489 et
197 445 285 488 coxas
313 433 344 487 et
371 445 512 488 manuum
539 433 570 487 et
596 427 708 506 pedum
735 428 920 489 summitates
948 435 1071 490 rutaceo
1105 438 1156 492 aut

140 517 270 596 sicyonio
295 522 346 576 aut
368 515 434 576 oleo
457 516 552 576 veteri
574 531 755 594 perungues.

228 603 318 665 aliud.
360 605 456 683 sinapi
483 623 552 665 cum
580 605 686 664 caricis
714 610 745 664 et
773 603 866 664 farina
893 603 1058 668 hordeacea
1086 625 1156 668 cnm

112 700 223 753 saceto
251 692 373 755 decocta
402 700 433 753 et
459 694 491 752 in
520 691 727 772 cataplasmate
755 691 920 754 visceribus
948 694 1077 756 adhibita
1105 714 1155 756 ex·

138 783 231 843 citant
253 781 440 860 lethargicos.

227 869 315 931 ahud.
357 869 463 930 domus
492 869 638 930 luminosa
670 877 701 930 et
728 872 870 930 stramina
896 869 971 931 dura
998 880 1049 934 aut
1072 881 1155 933 certe

139 957 245 1038 frigida
268 959 407 1019 stratoria
430 956 579 1019 substrata
603 960 733 1020 excitant
757 958 900 1019 similiter.

227 1046 316 1108 aliud.
354 1045 448 1126 thymi
471 1064 555 1126 cyma
580 1049 613 1107 in
636 1055 720 1108 aceto
743 1046 868 1108 decocta
891 1065 959 1108 cum
982 1048 1070 1108 melle
1094 1048 1155 1109 suf-

99 1151 125 1190 1o
139 1136 252 1196 ficienti
278 1138 344 1215 ipso
372 1134 488 1214 liquore
518 1137 564 1195 ori
591 1136 691 1197 infuso
723 1135 823 1197 educit
850 1134 956 1215 flegma
977 1145 1014 1210 ¹et
1046 1139 1158 1198 excitat

138 1223 325 1303 lethargicos.

229 1311 317 1373 ahud.
354 1315 532 1373 sternutatio
551 1314 647 1392 spissa
665 1332 702 1373 ex
721 1312 857 1373 euforhio
880 1312 928 1373 vel
950 1312 1079 1374 struthio
1103 1323 1156 1374 aut

138 1419 175 1461 ex
198 1402 301 1480 pipere
326 1408 356 1461 et
380 1409 514 1462 castoreo
539 1403 656 1462 excitat.
992 1453 995 1458 .

228 1488 315 1549 aliud.
333 1530 338 1541 .
358 1491 463 1569 capitis
490 1507 595 1550 rasura
623 1491 732 1550 excitat
761 1491 787 1550 si
818 1493 915 1551 urtica
946 1490 1070 1550 feriatur
1102 1497 1153 1550 ant

98 1593 124 1634 15
140 1576 200 1638 sale
223 1578 356 1639 fricetur.

435 1722 549 1798 LXllll.
586 1737 634 1797 Ad
658 1737 855 1799 cardiacos

227 1863 281 1924 Est
296 1871 396 1924 autem
410 1861 544 1923 cardiaca
561 1864 660 1942 passio
678 1862 821 1924 distensio
841 1855 1030 1924 membranae
1045 1862 1152 1942 cordis,

138 1969 174 2012 ex
202 1970 261 2030 qua
284 1953 429 2030 contingit
457 1949 602 2012 exhalatio
629 1950 695 2012 fieri
722 1953 836 2019 animae
863 1969 917 2030 per
946 1951 1086 2013 sudorem
1110 1959 1152 2012 te-

136 2042 259 2122 tricum,
292 2047 427 2101 tumente
461 2038 633 2100 membrana
667 2038 766 2100 cordis
798 2058 834 2100 ex
866 2040 1054 2101 antecedenti
1085 2059 1152 2119 per·

97 2143 124 2184 ao
138 2129 276 2189 frictione
300 2137 352 2189 aut
374 2130 485 2189 vomitu
509 2128 660 2207 frequenti
682 2136 735 2189 aut
757 2145 794 2188 ex
816 2126 986 2209 adustione,
1013 2128 1092 2208 quod
1116 2147 1152 2189 er

138 2233 301 2276 encauseos
324 2216 436 2276 dicunt
474 2217 611 2294 sequitur
630 2224 729 2278 autem
748 2223 886 2296 aegrotos
908 2217 1063 2296 perfrictio
1083 2219 1152 2278 arti·

138 2303 288 2384 culorum,
307 2305 397 2364 nimia
415 2306 544 2383 parvitas
562 2305 680 2387 pulsus,
703 2323 792 2384 quam
811 2305 1020 2385 microsfyxian
1040 2304 1154 2387 dicunt,

210 2462 224 2509 1
246 2455 378 2511 umbilico
398 2473 439 2526 cp.
512 2456 574 2512 ilia:
594 2459 624 2513 et
641 2457 692 2512 ille
711 2474 737 2523 c,
757 2459 787 2512 et
804 2457 863 2527 ylia
877 2457 946 2527 (alie
960 2464 1023 2512 ante
1037 2460 1154 2526 corr.)p

138 2544 228 2610 (omisi
246 2544 289 2611 et).
376 2546 493 2614 utroque
512 2562 539 2613 c,
561 2548 679 2616 uterque
693 2553 729 2616 ρο
747 2552 772 2601 ct
790 2551 854 2601 onte
872 2562 941 2601 corr.
961 2562 976 2600 e
995 2547 1057 2614 (unq
1089 2553 1154 2600 onte

137 2631 206 2670 corr.
221 2616 263 2684 p).
354 2617 419 2672 fet
437 2618 512 2684 (onte
529 2619 624 2686 coxas)
642 2633 692 2672 om.
707 2634 738 2687 p.
829 2617 916 2671 3cuh
935 2616 1024 2671 veteri
1042 2562 1105 2670 oleo
1120 2634 1151 2683 p.

137 2684 270 2755 tsinape
283 2703 314 2755 p.
387 2687 523 2743 ordeacee
541 2705 567 2743 c:
587 2688 665 2743 ordei
678 2705 709 2757 p.
782 2689 847 2742 hat
865 2687 1037 2757 cataplasma
1055 2705 1082 2740 v.
1101 2688 1153 2740 ad-

136 2755 291 2812 hibendum
308 2774 330 2812 c.
404 2758 508 2814 excitat
521 2776 557 2828 p,
581 2758 669 2814 exiiet
688 2776 709 2815 c.
783 2757 923 2815 Sexcitet
936 2775 973 2828 p,
997 2759 1112 2813 excusat
1131 2775 1153 2814 c.

136 2826 235 2882 stimi
253 2844 286 2897 cp
305 2828 399 2898 (thimi
412 2847 436 2899 p
449 2832 467 2899 ).
559 2846 668 2886 comam
687 2833 791 2900 (-ma'a)
811 2847 852 2900 op.
943 2830 1152 2975 decoctemcp

136 2916 241 2969 etcum
256 2917 340 2972 melle
355 2936 376 2972 s.
390 2918 450 2990 ipn'a
463 2917 571 2987 liquore
585 2918 627 2973 ori
640 2917 747 2973 ifusum
765 2935 788 2988 a,
807 2935 871 2974 cum
885 2939 906 2975 s.
925 2919 1001 2974 mell'
1020 2921 1050 2974 et
1067 2902 1149 3010 11101ι

50 3024 52 3026 ·
119 3008 182 3075 vap‘e
199 3004 242 3060 ori
258 3006 367 3062 infusus
381 3025 413 3077 p.
486 3014 518 3060 11
538 3005 683 3076 liturgicon
701 3037 736 3047 -
755 3008 812 3077 (14)
832 3008 937 3063 excitet
954 3023 1004 3063 om.
1020 3023 1042 3062 c.
1117 3012 1151 3062 14

135 3075 160 3131 si
182 3076 285 3159 critico
306 3077 447 3133 senciatur
469 3094 528 3160 c..
583 3082 616 3132 15
639 3077 759 3203 ffiffitu‘
777 3095 807 3160 p.
901 3085 933 3134 16
956 3078 999 3134 De
1023 3079 1154 3162 cardiace

134 3163 264 3217 passione
278 3164 309 3218 p.
402 3155 434 3203 17
453 3164 548 3217 passio
571 3166 608 3205 m
628 3165 651 3204 c.
714 3149 805 3204 tenuo
824 3166 853 3218 p.
946 3155 980 3205 18
1005 3166 1093 3204 amma
1110 3167 1151 3219 op.

133 3220 219 3287 perft)
238 3220 381 3303 sudorem:
400 3219 516 3289 pfudore
525 3235 557 3288 p.
629 3218 762 3274 tetricum
774 3221 822 3288 (cf.
839 3218 911 3275 Oocl.
926 3219 962 3277 A
976 3237 1020 3275 occ.
1039 3227 1069 3288 2,
1087 3225 1152 3276 167.

133 3311 198 3361 186.
218 3311 296 3374 190):
315 3314 369 3370 aet.
388 3307 442 3364 icil
456 3325 487 3378 p.
553 3314 585 3363 19
598 3307 796 3378 per-fricatione
806 3325 836 3378 p.
901 3315 935 3363 20
950 3310 999 3363 aut
1014 3311 1108 3378 (rom.)
1122 3326 1150 3364 c:

133 3375 163 3429 et
176 3391 204 3432 n.
277 3395 362 3447 quem
381 3395 495 3434 oeuseos
514 3395 542 3445 c,
565 3396 650 3449 qnam
676 3395 827 3434 encanseos
841 3395 872 3449 p.
946 3385 979 3434 22
998 3380 1109 3450 pulsum
1129 3396 1151 3434 c.

197 3459 235 3499 'os
253 3447 341 3504 faciat
357 3465 381 3516 c,
399 3449 501 3505 micros
519 3448 587 3504 {ixii
601 3466 631 3519 p.
