2414 3924
136 193 199 257 302
422 205 457 253 ε.
472 204 504 252 ε.
520 203 620 253 curer
635 203 830 253 aunrcrnan

137 362 238 422 teriam
252 368 282 418 ct
299 378 419 419 nervum
436 360 619 438 tunicamque
642 375 743 418 corum
764 377 781 418 a
802 357 955 437 superiore
969 358 1068 419 tunica
1090 359 1136 419 di·

136 444 253 504 ducunt.
282 443 368 519 Quod
390 445 414 502 ai
436 442 551 521 aliquae
569 441 783 502 membranulae
797 440 969 520 probibent,
986 441 1136 522 scalpello

136 528 336 602 resolvuntur,
360 526 456 586 donec
470 536 536 585 ante
553 526 657 586 oeulos
671 535 732 586 tota
741 528 802 603 Jam
818 526 914 585 tunica
928 526 975 584 sit.
1003 523 1136 603 Exciaie,

136 629 213 690 quae
227 610 388 671 excidentia
402 618 483 686 eunt,
497 612 688 688 repositoque
705 609 858 683 testiculo,
881 608 919 669 ab
940 625 993 668 ora
1014 625 1136 689 quoque

138 695 202 770 ejus
216 693 361 770 rulnerie,
380 693 457 772 quod
472 695 633 770 ininguine
648 702 708 768 est,
729 692 870 754 demenda
885 691 1030 753 habenula
1044 693 1161 771 paulos

137 779 224 838 latior
239 787 301 855 est,
323 795 381 855 quo
394 778 487 852 major
501 776 589 856 plaga
603 778 650 852 sit,
666 784 696 835 et
712 777 778 855 plus
791 795 894 836 creare
915 776 1010 836 carnia
1025 779 1133 856 possit.

473 944 658 1005 CAPUT
693 946 802 1004 XXI.

340 1060 377 1109 Dc
396 1060 489 1110 omenti
504 1062 530 1109 in
546 1070 656 1110 scrotum
672 1061 784 1126 prolapsi
801 1062 938 1110 curatione.

205 1199 230 1258 i.
254 1198 292 1258 At
305 1199 330 1256 si
345 1204 490 1256 omentum
509 1195 674 1272 descendit,
698 1197 802 1257 eodem
817 1197 931 1275 quidem
947 1198 1053 1275 modo,
1074 1216 1135 1278 quo

137 1298 225 1359 supra
241 1284 378 1360 scriptum
394 1288 440 1339 εει
454 1281 536 1358 (cap.
555 1281 605 1356 19,
621 1280 688 1359 20),
705 1281 893 1359 aperiendum
909 1283 1032 1359 inguen,
1054 1282 1169 1351 dido-10

138 1362 306 1442 cendaeque
322 1365 436 1424 tunicae
449 1372 529 1424 sunt:
553 1363 791 1425 considerandum
808 1373 902 1425 autern
916 1375 977 1443 εει,
1001 1367 1135 1443 majorne

138 1450 294 1528 ismodus,
309 1468 345 1510 an
360 1450 483 1525 exiguus
498 1449 544 1510 sit.
575 1448 647 1508 Nam
661 1447 739 1526 quod
751 1448 901 1527 parvulum
913 1458 971 1527 est,
986 1468 1077 1529 super
1091 1452 1134 1510 in·

139 1553 217 1613 guen
241 1539 269 1595 in
289 1543 401 1593 uterum
425 1531 472 1591 vel
487 1531 579 1609 digito
595 1531 644 1592 rel
664 1550 768 1593 averso
786 1533 912 1610 specillo
930 1533 1135 1611 repellendum

138 1627 199 1679 est:
232 1621 256 1679 si
270 1618 336 1697 plus
350 1624 411 1691 εει,
427 1618 523 1676 sinere
540 1625 657 1694 oportet
672 1616 839 1694 dependere
850 1625 985 1696 quantum
999 1635 1037 1677 ex
1048 1627 1134 1678 utero

139 1703 306 1782 prolapsum
322 1709 380 1768 est;
404 1699 490 1778 idque
505 1699 691 1760 adurentibus
705 1700 921 1760 medicamentis
935 1701 1063 1778 illinere,
1079 1700 1167 1762 do·1e

138 1805 193 1847 nec
207 1787 362 1846 emoriatur
379 1794 408 1844 ει
430 1783 554 1844 excidat.
585 1784 704 1859 Quidam
721 1783 769 1843 bic
789 1801 905 1863 quoque
926 1785 982 1845 duo
998 1784 1057 1844 lina
1077 1803 1133 1845 acu

138 1871 299 1946 trajiciunt,
317 1869 450 1946 binisque
466 1867 646 1945 singulorum
663 1867 806 1946 capitibus
822 1868 953 1929 diversas
967 1877 1069 1948 partes
1082 1869 1133 1929 ad·

139 1957 294 2031 stringunt;
318 1951 451 2029 subque
474 1968 583 2031 acque,
606 1951 658 2011 sed
676 1951 784 2012 tardius
809 1953 955 2013 emoritur.
987 1951 1134 2028 Adjicitur

139 2048 232 2098 tamen
249 2037 296 2096 bio
312 2053 427 2114 quoque
444 2036 601 2109 celeritati,
626 2038 649 2095 si
664 2044 808 2095 omentum
824 2055 913 2114 super
931 2036 1076 2096 vinculum
1097 2037 1132 2096 il·

139 2122 234 2181 linitur
248 2120 472 2195 medicamentis,
490 2137 564 2197 quae
579 2120 622 2178 sic
638 2119 779 2194 exedunt,
804 2139 841 2178 ne
862 2119 999 2180 erodant:
1020 2112 1168 2199 σηπτᾶεε

139 2204 243 2266 Graeci
262 2212 376 2264 vocant.
397 2202 522 2262 Fuerunt
535 2205 620 2262 etiam
639 2206 686 2281 qui
703 2213 846 2263 omentum
860 2205 964 2264 forlice
981 2203 1134 2281 praecide·

137 2298 220 2348 rent:
235 2287 311 2365 quod
329 2290 355 2345 in
371 2285 491 2364 parvulo
503 2304 559 2344 non
576 2296 621 2346 εει
633 2289 841 2355 neceesarium
857 2289 881 2346 si
897 2288 988 2362 majus
998 2296 1053 2364 est,
1067 2297 1134 2366 pot-

138 2379 183 2431 est
197 2371 394 2447 profusionem
411 2369 559 2444 sanguinis
573 2371 687 2440 facere;
704 2371 845 2448 siquidem
857 2380 1000 2431 omentum
1015 2389 1135 2449 quoque

138 2454 219 2512 venis
234 2451 417 2530 quibusdam,
433 2453 517 2510 etiam
530 2453 685 2529 maj0ribus
696 2453 834 2530 illigatum
850 2465 903 2515 εει.
933 2454 1035 2533 Neque
1048 2473 1133 2532 reru,

138 2536 162 2595 si
174 2534 297 2594 discisso
313 2544 414 2594 ventre
428 2534 456 2594 id
475 2537 641 2616 prolapsum
657 2537 761 2597 lorboe
776 2539 970 2618 praeciditur,
992 2555 1080 2616 quum
1101 2548 1132 2599 ει
1142 2563 1167 2602 nn

139 2625 296 2678 emortuum
311 2619 364 2693 sit,
387 2627 416 2677 et
440 2617 522 2679 aliter
548 2623 634 2682 tutius
665 2622 752 2681 auelli
774 2640 833 2683 non
855 2625 960 2702 possit,
982 2622 1049 2682 inde
1073 2622 1132 2682 buc

138 2702 302 2781 exemplum
328 2701 558 2764 monsterendum
582 2714 636 2766 εει.
667 2705 778 2766 Vulnus
798 2715 891 2766 autem
914 2706 1017 2782 curari,
1039 2707 1065 2764 ei
1085 2725 1132 2765 re-

137 2788 236 2850 lictum
257 2796 400 2846 omentum
418 2797 480 2864 εει,
498 2798 594 2850 sutura
613 2788 715 2849 debet:
737 2791 760 2849 si
775 2789 803 2849 id
819 2789 1010 2869 ampliusluit,
1034 2798 1064 2849 et
1081 2808 1132 2849 ex-

137 2881 179 2932 tra
195 2879 354 2931 emortuum
369 2879 424 2946 εει,
441 2873 549 2933 excisis
566 2873 636 2947 nris,
653 2875 725 2932 sicut
740 2892 827 2953 supra
843 2876 1022 2953 propositum
1037 2882 1093 2933 εει.

197 2956 226 3017 2.
248 2956 279 3015 Si
300 2972 371 3015 vero
394 2955 494 3016 humor
515 2959 589 3016 intus
613 2963 673 3031 est,
703 2957 883 3018 incidendum
905 2966 964 3033 εει,
986 2959 1014 3015 in
1029 2958 1167 3034 puerinon

122 3039 269 3117 quidem,
295 3041 417 3117 ingnem
443 3040 497 3098 nisi
520 3041 548 3098 in
570 3039 615 3099 his
637 3057 751 3118 quoque
772 3041 800 3100 id
814 3041 935 3120 liquoris
951 3041 1014 3115 ejus
1036 3040 1131 3115 maior

138 3124 239 3183 modus
255 3123 406 3201 probibet:
430 3124 458 3182 in
474 3124 545 3183 viris
561 3141 649 3199 vero,
665 3132 694 3181 et
710 3123 878 3203 ubicumque
902 3124 1006 3183 multus
1027 3123 1132 3183 humor

133 3205 254 3282 eubest,
272 3216 407 3266 scrotum.
437 3205 564 3284 Deinde,
582 3207 724 3283 elinguem
738 3208 858 3268 incisum
874 3217 934 3285 εει,
960 3225 996 3267 eo
1018 3216 1130 3285 protra-

139 3289 191 3350 ctis
215 3289 335 3363 tunicis,
365 3289 467 3349 bumor
490 3290 596 3350 effundi
623 3289 724 3350 debet:
749 3293 772 3350 si
795 3301 937 3367 scrotum,
955 3300 983 3350 ct
1003 3290 1056 3350 sub
1072 3291 1131 3350 hoc

138 3373 268 3452 protinus
283 3373 379 3432 vitium
395 3382 460 3449 εει,
483 3373 551 3433 nibil
568 3372 644 3433 aliud
655 3391 739 3452 qoam
751 3374 852 3436 humor
865 3373 1064 3451 effundendus,
1078 3373 1128 3434 ab·
1140 3391 1166 3432 nn

138 3454 371 3534 scindendaeque
390 3456 574 3518 membranae
597 3466 676 3533 sunt,
697 3459 812 3535 siquae
834 3477 898 3519 eum
914 3459 1129 3524 continuerunt:

1134 3601 1151 3637 l
