2414 3924
111 240 173 304 250
394 252 427 300 n.
444 251 474 300 c.
492 252 591 301 cnusr
606 253 802 303 numentana

110 405 240 479 alumen,
267 403 315 464 vel
338 404 486 482 chalcitis,
514 406 562 464 vel
583 414 768 467 atramentum
788 408 936 469 sutorium.
975 406 1099 469 Prodest

111 489 196 548 etiam
211 488 308 548 lanies
327 497 355 546 et
376 487 547 548 abstinentia
568 500 671 566 quanta
691 492 813 551 maxima
834 491 968 570 imperari
989 499 1097 569 potest.

109 571 200 633 (llbus
223 589 290 630 esse
306 570 393 632 debet
407 571 497 631 lenis:
519 570 554 631 ad
570 573 719 650 purganda
733 582 828 634 tamen
844 574 943 634 ulcera
958 573 1100 634 interdum

109 673 214 716 caseus
230 673 268 716 ex
282 654 368 715 melle
383 663 465 714 recte
481 654 572 715 datur.

429 893 638 954 CAPUT
675 894 783 953 XII.

451 1008 488 1056 De
504 1008 607 1073 liuguae
624 1009 759 1060 ulceribus.

171 1156 299 1234 Linguae
321 1174 436 1233 quoque
462 1158 561 1218 ulcera
587 1177 644 1218 nou
671 1159 736 1220 aliis
764 1160 978 1220 medicamentis
1001 1166 1100 1235 egent,

109 1252 195 1318 quam
210 1257 283 1317 quae
301 1241 390 1317 prima
406 1251 489 1318 parte
506 1244 667 1321 superioris
685 1243 788 1321 capitis
801 1247 934 1322 exposita
946 1251 1019 1303 sunt.
1040 1242 1102 1302 Sed

109 1342 184 1402 quae
200 1325 228 1381 in
242 1322 335 1381 latere
352 1324 415 1398 ejus
431 1335 603 1400 nascuntur,
619 1325 777 1386 diutissime
795 1327 903 1386 durant.
927 1324 1101 1388 Videndum·

109 1424 166 1486 que
188 1415 233 1465 est
257 1423 321 1465 uum
344 1416 444 1468 contra
467 1409 538 1467 dens
558 1409 661 1486 aliquis
681 1411 792 1470 acutior
805 1412 856 1488 sit,
878 1412 927 1489 qui
940 1427 1100 1470 sanescere
1113 1434 1137 1475 ro

108 1508 200 1569 saepe
216 1491 297 1550 ulcus
314 1507 349 1548 eo
368 1491 435 1550 loco
452 1509 509 1551 non
524 1493 605 1561 siuit;
630 1492 754 1571 ideoque
773 1493 913 1556 limandus
932 1503 986 1553 est.

436 1726 617 1790 CAPUT
653 1731 774 1789 XIII.

310 1843 347 1894 Dc
362 1844 519 1910 parulidibus
537 1853 561 1894 et
575 1846 699 1896 ulceribus
716 1847 887 1912 gingivarum.

169 1996 271 2058 Solent
295 1997 378 2057 ctiam
394 1996 533 2056 interdum
547 1999 629 2073 juxta
645 1998 746 2057 dentes
762 1999 791 2057 in
806 1997 932 2074 gingivis
949 1995 1101 2055 tubercula

107 2081 246 2160 quaedam
265 2081 332 2140 oriri
346 2082 489 2141 dolentia:
507 2079 711 2160 παρουλίδας
724 2081 827 2141 Graeci
841 2079 999 2159 appellant.
1019 2079 1102 2139 Haec
1114 2099 1136 2139 rs

107 2166 186 2226 initio
213 2166 317 2225 leniter
339 2166 401 2225 sale
423 2165 547 2225 contrito
571 2165 731 2242 perfricare
757 2173 890 2243 oportet;
916 2172 963 2223 aut
977 2163 1052 2222 inter
1067 2182 1101 2222 se

106 2250 202 2308 mixtis
227 2249 289 2308 sale
318 2248 411 2307 fossili
438 2247 610 2324 combusto,
641 2265 804 2326 cupresso,
835 2255 957 2326 nepeta;
996 2246 1101 2306 deinde

106 2333 208 2391 eluere
230 2351 263 2392 os
285 2349 417 2391 cremore
440 2331 611 2406 lenticulae,
638 2341 667 2390 et
688 2333 762 2390 inter
782 2331 855 2391 haec
876 2331 974 2406 hiare,
1005 2328 1102 2389 donec

108 2416 225 2492 pituitae
241 2417 309 2473 satis
330 2415 463 2493 prolluat.
502 2413 534 2472 ln
550 2415 660 2489 maiore
675 2433 746 2474 vero
763 2415 984 2474 inflammatione
998 2413 1101 2473 iisdem

106 2495 321 2557 medicamentis
335 2498 467 2557 utendum
484 2507 542 2572 est,
568 2517 641 2577 quae
658 2498 694 2558 ad
713 2499 811 2558 ulcera
827 2501 887 2558 oris
901 2516 988 2576 supra
1005 2499 1100 2575 posita
1110 2519 1137 2559 ac

108 2589 172 2639 sunt
185 2581 266 2658 (cap.
280 2578 350 2658 Xl):
367 2591 396 2640 et
414 2581 509 2641 mollis
526 2582 671 2642 linamenti
694 2583 807 2661 paulum
825 2581 1030 2641 involvendum
1049 2582 1100 2641 ali·

106 2682 163 2742 qua
179 2665 389 2741 compositione
405 2685 442 2725 ex
462 2667 497 2725 iis
515 2683 586 2742 quas
603 2654 753 2744 ἆνθηράς
770 2668 870 2724 vocari
889 2665 947 2724 dixi
963 2666 1009 2743 (p.
1026 2665 1100 2744 249,

106 2748 126 2807 l.
143 2746 194 2824 4);
211 2746 471 2827 demittendumque
484 2749 512 2808 id
524 2748 723 2808 intendentem
740 2759 768 2808 et
782 2750 938 2826 gingivam.
976 2748 1101 2824 Quodsi

105 2842 200 2892 tumor
214 2831 242 2891 id
255 2832 429 2911 prohibebit,
448 2835 629 2892 extrinsecus
640 2832 835 2892 admovendus
845 2835 899 2892 erit
913 2835 1037 2911 spongia
1051 2851 1100 2892 va-

105 2916 290 2996 percalidus,
303 2917 563 2996 imponendumque
574 2925 710 2975 ceratum.
732 2917 763 2975 Si
774 2919 942 2994 suppuratio
955 2935 988 2976 se
1002 2925 1100 2976 osten·
1109 2933 1135 2973 ns

105 3000 169 3076 det,
186 3000 289 3060 diutius
301 3020 337 3061 eo
349 3019 460 3078 vapore
472 2999 606 3059 utendum
622 3000 693 3068 erit;
709 3008 737 3058 et
753 3000 953 3059 continendum
966 3018 1017 3060 ore
1031 3001 1099 3059 cali·

105 3083 170 3142 dum
185 3084 303 3144 mulsum
320 3088 348 3143 in
364 3101 420 3162 quo
442 3085 513 3143 licus
529 3083 651 3142 decocta
667 3085 717 3143 sit:
741 3083 826 3160 idque
842 3084 1016 3144 subcrudum
1030 3085 1099 3142 iuci-

104 3166 240 3242 dendum,
259 3186 305 3243 ne,
317 3169 341 3225 si
356 3167 461 3227 diutius
476 3167 514 3226 ibi
530 3186 583 3245 pus
597 3170 806 3245 permanserit,
824 3185 858 3227 os
873 3167 978 3228 laedat.
1015 3167 1101 3243 Quod

111 3251 130 3309 ti
147 3251 239 3325 major
254 3252 278 3309 is
295 3260 388 3310 tumor
404 3260 463 3327 est,
482 3251 659 3310 commodius
678 3259 755 3310 totus
778 3251 920 3310 exciditur
935 3253 993 3329 sic,
1016 3260 1047 3311 ut
1063 3271 1100 3310 ex

115 3341 225 3411 utraque
238 3343 318 3411 parte
332 3334 402 3393 dens
413 3333 562 3394 liberetur.
586 3334 660 3394 Pure
676 3344 803 3411 exemto,
816 3336 840 3394 si
854 3335 927 3395 levis
940 3336 1028 3413 plaga
1044 3345 1099 3410 est,
1110 3352 1137 3393 eo

107 3420 174 3477 satis
186 3426 231 3476 est
252 3433 303 3476 ore
324 3417 443 3477 calidam
458 3435 560 3495 aquam
576 3419 739 3495 continere,
757 3427 786 3476 et
801 3420 983 3478 extrinsecus
997 3420 1100 3478 lovere

102 3500 207 3561 eodem
224 3518 351 3579 vapore;
374 3502 398 3559 si
412 3501 505 3576 major
521 3511 581 3578 est,
598 3500 752 3562 lenticulae
768 3519 901 3562 cremore
916 3503 971 3580 uti,
985 3502 1100 3563 iisdem·
