2414 3924
532 200 749 264 ..70-

129 343 251 405 linteolo
285 342 412 405 densum
438 344 595 405 inductum
623 362 762 424 appones.
809 353 861 406 aut
890 353 972 406 certe
999 346 1145 408 dialectru

129 434 293 494 trociscum
316 439 367 493 aut
385 433 544 512 trigonum
555 431 693 494 admixtis
715 432 851 512 palmulis
873 434 1005 515 calcatis,
1028 442 1146 514 patetoe

49 531 54 542 '
129 539 146 582 a
165 521 286 582 Graecis
304 519 499 603 appellantur,
522 520 658 582 similiter
676 539 816 600 appones.
860 521 990 583 dandum
1009 525 1097 584 etiam
1117 533 1147 585 et

129 609 176 670 dia
200 607 315 690 codyon
344 609 536 688 singulariter
558 617 610 670 aut
632 628 705 671 suco
727 609 865 688 polentae
888 618 940 672 aut
963 629 1066 691 oryzae
1097 612 1146 672 ad·

102 699 263 759 smixtum.
308 697 355 759 vel
383 700 529 778 catapotia
560 697 748 760 tussicularia
780 717 855 777 quae
888 699 994 761 Graeci
1024 699 1146 761 bachica

128 794 235 847 vocant
257 788 427 866 vespertino
455 795 591 866 tempore
614 786 767 848 cubaturis
790 787 820 847 id
844 796 891 849 cst
913 787 1054 849 euntibus
1078 789 1145 849 dor·

128 877 235 936 mitum
257 874 350 938 dabis.
391 882 442 935 aut
464 877 614 954 trigonum
633 877 796 936 trociscum
819 875 956 937 similiter
974 880 1145 957 vespertino

127 971 263 1043 tempore
291 981 361 1024 oum
388 963 481 1023 calida
510 981 585 1042 aqua
613 963 709 1044 dabis,
744 966 769 1024 si
799 971 898 1024 tamen
920 967 1043 1026 ¹ventris
1076 984 1145 1026 con·

128 1053 243 1113 strictio
267 1053 368 1113 autin
386 1051 549 1112 infantibus
569 1061 649 1113 aetas
670 1053 792 1113 minime
810 1053 988 1133 impedierit.
1026 1062 1146 1134 oportet

87 1155 115 1194 ro
129 1142 218 1200 etiam
232 1139 339 1202 calenti
353 1142 619 1220 anagargarismate
636 1143 681 1203 uti
699 1159 736 1202 ex
755 1141 928 1203 decoctione
947 1141 1145 1222 palmularum

127 1236 158 1289 et
185 1228 343 1290 lenticulae
371 1237 402 1290 et
428 1247 515 1290 rosae
538 1229 732 1290 celticorum
760 1232 920 1291 siccarum:
947 1239 999 1292 aut
1022 1230 1144 1310 siliquas

127 1335 248 1395 graecas
272 1316 422 1379 dulciores
445 1320 546 1379 mittes
570 1321 726 1379 clateris.

216 1408 364 1467 trociscus
396 1426 413 1467 a
445 1406 566 1468 Graecis
597 1409 807 1486 ypocapnistos
840 1406 1004 1487 appellatus
1034 1407 1064 1467 id
1098 1415 1144 1468 est

127 1493 398 1576 suffumigatorius‚
426 1497 606 1556 conveniens
634 1498 760 1556 maxime
788 1494 914 1556 biberno
947 1495 1144 1557 tussientibus

87 1597 113 1637 15
126 1582 163 1642 ad
191 1582 420 1644 desiccationem
450 1583 623 1664 humorum,
658 1586 784 1644 maxime
814 1584 850 1645 ad
884 1584 965 1664 longi
1000 1587 1144 1664 temporis

126 1670 298 1753 tussiculas‚
326 1689 399 1751 quas
427 1671 533 1733 Graeci
561 1672 699 1733 chronias
732 1671 842 1734 hechas
876 1680 990 1733 vocant.
1036 1674 1145 1752 recipit

125 1767 226 1824 autem
249 1760 426 1821 sandaracae
444 1767 475 1821 et
498 1762 574 1822 turis
596 1768 699 1840 partes
717 1760 816 1841 binas,
837 1760 984 1823 medullae
1006 1763 1143 1821 cervinae

126 1855 157 1909 ct
180 1867 298 1911 murrae
321 1858 421 1930 partes
445 1849 585 1929 singulas.
629 1848 738 1910 tundes
761 1849 951 1910 sandaracam
975 1857 1005 1910 et
1028 1867 1144 1930 cernes,

126 1955 258 1998 murram
285 1956 355 1999 vero
383 1946 414 2000 et
441 1945 490 1999 tus
519 1940 678 2017 separatim
706 1945 786 1999 teres
814 1945 845 1998 et
876 1955 990 1998 cernes.
1035 1936 1170 1997 debinc

85 2041 112 2080 2⁰
127 2025 213 2087 simul
240 2030 339 2088 omnia
367 2046 436 2088 cum
464 2029 583 2087 cervina
610 2019 739 2087 medulla
765 2029 797 2086 in
827 2026 911 2106 girba
933 2029 1035 2087 mittes
1058 2034 1089 2087 et
1111 2028 1143 2086 in

198 2307 211 2354 1
240 2301 357 2357 linteolo
384 2319 417 2373 9ο
445 2308 469 2357 et
497 2308 560 2356 ante
587 2319 656 2357 corr.
688 2303 775 2371 (-lr'1)
799 2319 830 2372 9.
943 2301 1059 2355 densum
1091 2318 1141 2372 gp:

124 2371 210 2428 denso
228 2389 250 2427 c.
324 2373 489 2427 dialectrum
502 2389 547 2444 99,
566 2373 664 2428 dieleti
678 2390 700 2428 c.
773 2372 962 2427 aadmixcum
975 2388 1019 2442 gp,
1041 2372 1104 2426 -bo
1120 2389 1142 2426 c.

125 2441 268 2498 aeleaticis
286 2460 312 2515 9,
332 2444 440 2498 -iicus
459 2460 473 2499 c
491 2451 515 2498 et
534 2446 563 2513 (a
582 2461 615 2498 ea
634 2449 712 2511 corr.)
727 2460 758 2514 9.
844 2445 962 2513 pateton
977 2482 983 2494 .
999 2483 1005 2494 .
1022 2483 1028 2495 .
1044 2443 1141 2511 appel·

124 2512 215 2568 laium
234 2517 327 2581 (—tur
347 2517 378 2584 p)
404 2532 463 2587 gap.
572 2515 773 2570 4dioacodion
792 2515 852 2583 (sic)
878 2531 909 2585 9,
933 2513 1082 2568 diacodion
1100 2530 1142 2582 cp.

125 2585 216 2640 orizae
239 2588 326 2655 (—ae)
349 2603 409 2658 999.
524 2592 541 2642 5
564 2586 721 2655 catapotias
745 2585 913 2655 singularias
936 2585 995 2653 (sic)
1018 2601 1088 2652 quas
1115 2601 1142 2655 9,

125 2673 269 2743 catapotia
294 2673 447 2743 singularia
472 2691 544 2744 quae
571 2678 601 2742 (a
626 2691 655 2743 c,
682 2667 706 2745 if
725 2674 759 2743 9)
788 2689 830 2741 cp.
957 2679 973 2727 6
1000 2672 1142 2727 cubaburis

125 2743 253 2812 (-toriis
270 2745 311 2800 sic
327 2748 356 2826 9)
374 2745 405 2799 id
428 2749 471 2800 est
493 2763 543 2801 om.
558 2762 590 2815 9.
704 2742 847 2800 cubaturis
866 2773 900 2784 —
920 2744 954 2812 (a.
970 2746 998 2812 8)
1016 2745 1142 2813 tempore

124 2831 175 2869 oca.
195 2831 218 2870 c.
291 2821 306 2869 9
325 2833 355 2869 m
373 2831 423 2870 om.
437 2809 501 2887 999.
586 2821 618 2870 10
638 2813 797 2871 calentiano
816 2816 876 2883 (sic)
894 2829 973 2883 garg.
991 2831 1018 2885 9,
1037 2815 1143 2868 calenti

124 2902 203 2956 garg.
218 2904 240 2956 9
259 2891 284 2940 et
302 2904 380 2956 garg.
401 2886 504 2942 calenti
522 2904 543 2941 c.
619 2893 651 2942 11
670 2883 726 2958 piel
746 2884 812 2957 bodi
829 2903 855 2957 9,
875 2885 985 2955 piarum
1003 2883 1142 2939 siccarum

137 2960 211 3026 psall
228 2956 327 3024 becalt
349 2959 374 3026 c)
400 2974 441 3027 cp.
550 2957 666 3027 siliquas
690 2973 787 3027 grecas
805 2973 832 3011 c:
856 2955 974 3025 siliquae
997 2971 1097 3024 grecae
1115 2973 1142 3024 9,

154 3025 212 3082 icas
231 3044 329 3111 grecas
342 3045 374 3097 9.
461 3035 493 3082 12
513 3028 602 3083 mittis
620 3045 680 3100 gap.
768 3033 801 3082 13
820 3025 862 3096 y(i
875 3026 1142 3151 &miilimmffl'

123 3115 358 3240 titillata,
385 3100 862 3240 discutitisadflatibus
877 3099 1143 3248 infitiata

124 3242 185 3308 (sic)
203 3240 371 3296 conveniens
385 3257 416 3310 9.
488 3242 593 3311 yberno
610 3259 637 3313 9,
655 3241 824 3310 inpactae
844 3256 884 3310 99.
959 3245 992 3294 16
1012 3239 1142 3293 chromas

123 3311 231 3367 baccas
248 3329 275 3384 9,
294 3312 420 3366 cromanae
438 3312 522 3368 bacas
541 3329 563 3378 o,
583 3312 693 3367 cronias
710 3311 796 3366 bacas
806 3328 837 3380 9.
927 3311 1014 3378 ilco.
1109 3314 1141 3363 17

73 3435 76 3442 ,
124 3385 219 3451 parces
238 3398 287 3451 cp:
305 3398 355 3438 om.
373 3399 400 3453 9.
476 3388 507 3437 18
526 3383 627 3438 mirrae
645 3399 675 3453 9,
694 3381 776 3436 mitte
793 3398 835 3451 cp.
910 3386 942 3436 19
961 3379 1077 3436 mirram
1094 3395 1143 3449 99,

124 3453 224 3507 miram
243 3469 265 3507 c.
338 3459 372 3506 20
390 3453 421 3508 in
440 3453 521 3523 girba
539 3453 632 3524 (girua
649 3457 674 3522 c)
691 3452 780 3508 micus
798 3469 857 3523 gap.
