2414 3924
437 227 506 274 nm.
522 227 554 274 ν.
579 227 654 275 cnr.
671 229 766 276 xxm.
1037 221 1096 283 185

101 400 165 442 rum
180 399 209 460 p.
222 381 278 460 )·(.
290 393 336 439 vl.
352 397 426 459 quae
443 380 529 439 melle
546 383 738 460 excipiuntur.
762 381 794 442 ld
810 392 903 442 autem
917 393 945 442 et
962 384 1097 446 devorari

104 473 218 546 potest,
235 472 263 522 et
278 481 315 523 ex
330 480 404 540 aqua
421 463 514 523 calida
530 467 611 523 sumi.
878 495 879 498 κ

165 549 213 609 13.
236 547 377 606 Infantem
391 564 464 605 vero
483 556 634 622 mortuum,
652 558 700 608 ant
715 549 857 608 secundas
869 550 992 627 expellit
1004 569 1096 630 aquae

103 634 201 711 potio,
228 632 272 689 cni
296 630 364 688 salis
386 631 553 690 ammoniaci
577 650 604 709 p.
620 631 676 710 )·(.
693 647 715 690 1.
742 641 789 691 aut
805 635 850 692 cni
865 632 981 693 dictami
996 637 1096 695 cretici

76 735 130 794 ap.
147 715 204 794 )·(.
222 728 243 773 1.
260 713 404 788 adjectum
420 721 474 771 est.

167 800 215 858 14.
238 796 284 857 Ex
303 805 385 875 partu
400 795 542 856 laboranti
559 799 713 872 erysimum
729 816 768 858 ex
782 801 848 859 vino
865 799 965 878 tepido
976 802 1097 876 jejunae

102 881 163 942 dari
181 880 278 939 dehet.

168 965 215 1024 15.
238 963 350 1022 Vocem
366 962 481 1038 adjuvat
495 965 565 1022 turis
581 983 609 1042 p.
625 964 681 1043 )·(.
697 978 720 1023 1.
739 966 767 1023 in
781 965 892 1024 duobus
910 966 1022 1039 cyathis
1039 967 1097 1025 vini

103 1047 207 1107 datum.

66 1156 92 1197 10
168 1131 216 1191 16.
250 1129 400 1190 Adversus
420 1131 520 1189 urinae
541 1129 754 1191 difficultatem:
786 1133 897 1209 piperis
922 1132 1018 1209 longi,
1050 1150 1096 1192 ca·

103 1216 209 1288 storei,
231 1213 380 1288 myrrhae,
402 1212 536 1289 galbani,
555 1216 710 1292 papaveris
725 1215 879 1291 lacrimae,
896 1218 991 1288 croci,
1010 1216 1096 1291 costi,

102 1300 205 1357 unciae
220 1296 367 1372 singulae,
384 1298 524 1370 styracis,
541 1299 656 1356 resinae
671 1297 901 1373 terebinthinae,
917 1300 1014 1378 pondo
1030 1317 1095 1358 sex·

103 1390 213 1455 tantes,
239 1380 441 1456 melampsithii
465 1378 600 1454 cyathus:
636 1381 794 1460 exquibus
816 1380 851 1439 ad
874 1382 1097 1458 magnitudinem

102 1462 188 1524 labae
204 1465 359 1540 aegyptiae
378 1472 406 1521 et
424 1480 505 1522 mane
523 1471 552 1521 et
568 1473 691 1522 coenato
708 1464 769 1524 dari
784 1463 881 1523 debet.

67 1579 93 1620 μ,
165 1550 213 1606 17.
241 1546 393 1605 Arteriace
408 1563 481 1604 vero
496 1545 654 1607 hocmodo
672 1549 714 1607 fit:
742 1550 855 1621 casiae,
880 1548 974 1622 iridis,
1001 1551 1096 1608 cinna·

101 1632 205 1705 momi,
235 1629 331 1705 nardi,
351 1630 500 1705 myrrhae,
528 1632 615 1704 turis,
642 1631 822 1706 singulorum
844 1649 871 1708 p.
892 1632 948 1708 )·(.
971 1646 993 1689 t.
1016 1633 1095 1691 croci

102 1733 131 1793 p.
146 1715 203 1792 )·(.
221 1728 243 1772 1.
261 1732 292 1790 a,
318 1714 427 1792 piperis
447 1730 536 1788 grana
552 1727 626 1772 xxx
641 1731 679 1772 ex
695 1716 773 1790 passi
787 1713 878 1773 tribus
896 1716 1030 1773 sextariis
1047 1713 1096 1772 de-

102 1806 280 1874 coquuntur,
299 1796 393 1855 donec
408 1796 502 1854 mellis
521 1796 682 1856 crassitudo
698 1796 743 1855 his
758 1798 820 1863 liat;
848 1805 895 1856 aut
912 1799 1006 1873 croci,
1021 1815 1095 1871 myr-

102 1881 189 1955 rhae,
213 1881 300 1956 turis,
322 1880 499 1956 singulorum
514 1898 543 1957 p.
557 1880 614 1958 )·(.
629 1894 651 1939 1.
672 1881 861 1954 conjiciuntur
879 1882 907 1938 in
926 1883 1003 1957 passi
1019 1899 1096 1939 eum·

64 1964 166 2022 rodem
192 1963 321 2039 modum,
354 1963 514 2040 eodemque
538 1963 623 2022 modo
647 1964 862 2042 decoquuntur:
896 1971 943 2021 aut
968 1962 1096 2038 ejusdem

103 2049 183 2126 passi
196 2047 328 2107 heminae
342 2056 402 2106 tres
417 2065 509 2125 usqne
527 2065 563 2106 eo
581 2056 754 2125 coquuntur,
775 2046 869 2105 donec
886 2055 1015 2105 extracta
1031 2044 1096 2104 inde

102 2139 183 2207 gutta
198 2131 377 2197 indurescat;
395 2148 430 2189 eo
447 2129 578 2203 adjicitur
594 2133 677 2190 tritae
695 2132 790 2189 casiae
807 2149 835 2206 p.
850 2129 905 2206 )·(.
922 2142 943 2186 1.

413 2365 599 2427 CAPUT
631 2368 783 2426 XXVI.

121 2484 158 2533 De
176 2484 286 2546 quinque
303 2486 439 2549 generibus
457 2500 582 2536 noxarum
599 2488 711 2552 corporis
730 2495 755 2535 et
772 2488 853 2551 primo
872 2485 903 2533 de
921 2483 1076 2532 vulneribus.

63 2661 91 2699 aa
167 2636 259 2709 Quum
279 2636 430 2695 facultates
453 2636 725 2695 medicamentorum
748 2637 966 2714 proposuerim,
988 2651 1097 2711 genera

100 2720 129 2776 in
153 2718 255 2795 quibus
276 2736 350 2778 noxa
375 2720 494 2795 corpori
516 2726 575 2792 est,
597 2736 768 2796 proponam.
805 2719 848 2777 Ea
869 2721 993 2797 quinque
1016 2721 1095 2775 sunt:

101 2820 186 2880 quum
207 2803 274 2880 quid
298 2803 480 2860 extrinsecus
504 2801 602 2876 laesit,
627 2811 657 2859 ut
679 2803 706 2859 in
725 2801 905 2870 vulneribus;
930 2819 1013 2879 quum
1029 2798 1096 2878 quid

100 2888 173 2944 intra
188 2887 315 2962 seipsum
333 2895 499 2962 corruptum
518 2894 580 2958 est,
603 2893 632 2942 ut
646 2887 675 2942 in
691 2902 813 2951 cancro;
838 2903 921 2960 quum
937 2883 1003 2961 quid
1018 2885 1095 2941 inna-

100 2978 158 3027 tum
176 2976 235 3044 est,
257 2977 287 3027 ut
302 2970 330 3026 in
345 2971 444 3027 vesica
459 2967 603 3035 calculns;
627 2986 710 3043 quum
728 2967 795 3045 quid
809 2969 943 3040 increvit,
966 2974 996 3024 nt
1010 2981 1095 3038 vena,

64 3076 91 3117 ao
103 3068 178 3129 quae
199 3053 393 3110 intumescens
413 3053 441 3109 in
459 3053 586 3110 varicem
602 3053 794 3118 convertitur;
817 3067 900 3127 quum
917 3047 983 3125 qnid
1001 3047 1094 3121 deest,

101 3144 131 3194 ut
153 3153 238 3212 quum
259 3145 339 3194 curta
362 3153 428 3212 pars
451 3136 544 3213 aliqua
567 3144 620 3193 est.
656 3133 701 3192 Ex
724 3133 767 3191 his
792 3133 847 3190 alia
865 3140 930 3189 sunt
949 3129 1095 3209 inquibus

101 3218 325 3294 medicamenta,
345 3219 399 3277 alia
412 3220 438 3277 in
451 3217 554 3297 quibus
568 3217 631 3295 plns
644 3235 742 3275 manus
755 3216 880 3293 prolicit.
903 3213 984 3291 Ego,
1001 3213 1096 3272 dilatis
1187 3291 1190 3297 Ι

101 3303 138 3359 iis
160 3320 234 3380 quae
250 3303 407 3380 praecipue
423 3302 594 3380 scalpellum
611 3311 640 3360 et
657 3318 768 3359 manum
784 3298 944 3376 postulant,
970 3315 1044 3355 nnnc
1059 3294 1095 3352 de

102 3385 137 3442 iis
155 3384 248 3444 dicam
264 3404 337 3462 quae
352 3388 474 3444 maxime
490 3385 704 3444 medicamentis
720 3392 816 3460 egent.
855 3381 986 3440 Dividam
1001 3388 1095 3438 autem

66 3467 178 3531 achanc
201 3486 317 3546 qnoque
339 3469 455 3528 curandi
478 3477 604 3548 partem,
628 3471 703 3527 sicut
717 3469 856 3547 priorem;
879 3474 907 3523 et
921 3474 986 3523 ante
1003 3463 1076 3522 dica
