2414 3924
453 236 694 304 -173-

51 392 98 447 eat
121 383 253 446 sauram
275 400 331 464 per
353 400 388 442 os
410 383 602 445 ostendentes
621 390 690 445 cnm
712 382 859 446 solutione
882 390 1027 470 corporis,
1049 397 1082 451 et

52 473 234 535 exurrectio
269 473 334 532 sine
367 472 483 532 ratione
516 479 547 533 et
578 471 685 552 pulsus
715 472 892 556 inaequalis,
932 474 1080 555 aliquibus

52 580 126 624 reru
158 568 192 622 et
221 560 382 621 fastidiam.
422 562 526 639 pueris
554 562 643 621 etlam
669 560 888 623 dormientibus
914 566 1080 626 masticatlo

55 652 193 712 allicitur
230 666 299 710 cnm
330 647 448 709 modica
485 647 602 729 linguae
639 648 819 711 exclusione.
871 651 1081 714 schematisans

56 741 149 801 adam
174 756 230 799 ore
251 740 363 819 iacent,
387 736 525 798 similiter
547 746 581 799 ut
603 737 647 798 illi
669 740 722 818 qni
744 746 813 818 post
832 740 953 801 nimiam
976 753 1107 821 opera-a

56 830 175 889 mnam
197 833 365 888 resumunt.
409 833 530 905 etpost
553 825 694 888 diastema
719 829 864 906 temporis
887 827 1080 892 modicissimi

56 916 242 998 abquotiens
260 933 330 977 cnm
348 914 477 976 clamore
496 924 646 994 exurgunt
663 922 694 976 et
713 917 773 976 cito
795 917 905 977 iterum
927 916 1080 996 deponun-

57 1011 108 1067 tur
138 1013 173 1066 et
200 1003 341 1065 dentibus
368 1002 549 1064 dormientes
578 1003 713 1065 strident.
755 1007 901 1085 contingit
929 1023 1000 1067 vero
1023 1007 1081 1069 boc

56 1095 204 1172 quodem
235 1094 300 1172 ipsa
327 1091 455 1153 violenta
487 1093 708 1153 insurrexerint
739 1093 883 1155 animalia.
929 1095 1018 1155 etiam
1050 1103 1081 1157 et

57 1181 214 1263 aliquibus
241 1189 436 1242 occurrentes
464 1179 609 1241 stomachi
635 1183 757 1242 nausiae
782 1189 814 1243 et
836 1200 955 1244 morsus
978 1201 1080 1245 causa·
1095 1198 1121 1239 ro

57 1273 178 1332 donem
206 1270 327 1331 iaciunt
368 1268 525 1348 aliquando
556 1276 587 1331 et
609 1271 794 1331 reiectantur
816 1270 1007 1350 singulariter
1029 1281 1081 1335 aut

59 1376 133 1423 cum
156 1359 256 1438 aliquo
279 1358 405 1419 humore
428 1356 594 1437 flegmatica
619 1365 670 1419 aut
693 1356 851 1419 cholerico.

153 1449 318 1510 curationis
345 1464 416 1507 vero
444 1454 578 1526 tempore
607 1448 732 1508 maxime
759 1448 791 1507 in
819 1450 914 1509 acutis
937 1449 1081 1533 febribus,

59 1538 87 1598 si
116 1545 151 1599 et
179 1536 354 1597 constrictio
382 1535 473 1596 fuerit
500 1536 627 1617 ventris,
662 1535 932 1615 cataplasmandum
959 1555 996 1599 ex
1027 1537 1082 1599 linl

60 1628 190 1687 seminis
207 1632 238 1686 et
255 1624 350 1704 lupini
369 1623 463 1685 farina
481 1622 648 1704 parimodo
668 1626 836 1685 commixtis
855 1632 886 1686 et
903 1643 972 1687 eum
986 1626 1082 1688 mulsa
1096 1638 1121 1681 1⁶

61 1732 141 1794 aqua
174 1714 335 1775 concoctis.
380 1711 617 1794 cataplasmabis,
649 1713 715 1774 oleo
745 1713 875 1775 violaceo
908 1714 1082 1776 umbilicum

61 1812 171 1884 tanges
194 1809 225 1863 et
247 1801 329 1862 molli
351 1800 417 1862 lana
435 1804 553 1880 operies
577 1808 608 1862 et
630 1801 776 1862 lasciabis.
814 1809 930 1881 etpost
948 1802 1082 1881 expletos

63 1892 283 1973 cataplasmatis
311 1890 375 1951 dies
403 1893 550 1952 cerotario
579 1908 614 1950 ex
638 1888 786 1950 absinthio
810 1896 840 1950 et
863 1889 928 1949 oleo
958 1892 1081 1968 cyprino

62 1982 203 2041 coniecto
232 1985 366 2039 ventrem
395 1978 451 2040 sub
479 1978 653 2040 umbilicum
676 1994 772 2055 usque
796 1980 959 2056 cooperies.
1003 1981 1082 2039 etsi

62 2077 172 2130 venter
194 2067 387 2149 abstinuerit,
413 2069 444 2127 in
471 2066 635 2128 infantibus
662 2065 776 2127 balanis
798 2066 917 2125 iniectis
940 2064 1081 2149 depones,
1096 2079 1122 2120 ao

61 2158 95 2218 in
125 2157 190 2218 aliis
217 2174 288 2217 vero
315 2157 458 2237 perlectis
486 2163 581 2217 aetate
609 2155 736 2236 clystere
765 2174 801 2215 en
830 2153 1004 2215 decoctione
1032 2155 1082 2216 ab·

62 2246 170 2307 sintbii
198 2246 326 2307 admixto
354 2244 440 2306 melle
469 2243 607 2306 deduces.
649 2252 680 2305 et
708 2243 876 2323 potionabis
899 2244 1082 2327 frequenter,

140 2457 227 2520 iper
245 2468 275 2507 oa
293 2468 343 2507 om.
363 2468 386 2507 c.
495 2457 511 2504 2
531 2450 700 2507 exsurrectio
717 2469 751 2521 p,
775 2450 915 2506 exurectio
934 2467 956 2505 c.
1064 2457 1081 2506 3

65 2521 273 2577 dormientibus
291 2539 343 2578 om.
361 2540 383 2578 c.
455 2521 631 2577 masticatio:
650 2523 685 2590 cf.
706 2521 734 2577 0.
754 2524 789 2577 Α.
809 2524 827 2577 l.
846 2539 868 2578 c.
883 2538 914 2591 p.
929 2524 992 2576 534.
1065 2526 1081 2576 5

64 2594 207 2649 iacentem
221 2609 245 2660 c,
259 2596 337 2648 -tes
350 2610 378 2663 p.
443 2593 558 2663 quidem
572 2609 613 2662 cp.
678 2601 694 2648 6
708 2593 848 2648 dicatam
862 2610 888 2648 e:
903 2591 1042 2647 diestema
1050 2607 1081 2661 p.

67 2672 168 2720 'lenm
187 2694 221 2704 —
241 2666 280 2734 (9)
299 2665 428 2733 quotiens
445 2681 497 2719 om.
516 2681 538 2718 c.
625 2664 748 2719 tetiam
766 2681 816 2720 om.
836 2681 859 2719 c.
944 2680 969 2718 a.
990 2665 1024 2716 et·
1037 2678 1083 2718 oc-

66 2738 211 2791 currentes
225 2752 256 2804 ρ.
344 2741 376 2790 11
395 2735 533 2790 reiectant
551 2751 578 2802 c,
598 2736 769 2790 reiectantur
785 2736 849 2804 (cic)
866 2752 893 2804 p.
967 2740 1000 2788 13
1018 2733 1036 2787 i.
1056 2750 1081 2788 a.

64 2805 194 2862 febribus
219 2806 295 2874 quod
313 2824 374 2862 ease
393 2806 473 2862 solet.
506 2805 531 2860 si
549 2810 579 2861 et
598 2806 759 2862 constrictio
776 2824 811 2876 p,
833 2805 853 2863 i.
872 2823 896 2860 a.
915 2804 1040 2860 febribus
1059 2806 1083 2861 ai

66 2913 101 2950 ex
115 2895 288 2950 constructio
302 2912 324 2950 c.
395 2900 428 2949 15
444 2911 506 2948 cum
521 2909 595 2964 aqna
608 2895 700 2950 mulsa
713 2912 744 2965 p.
818 2899 851 2948 to
868 2876 1002 2949 umbilicb
1017 2910 1082 2948 con-

65 2967 163 3036 tangis
178 2983 208 3036 p.
297 2972 329 3021 17
349 2965 441 3034 operis
460 2981 502 3034 cp.
589 2972 622 3021 18
642 2982 675 3020 ex
695 2984 721 3021 c:
741 2967 814 3034 etp.
902 2970 934 3018 19
954 2963 1082 3020 confecto

67 3053 119 3095 om.
141 3055 162 3094 c.
235 3037 334 3092 uenter
352 3037 403 3091 snb
418 3035 551 3092 umbilico
565 3052 654 3105 usqne
673 3036 800 3107 cooperis
817 3052 840 3103 c,
858 3037 986 3090 ventrem
1000 3035 1084 3089 simul

67 3125 157 3178 usque
177 3108 228 3162 aab
247 3107 380 3161 umbilico
399 3107 527 3176 operisp
550 3109 598 3176 (ac.
618 3107 718 3162 mediis
741 3105 870 3177 partibus
891 3104 963 3160 Cael.
982 3107 1036 3159 clar.
1056 3111 1083 3171 4,

71 3185 122 3234 128
133 3184 211 3263 etc).
294 3184 328 3232 20
346 3177 376 3260 in
394 3194 444 3234 om.
464 3194 504 3247 cp.
589 3178 699 3260 balanis
713 3194 749 3247 p:
768 3192 818 3231 ora.
838 3191 860 3230 e.
940 3172 1082 3239 inachiae,

68 3252 201 3403 dzldbalabi?
209 3304 251 3389 cp.
275 3249 390 3375 deponpp
409 3266 523 3389 {Ibtbab'
531 3249 851 3388 apaeppetptrpra.mmplg
864 3260 914 3385 off
928 3250 1083 3385 ece‘poffirzt}

66 3408 190 3447 maxame
208 3408 230 3447 e.
