<?xml version="1.0" encoding="UTF-8"?>
<!DOCTYPE html PUBLIC "-//W3C//DTD XHTML 1.0 Transitional//EN"
    "http://www.w3.org/TR/xhtml1/DTD/xhtml1-transitional.dtd">
<html xmlns="http://www.w3.org/1999/xhtml" xml:lang="en" lang="en">
 <head>
  <title>
</title>
<meta http-equiv="Content-Type" content="text/html;charset=utf-8" />
  <meta name='ocr-system' content='tesseract 3.04.00' />
  <meta name='ocr-capabilities' content='ocr_page ocr_carea ocr_par ocr_line ocrx_word'/>
</head>
<body>
  <div class='ocr_page' id='page_1' title='image "./cassiifelicisde00rosegoog_0600.png"; bbox 0 0 2414 3924; ppageno 0'>
   <div class='ocr_carea' id='block_1_1' title="bbox 464 215 1109 275">
    <p class='ocr_par' dir='ltr' id='par_1_1' title="bbox 464 215 1109 275">
     <span class='ocr_line' id='line_1_1' title="bbox 464 215 1109 275; baseline 0.006 -5"><span class='ocrx_word' id='word_1_1' title='bbox 464 225 532 271; x_wconf 82' lang='lat' dir='ltr'>nm.</span> <span class='ocrx_word' id='word_1_2' title='bbox 548 225 608 272; x_wconf 90' lang='lat' dir='ltr'>v11.</span> <span class='ocrx_word' id='word_1_3' title='bbox 626 225 700 273; x_wconf 77' lang='lat' dir='ltr'>car.</span> <span class='ocrx_word' id='word_1_4' title='bbox 717 227 776 272; x_wconf 89' lang='lat' dir='ltr'>vrr.</span> <span class='ocrx_word' id='word_1_5' title='bbox 803 255 806 259; x_wconf 22' lang='grc' dir='ltr'><em>ν</em></span> <span class='ocrx_word' id='word_1_6' title='bbox 1047 215 1109 275; x_wconf 78' lang='lat'>277</span> 
     </span>
    </p>
   </div>
   <div class='ocr_carea' id='block_1_2' title="bbox 82 377 1184 3054">
    <p class='ocr_par' dir='ltr' id='par_1_2' title="bbox 82 377 1184 3054">
     <span class='ocr_line' id='line_1_2' title="bbox 115 377 1109 460; baseline -0.001 -20"><span class='ocrx_word' id='word_1_7' title='bbox 115 382 187 460; x_wconf 88' lang='lat' dir='ltr'>ipsis</span> <span class='ocrx_word' id='word_1_8' title='bbox 204 379 325 458; x_wconf 92' lang='lat' dir='ltr'>pilorum</span> <span class='ocrx_word' id='word_1_9' title='bbox 339 377 485 438; x_wconf 82' lang='lat' dir='ltr'>radicibus</span> <span class='ocrx_word' id='word_1_10' title='bbox 507 378 543 437; x_wconf 94' lang='lat' dir='ltr'>ab</span> <span class='ocrx_word' id='word_1_11' title='bbox 566 380 672 456; x_wconf 90' lang='lat' dir='ltr'>angulo</span> <span class='ocrx_word' id='word_1_12' title='bbox 696 378 871 439; x_wconf 88' lang='lat' dir='ltr'>immittenda</span> <span class='ocrx_word' id='word_1_13' title='bbox 885 387 943 456; x_wconf 88' lang='lat' dir='ltr'>est,</span> <span class='ocrx_word' id='word_1_14' title='bbox 960 389 989 439; x_wconf 90' lang='lat' dir='ltr'>ut</span> <span class='ocrx_word' id='word_1_15' title='bbox 1004 398 1039 440; x_wconf 89' lang='lat' dir='ltr'>ea</span> <span class='ocrx_word' id='word_1_16' title='bbox 1053 389 1109 440; x_wconf 88' lang='lat' dir='ltr'>ter·</span> 
     </span>
     <span class='ocr_line' id='line_1_3' title="bbox 116 461 1110 544; baseline -0.001 -21"><span class='ocrx_word' id='word_1_17' title='bbox 116 467 183 523; x_wconf 92' lang='lat' dir='ltr'>tiam</span> <span class='ocrx_word' id='word_1_18' title='bbox 205 472 315 542; x_wconf 91' lang='lat' dir='ltr'>partem</span> <span class='ocrx_word' id='word_1_19' title='bbox 337 461 498 540; x_wconf 83' lang='lat' dir='ltr'>palpebrae</span> <span class='ocrx_word' id='word_1_20' title='bbox 514 471 671 529; x_wconf 89' lang='lat' dir='ltr'>transsuat;</span> <span class='ocrx_word' id='word_1_21' title='bbox 693 463 798 523; x_wconf 91' lang='lat' dir='ltr'>deinde</span> <span class='ocrx_word' id='word_1_22' title='bbox 822 464 939 540; x_wconf 92' lang='lat' dir='ltr'>iterum,</span> <span class='ocrx_word' id='word_1_23' title='bbox 967 466 1110 544; x_wconf 85' lang='lat' dir='ltr'>tertioque</span> 
     </span>
     <span class='ocr_line' id='line_1_4' title="bbox 115 546 1110 627; baseline -0.003 -18"><span class='ocrx_word' id='word_1_24' title='bbox 115 566 207 627; x_wconf 88' lang='lat' dir='ltr'>usque</span> <span class='ocrx_word' id='word_1_25' title='bbox 222 547 258 606; x_wconf 93' lang='lat' dir='ltr'>ad</span> <span class='ocrx_word' id='word_1_26' title='bbox 273 547 394 605; x_wconf 91' lang='lat' dir='ltr'>alterum</span> <span class='ocrx_word' id='word_1_27' title='bbox 409 546 557 623; x_wconf 84' lang='lat' dir='ltr'>angulum:</span> <span class='ocrx_word' id='word_1_28' title='bbox 574 563 631 626; x_wconf 92' lang='lat' dir='ltr'>quo</span> <span class='ocrx_word' id='word_1_29' title='bbox 646 548 689 623; x_wconf 85' lang='lat' dir='ltr'>irt,</span> <span class='ocrx_word' id='word_1_30' title='bbox 703 556 733 606; x_wconf 92' lang='lat' dir='ltr'>nt</span> <span class='ocrx_word' id='word_1_31' title='bbox 745 564 844 606; x_wconf 90' lang='lat' dir='ltr'>omnes</span> <span class='ocrx_word' id='word_1_32' title='bbox 860 546 982 624; x_wconf 92' lang='lat' dir='ltr'>pilorum</span> <span class='ocrx_word' id='word_1_33' title='bbox 995 547 1110 606; x_wconf 87' lang='lat' dir='ltr'>radices</span> 
     </span>
     <span class='ocr_line' id='line_1_5' title="bbox 115 629 1110 709; baseline -0.004 -16"><span class='ocrx_word' id='word_1_34' title='bbox 115 633 234 693; x_wconf 92' lang='lat' dir='ltr'>adustae</span> <span class='ocrx_word' id='word_1_35' title='bbox 251 632 433 691; x_wconf 81' lang='lat' dir='ltr'>emoriantur.</span> <span class='ocrx_word' id='word_1_36' title='bbox 471 629 542 689; x_wconf 83' lang='lat' dir='ltr'>Tum</span> <span class='ocrx_word' id='word_1_37' title='bbox 562 631 853 709; x_wconf 79' lang='lat' dir='ltr'>superimponendum</span> <span class='ocrx_word' id='word_1_38' title='bbox 874 630 1110 690; x_wconf 82' lang='lat' dir='ltr'>medicamentum</span> 
     </span>
     <span class='ocr_line' id='line_1_6' title="bbox 91 712 1109 792; baseline -0.001 -17"><span class='ocrx_word' id='word_1_39' title='bbox 91 725 177 790; x_wconf 70' lang='lat' dir='ltr'>sest,</span> <span class='ocrx_word' id='word_1_40' title='bbox 198 714 275 792; x_wconf 90' lang='lat' dir='ltr'>quod</span> <span class='ocrx_word' id='word_1_41' title='bbox 290 713 538 774; x_wconf 83' lang='lat' dir='ltr'>inflammationem</span> <span class='ocrx_word' id='word_1_42' title='bbox 553 712 718 792; x_wconf 90' lang='lat' dir='ltr'>prohibeat:</span> <span class='ocrx_word' id='word_1_43' title='bbox 735 724 820 792; x_wconf 91' lang='lat' dir='ltr'>atque</span> <span class='ocrx_word' id='word_1_44' title='bbox 836 712 883 772; x_wconf 93' lang='lat' dir='ltr'>ubi</span> <span class='ocrx_word' id='word_1_45' title='bbox 900 723 1014 774; x_wconf 90' lang='lat' dir='ltr'>crustae</span> <span class='ocrx_word' id='word_1_46' title='bbox 1030 717 1109 774; x_wconf 83' lang='lat' dir='ltr'>exci-</span> 
     </span>
     <span class='ocr_line' id='line_1_7' title="bbox 116 796 1109 876; baseline -0.003 -17"><span class='ocrx_word' id='word_1_47' title='bbox 116 801 232 873; x_wconf 88' lang='lat' dir='ltr'>derunt,</span> <span class='ocrx_word' id='word_1_48' title='bbox 249 798 285 857; x_wconf 93' lang='lat' dir='ltr'>ad</span> <span class='ocrx_word' id='word_1_49' title='bbox 302 799 465 857; x_wconf 76' lang='lat' dir='ltr'>cicatricem</span> <span class='ocrx_word' id='word_1_50' title='bbox 483 796 705 876; x_wconf 91' lang='lat' dir='ltr'>perducendum.</span> <span class='ocrx_word' id='word_1_51' title='bbox 742 797 891 858; x_wconf 83' lang='lat' dir='ltr'>Facillime</span> <span class='ocrx_word' id='word_1_52' title='bbox 906 807 1000 858; x_wconf 91' lang='lat' dir='ltr'>autem</span> <span class='ocrx_word' id='word_1_53' title='bbox 1016 797 1044 857; x_wconf 94' lang='lat' dir='ltr'>id</span> <span class='ocrx_word' id='word_1_54' title='bbox 1058 816 1109 875; x_wconf 89' lang='lat' dir='ltr'>ge·</span> 
     </span>
     <span class='ocr_line' id='line_1_8' title="bbox 115 881 1109 960; baseline -0.002 -18"><span class='ocrx_word' id='word_1_55' title='bbox 115 903 168 943; x_wconf 94' lang='lat' dir='ltr'>nus</span> <span class='ocrx_word' id='word_1_56' title='bbox 188 882 324 941; x_wconf 70' lang='lat' dir='ltr'>sanescit·</span> <span class='ocrx_word' id='word_1_57' title='bbox 361 883 481 955; x_wconf 80' lang='lat' dir='ltr'>Quidam</span> <span class='ocrx_word' id='word_1_58' title='bbox 504 882 559 960; x_wconf 90' lang='lat' dir='ltr'>(ci.</span> <span class='ocrx_word' id='word_1_59' title='bbox 581 881 611 941; x_wconf 87' lang='lat' dir='ltr'>P.</span> <span class='ocrx_word' id='word_1_60' title='bbox 634 881 711 958; x_wconf 82' lang='lat' dir='ltr'>Aeg.</span> <span class='ocrx_word' id='word_1_61' title='bbox 733 882 752 941; x_wconf 91' lang='lat' dir='ltr'>l.</span> <span class='ocrx_word' id='word_1_62' title='bbox 774 882 811 959; x_wconf 90' lang='lat' dir='ltr'>l.)</span> <span class='ocrx_word' id='word_1_63' title='bbox 831 883 908 941; x_wconf 89' lang='lat' dir='ltr'>aiunt</span> <span class='ocrx_word' id='word_1_64' title='bbox 920 898 973 939; x_wconf 92' lang='lat' dir='ltr'>acu</span> <span class='ocrx_word' id='word_1_65' title='bbox 985 883 1109 940; x_wconf 89' lang='lat' dir='ltr'>transsui</span> 
     </span>
     <span class='ocr_line' id='line_1_9' title="bbox 111 965 1109 1044; baseline -0.002 -19"><span class='ocrx_word' id='word_1_66' title='bbox 111 970 194 1043; x_wconf 85' lang='lat' dir='ltr'>juxta</span> <span class='ocrx_word' id='word_1_67' title='bbox 217 966 292 1043; x_wconf 91' lang='lat' dir='ltr'>pilos</span> <span class='ocrx_word' id='word_1_68' title='bbox 307 967 481 1024; x_wconf 84' lang='lat' dir='ltr'>exteriorem</span> <span class='ocrx_word' id='word_1_69' title='bbox 504 974 614 1044; x_wconf 91' lang='lat' dir='ltr'>partem</span> <span class='ocrx_word' id='word_1_70' title='bbox 631 965 791 1044; x_wconf 86' lang='lat' dir='ltr'>palpebrae</span> <span class='ocrx_word' id='word_1_71' title='bbox 807 975 963 1044; x_wconf 89' lang='lat' dir='ltr'>oportere,</span> <span class='ocrx_word' id='word_1_72' title='bbox 989 983 1109 1042; x_wconf 89' lang='lat' dir='ltr'>eamque</span> 
     </span>
     <span class='ocr_line' id='line_1_10' title="bbox 116 1048 1110 1127; baseline -0.004 -17"><span class='ocrx_word' id='word_1_73' title='bbox 116 1050 266 1110; x_wconf 86' lang='lat' dir='ltr'>transmitti</span> <span class='ocrx_word' id='word_1_74' title='bbox 282 1048 424 1126; x_wconf 87' lang='lat' dir='ltr'>duplicem</span> <span class='ocrx_word' id='word_1_75' title='bbox 440 1050 575 1127; x_wconf 89' lang='lat' dir='ltr'>capillum</span> <span class='ocrx_word' id='word_1_76' title='bbox 589 1049 757 1109; x_wconf 90' lang='lat' dir='ltr'>muliebrem</span> <span class='ocrx_word' id='word_1_77' title='bbox 771 1050 937 1118; x_wconf 89' lang='lat' dir='ltr'>ducentem;</span> <span class='ocrx_word' id='word_1_78' title='bbox 958 1058 1044 1127; x_wconf 89' lang='lat' dir='ltr'>atque</span> <span class='ocrx_word' id='word_1_79' title='bbox 1063 1048 1110 1107; x_wconf 91' lang='lat' dir='ltr'>ubi</span> 
     </span>
     <span class='ocr_line' id='line_1_11' title="bbox 82 1132 1110 1212; baseline -0.006 -16"><span class='ocrx_word' id='word_1_80' title='bbox 82 1157 107 1196; x_wconf 72' lang='grc' dir='ltr'>ιο</span> <span class='ocrx_word' id='word_1_81' title='bbox 118 1152 188 1194; x_wconf 87' lang='lat' dir='ltr'>acus</span> <span class='ocrx_word' id='word_1_82' title='bbox 201 1134 332 1207; x_wconf 91' lang='lat' dir='ltr'>transiit,</span> <span class='ocrx_word' id='word_1_83' title='bbox 348 1135 376 1191; x_wconf 94' lang='lat' dir='ltr'>in</span> <span class='ocrx_word' id='word_1_84' title='bbox 392 1134 484 1211; x_wconf 89' lang='lat' dir='ltr'>ipsius</span> <span class='ocrx_word' id='word_1_85' title='bbox 501 1133 597 1212; x_wconf 89' lang='lat' dir='ltr'>capilli</span> <span class='ocrx_word' id='word_1_86' title='bbox 620 1136 725 1209; x_wconf 92' lang='lat' dir='ltr'>sinum,</span> <span class='ocrx_word' id='word_1_87' title='bbox 742 1153 797 1212; x_wconf 89' lang='lat' dir='ltr'>qua</span> <span class='ocrx_word' id='word_1_88' title='bbox 822 1133 998 1212; x_wconf 86' lang='lat' dir='ltr'>duplicatur,</span> <span class='ocrx_word' id='word_1_89' title='bbox 1022 1132 1110 1212; x_wconf 92' lang='lat' dir='ltr'>pilum</span> 
     </span>
     <span class='ocr_line' id='line_1_12' title="bbox 118 1216 1109 1296; baseline -0.003 -19"><span class='ocrx_word' id='word_1_90' title='bbox 118 1235 185 1277; x_wconf 88' lang='lat' dir='ltr'>esse</span> <span class='ocrx_word' id='word_1_91' title='bbox 203 1217 429 1295; x_wconf 79' lang='lat' dir='ltr'>conjiciendum,</span> <span class='ocrx_word' id='word_1_92' title='bbox 447 1226 475 1276; x_wconf 91' lang='lat' dir='ltr'>et</span> <span class='ocrx_word' id='word_1_93' title='bbox 490 1236 543 1295; x_wconf 89' lang='lat' dir='ltr'>per</span> <span class='ocrx_word' id='word_1_94' title='bbox 556 1236 619 1276; x_wconf 91' lang='lat' dir='ltr'>eum</span> <span class='ocrx_word' id='word_1_95' title='bbox 634 1219 662 1276; x_wconf 93' lang='lat' dir='ltr'>in</span> <span class='ocrx_word' id='word_1_96' title='bbox 673 1220 853 1296; x_wconf 88' lang='lat' dir='ltr'>superiorem</span> <span class='ocrx_word' id='word_1_97' title='bbox 870 1216 1028 1296; x_wconf 89' lang='lat' dir='ltr'>palpebrae</span> <span class='ocrx_word' id='word_1_98' title='bbox 1045 1234 1109 1293; x_wconf 92' lang='lat' dir='ltr'>par·</span> 
     </span>
     <span class='ocr_line' id='line_1_13' title="bbox 117 1299 1184 1379; baseline -0.001 -20"><span class='ocrx_word' id='word_1_99' title='bbox 117 1312 174 1360; x_wconf 87' lang='lat' dir='ltr'>tem</span> <span class='ocrx_word' id='word_1_100' title='bbox 197 1299 410 1377; x_wconf 89' lang='lat' dir='ltr'>attrahendum,</span> <span class='ocrx_word' id='word_1_101' title='bbox 434 1301 531 1379; x_wconf 86' lang='lat' dir='ltr'>ibique</span> <span class='ocrx_word' id='word_1_102' title='bbox 553 1303 671 1379; x_wconf 92' lang='lat' dir='ltr'>corpori</span> <span class='ocrx_word' id='word_1_103' title='bbox 690 1300 939 1379; x_wconf 82' lang='lat' dir='ltr'>agglutinandum,</span> <span class='ocrx_word' id='word_1_104' title='bbox 967 1310 997 1360; x_wconf 91' lang='lat' dir='ltr'>et</span> <span class='ocrx_word' id='word_1_105' title='bbox 1020 1302 1109 1378; x_wconf 91' lang='lat' dir='ltr'>impo·</span> <span class='ocrx_word' id='word_1_106' title='bbox 1182 1329 1184 1333; x_wconf 56' lang='lat'>&gt;</span> 
     </span>
     <span class='ocr_line' id='line_1_14' title="bbox 118 1384 1110 1462; baseline -0.001 -18"><span class='ocrx_word' id='word_1_107' title='bbox 118 1384 238 1444; x_wconf 90' lang='lat' dir='ltr'>nendum</span> <span class='ocrx_word' id='word_1_108' title='bbox 263 1385 517 1461; x_wconf 90' lang='lat' dir='ltr'>medicamentum,</span> <span class='ocrx_word' id='word_1_109' title='bbox 545 1402 601 1462; x_wconf 86' lang='lat' dir='ltr'>quo</span> <span class='ocrx_word' id='word_1_110' title='bbox 624 1385 752 1445; x_wconf 86' lang='lat' dir='ltr'>loramen</span> <span class='ocrx_word' id='word_1_111' title='bbox 773 1385 945 1462; x_wconf 81' lang='lat' dir='ltr'>glutinetur:</span> <span class='ocrx_word' id='word_1_112' title='bbox 975 1387 1018 1444; x_wconf 91' lang='lat' dir='ltr'>sic</span> <span class='ocrx_word' id='word_1_113' title='bbox 1036 1387 1110 1444; x_wconf 90' lang='lat' dir='ltr'>enim</span> 
     </span>
     <span class='ocr_line' id='line_1_15' title="bbox 117 1467 1110 1547; baseline -0.001 -19"><span class='ocrx_word' id='word_1_114' title='bbox 117 1469 198 1544; x_wconf 84' lang='lat' dir='ltr'>iore,</span> <span class='ocrx_word' id='word_1_115' title='bbox 223 1477 252 1527; x_wconf 89' lang='lat' dir='ltr'>ut</span> <span class='ocrx_word' id='word_1_116' title='bbox 276 1469 300 1527; x_wconf 91' lang='lat' dir='ltr'>is</span> <span class='ocrx_word' id='word_1_117' title='bbox 322 1469 398 1547; x_wconf 91' lang='lat' dir='ltr'>pilus</span> <span class='ocrx_word' id='word_1_118' title='bbox 422 1471 449 1545; x_wconf 91' lang='lat' dir='ltr'>in</span> <span class='ocrx_word' id='word_1_119' title='bbox 472 1471 647 1529; x_wconf 80' lang='lat' dir='ltr'>exteriorem</span> <span class='ocrx_word' id='word_1_120' title='bbox 665 1479 773 1547; x_wconf 87' lang='lat' dir='ltr'>partem</span> <span class='ocrx_word' id='word_1_121' title='bbox 798 1478 900 1546; x_wconf 91' lang='lat' dir='ltr'>postea</span> <span class='ocrx_word' id='word_1_122' title='bbox 916 1478 1039 1547; x_wconf 91' lang='lat' dir='ltr'>spectet.</span> <span class='ocrx_word' id='word_1_123' title='bbox 1077 1467 1110 1528; x_wconf 93' lang='lat' dir='ltr'>ld</span> 
     </span>
     <span class='ocr_line' id='line_1_16' title="bbox 86 1547 1110 1632; baseline 0.001 -23"><span class='ocrx_word' id='word_1_124' title='bbox 86 1553 237 1631; x_wconf 77' lang='lat' dir='ltr'>caprimum</span> <span class='ocrx_word' id='word_1_125' title='bbox 255 1553 317 1610; x_wconf 88' lang='lat' dir='ltr'>lieri</span> <span class='ocrx_word' id='word_1_126' title='bbox 339 1570 397 1611; x_wconf 94' lang='lat' dir='ltr'>non</span> <span class='ocrx_word' id='word_1_127' title='bbox 414 1547 527 1632; x_wconf 84' lang='lat' dir='ltr'>potest,</span> <span class='ocrx_word' id='word_1_128' title='bbox 545 1554 598 1611; x_wconf 90' lang='lat' dir='ltr'>nisi</span> <span class='ocrx_word' id='word_1_129' title='bbox 622 1555 651 1611; x_wconf 93' lang='lat' dir='ltr'>in</span> <span class='ocrx_word' id='word_1_130' title='bbox 680 1553 738 1631; x_wconf 92' lang='lat' dir='ltr'>pilo</span> <span class='ocrx_word' id='word_1_131' title='bbox 760 1552 909 1629; x_wconf 91' lang='lat' dir='ltr'>longiore;</span> <span class='ocrx_word' id='word_1_132' title='bbox 938 1570 1022 1629; x_wconf 88' lang='lat' dir='ltr'>quum</span> <span class='ocrx_word' id='word_1_133' title='bbox 1046 1552 1110 1611; x_wconf 87' lang='lat' dir='ltr'>iere</span> 
     </span>
     <span class='ocr_line' id='line_1_17' title="bbox 117 1635 1109 1715; baseline -0.002 -19"><span class='ocrx_word' id='word_1_134' title='bbox 117 1637 224 1696; x_wconf 85' lang='lat' dir='ltr'>breves</span> <span class='ocrx_word' id='word_1_135' title='bbox 241 1654 276 1696; x_wconf 93' lang='lat' dir='ltr'>eo</span> <span class='ocrx_word' id='word_1_136' title='bbox 294 1635 362 1695; x_wconf 93' lang='lat' dir='ltr'>loco</span> <span class='ocrx_word' id='word_1_137' title='bbox 378 1646 540 1696; x_wconf 90' lang='lat' dir='ltr'>nascantur.</span> <span class='ocrx_word' id='word_1_138' title='bbox 581 1635 710 1713; x_wconf 91' lang='lat' dir='ltr'>Deinde,</span> <span class='ocrx_word' id='word_1_139' title='bbox 735 1638 758 1695; x_wconf 92' lang='lat' dir='ltr'>si</span> <span class='ocrx_word' id='word_1_140' title='bbox 780 1637 877 1715; x_wconf 90' lang='lat' dir='ltr'>plures</span> <span class='ocrx_word' id='word_1_141' title='bbox 894 1636 944 1714; x_wconf 93' lang='lat' dir='ltr'>pili</span> <span class='ocrx_word' id='word_1_142' title='bbox 963 1646 1042 1712; x_wconf 90' lang='lat' dir='ltr'>sunt,</span> <span class='ocrx_word' id='word_1_143' title='bbox 1061 1654 1109 1694; x_wconf 90' lang='lat' dir='ltr'>ne·</span> 
     </span>
     <span class='ocr_line' id='line_1_18' title="bbox 118 1719 1109 1796; baseline -0.002 -16"><span class='ocrx_word' id='word_1_144' title='bbox 118 1739 203 1780; x_wconf 90' lang='lat' dir='ltr'>cesse</span> <span class='ocrx_word' id='word_1_145' title='bbox 220 1729 264 1778; x_wconf 86' lang='lat' dir='ltr'>est</span> <span class='ocrx_word' id='word_1_146' title='bbox 279 1719 396 1796; x_wconf 90' lang='lat' dir='ltr'>longum</span> <span class='ocrx_word' id='word_1_147' title='bbox 412 1728 593 1795; x_wconf 89' lang='lat' dir='ltr'>tormentum,</span> <span class='ocrx_word' id='word_1_148' title='bbox 607 1721 694 1779; x_wconf 90' lang='lat' dir='ltr'>toties</span> <span class='ocrx_word' id='word_1_149' title='bbox 711 1738 764 1779; x_wconf 93' lang='lat' dir='ltr'>acu</span> <span class='ocrx_word' id='word_1_150' title='bbox 780 1723 1051 1795; x_wconf 85' lang='lat' dir='ltr'>trajecta,magnam</span> <span class='ocrx_word' id='word_1_151' title='bbox 1070 1720 1109 1778; x_wconf 92' lang='lat' dir='ltr'>in·</span> 
     </span>
     <span class='ocr_line' id='line_1_19' title="bbox 118 1802 1109 1882; baseline 0.002 -19"><span class='ocrx_word' id='word_1_152' title='bbox 118 1805 335 1863; x_wconf 89' lang='lat' dir='ltr'>ilammationem</span> <span class='ocrx_word' id='word_1_153' title='bbox 361 1813 484 1866; x_wconf 87' lang='lat' dir='ltr'>moveat.</span> <span class='ocrx_word' id='word_1_154' title='bbox 521 1802 686 1863; x_wconf 89' lang='lat' dir='ltr'>Novissime</span> <span class='ocrx_word' id='word_1_155' title='bbox 712 1822 797 1882; x_wconf 90' lang='lat' dir='ltr'>quum</span> <span class='ocrx_word' id='word_1_156' title='bbox 819 1802 920 1863; x_wconf 91' lang='lat' dir='ltr'>humor</span> <span class='ocrx_word' id='word_1_157' title='bbox 942 1803 1044 1882; x_wconf 91' lang='lat' dir='ltr'>aliquis</span> <span class='ocrx_word' id='word_1_158' title='bbox 1069 1802 1109 1865; x_wconf 82' lang='lat' dir='ltr'>ibi</span> 
     </span>
     <span class='ocr_line' id='line_1_20' title="bbox 118 1887 1105 1966; baseline -0.001 -20"><span class='ocrx_word' id='word_1_159' title='bbox 118 1887 225 1964; x_wconf 89' lang='lat' dir='ltr'>subsit,</span> <span class='ocrx_word' id='word_1_160' title='bbox 248 1887 333 1946; x_wconf 91' lang='lat' dir='ltr'>oculo</span> <span class='ocrx_word' id='word_1_161' title='bbox 361 1897 389 1946; x_wconf 91' lang='lat' dir='ltr'>et</span> <span class='ocrx_word' id='word_1_162' title='bbox 416 1896 480 1947; x_wconf 91' lang='lat' dir='ltr'>ante</span> <span class='ocrx_word' id='word_1_163' title='bbox 501 1905 554 1965; x_wconf 90' lang='lat' dir='ltr'>per</span> <span class='ocrx_word' id='word_1_164' title='bbox 576 1888 652 1965; x_wconf 94' lang='lat' dir='ltr'>pilos</span> <span class='ocrx_word' id='word_1_165' title='bbox 674 1897 702 1946; x_wconf 90' lang='lat' dir='ltr'>et</span> <span class='ocrx_word' id='word_1_166' title='bbox 717 1897 773 1946; x_wconf 91' lang='lat' dir='ltr'>tum</span> <span class='ocrx_word' id='word_1_167' title='bbox 790 1905 843 1965; x_wconf 89' lang='lat' dir='ltr'>per</span> <span class='ocrx_word' id='word_1_168' title='bbox 858 1887 1017 1966; x_wconf 90' lang='lat' dir='ltr'>palpebrae</span> <span class='ocrx_word' id='word_1_169' title='bbox 1032 1887 1105 1946; x_wconf 85' lang='lat' dir='ltr'>lora·</span> 
     </span>
     <span class='ocr_line' id='line_1_21' title="bbox 82 1971 1109 2049; baseline 0.002 -23"><span class='ocrx_word' id='word_1_170' title='bbox 82 1973 193 2030; x_wconf 85' lang='lat' dir='ltr'>aomina</span> <span class='ocrx_word' id='word_1_171' title='bbox 208 1971 328 2047; x_wconf 82' lang='lat' dir='ltr'>allecto,</span> <span class='ocrx_word' id='word_1_172' title='bbox 344 1973 392 2029; x_wconf 89' lang='lat' dir='ltr'>vix</span> <span class='ocrx_word' id='word_1_173' title='bbox 406 1972 468 2030; x_wconf 85' lang='lat' dir='ltr'>lieri</span> <span class='ocrx_word' id='word_1_174' title='bbox 487 1980 598 2049; x_wconf 88' lang='lat' dir='ltr'>potest,</span> <span class='ocrx_word' id='word_1_175' title='bbox 619 1980 648 2030; x_wconf 92' lang='lat' dir='ltr'>ut</span> <span class='ocrx_word' id='word_1_176' title='bbox 669 1971 784 2048; x_wconf 87' lang='lat' dir='ltr'>gluten,</span> <span class='ocrx_word' id='word_1_177' title='bbox 808 1988 864 2049; x_wconf 90' lang='lat' dir='ltr'>quo</span> <span class='ocrx_word' id='word_1_178' title='bbox 880 1973 991 2030; x_wconf 87' lang='lat' dir='ltr'>vinctus</span> <span class='ocrx_word' id='word_1_179' title='bbox 1006 1979 1050 2029; x_wconf 89' lang='lat' dir='ltr'>est</span> <span class='ocrx_word' id='word_1_180' title='bbox 1068 1971 1109 2048; x_wconf 93' lang='lat' dir='ltr'>pi·</span> 
     </span>
     <span class='ocr_line' id='line_1_22' title="bbox 118 2054 1110 2133; baseline -0.004 -18"><span class='ocrx_word' id='word_1_181' title='bbox 118 2056 179 2129; x_wconf 89' lang='lat' dir='ltr'>lus,</span> <span class='ocrx_word' id='word_1_182' title='bbox 198 2073 254 2114; x_wconf 89' lang='lat' dir='ltr'>non</span> <span class='ocrx_word' id='word_1_183' title='bbox 271 2055 447 2114; x_wconf 88' lang='lat' dir='ltr'>resolvatur:</span> <span class='ocrx_word' id='word_1_184' title='bbox 472 2072 567 2133; x_wconf 83' lang='lat' dir='ltr'>eoque</span> <span class='ocrx_word' id='word_1_185' title='bbox 584 2057 630 2131; x_wconf 89' lang='lat' dir='ltr'>iit,</span> <span class='ocrx_word' id='word_1_186' title='bbox 656 2065 686 2114; x_wconf 94' lang='lat' dir='ltr'>nt</span> <span class='ocrx_word' id='word_1_187' title='bbox 706 2057 729 2113; x_wconf 94' lang='lat' dir='ltr'>is</span> <span class='ocrx_word' id='word_1_188' title='bbox 748 2074 801 2129; x_wconf 93' lang='lat' dir='ltr'>eo,</span> <span class='ocrx_word' id='word_1_189' title='bbox 826 2055 900 2114; x_wconf 89' lang='lat' dir='ltr'>unde</span> <span class='ocrx_word' id='word_1_190' title='bbox 921 2058 951 2115; x_wconf 87' lang='lat' dir='ltr'>vi</span> <span class='ocrx_word' id='word_1_191' title='bbox 970 2054 1110 2114; x_wconf 90' lang='lat' dir='ltr'>abductus</span> 
     </span>
     <span class='ocr_line' id='line_1_23' title="bbox 119 2136 1109 2218; baseline -0.002 -21"><span class='ocrx_word' id='word_1_192' title='bbox 119 2148 176 2214; x_wconf 91' lang='lat' dir='ltr'>est,</span> <span class='ocrx_word' id='word_1_193' title='bbox 199 2140 310 2198; x_wconf 91' lang='lat' dir='ltr'>redeat.</span> <span class='ocrx_word' id='word_1_194' title='bbox 350 2138 392 2197; x_wconf 88' lang='lat' dir='ltr'>Ea</span> <span class='ocrx_word' id='word_1_195' title='bbox 418 2157 489 2197; x_wconf 90' lang='lat' dir='ltr'>vero</span> <span class='ocrx_word' id='word_1_196' title='bbox 516 2141 624 2198; x_wconf 88' lang='lat' dir='ltr'>curatio</span> <span class='ocrx_word' id='word_1_197' title='bbox 653 2157 726 2216; x_wconf 86' lang='lat' dir='ltr'>quae</span> <span class='ocrx_word' id='word_1_198' title='bbox 752 2137 911 2218; x_wconf 89' lang='lat' dir='ltr'>palpebrae</span> <span class='ocrx_word' id='word_1_199' title='bbox 933 2139 1050 2197; x_wconf 87' lang='lat' dir='ltr'>laxioris</span> <span class='ocrx_word' id='word_1_200' title='bbox 1074 2136 1109 2196; x_wconf 94' lang='lat' dir='ltr'>ab</span> 
     </span>
     <span class='ocr_line' id='line_1_24' title="bbox 119 2221 1111 2302; baseline -0.003 -20"><span class='ocrx_word' id='word_1_201' title='bbox 119 2221 248 2282; x_wconf 90' lang='lat' dir='ltr'>omnibus</span> <span class='ocrx_word' id='word_1_202' title='bbox 268 2223 479 2299; x_wconf 81' lang='lat' dir='ltr'>frequentatur,</span> <span class='ocrx_word' id='word_1_203' title='bbox 506 2223 573 2282; x_wconf 92' lang='lat' dir='ltr'>nihil</span> <span class='ocrx_word' id='word_1_204' title='bbox 595 2222 682 2282; x_wconf 89' lang='lat' dir='ltr'>babet</span> <span class='ocrx_word' id='word_1_205' title='bbox 702 2222 794 2282; x_wconf 76' lang='lat' dir='ltr'>dubii</span> <span class='ocrx_word' id='word_1_206' title='bbox 826 2224 971 2302; x_wconf 89' lang='lat' dir='ltr'>Siquidem</span> <span class='ocrx_word' id='word_1_207' title='bbox 993 2229 1111 2299; x_wconf 90' lang='lat' dir='ltr'>oportet</span> 
     </span>
     <span class='ocr_line' id='line_1_25' title="bbox 122 2305 1109 2385; baseline -0.002 -21"><span class='ocrx_word' id='word_1_208' title='bbox 122 2315 255 2365; x_wconf 90' lang='lat' dir='ltr'>contecto</span> <span class='ocrx_word' id='word_1_209' title='bbox 276 2307 361 2366; x_wconf 92' lang='lat' dir='ltr'>oculo</span> <span class='ocrx_word' id='word_1_210' title='bbox 379 2307 499 2365; x_wconf 91' lang='lat' dir='ltr'>mediam</span> <span class='ocrx_word' id='word_1_211' title='bbox 519 2306 676 2385; x_wconf 88' lang='lat' dir='ltr'>palpebrae</span> <span class='ocrx_word' id='word_1_212' title='bbox 698 2316 806 2381; x_wconf 90' lang='lat' dir='ltr'>cutem,</span> <span class='ocrx_word' id='word_1_213' title='bbox 827 2308 890 2366; x_wconf 89' lang='lat' dir='ltr'>sive</span> <span class='ocrx_word' id='word_1_214' title='bbox 913 2325 946 2366; x_wconf 91' lang='lat' dir='ltr'>ea</span> <span class='ocrx_word' id='word_1_215' title='bbox 968 2305 1109 2383; x_wconf 88' lang='lat' dir='ltr'>superior,</span> 
     </span>
     <span class='ocr_line' id='line_1_26' title="bbox 84 2390 1111 2467; baseline -0.005 -16"><span class='ocrx_word' id='word_1_216' title='bbox 84 2391 183 2451; x_wconf 76' lang='lat' dir='ltr'>msive</span> <span class='ocrx_word' id='word_1_217' title='bbox 199 2390 318 2449; x_wconf 83' lang='lat' dir='ltr'>inferior</span> <span class='ocrx_word' id='word_1_218' title='bbox 339 2399 398 2465; x_wconf 90' lang='lat' dir='ltr'>est,</span> <span class='ocrx_word' id='word_1_219' title='bbox 422 2390 642 2467; x_wconf 88' lang='lat' dir='ltr'>apprehendere</span> <span class='ocrx_word' id='word_1_220' title='bbox 664 2392 774 2467; x_wconf 90' lang='lat' dir='ltr'>digitis,</span> <span class='ocrx_word' id='word_1_221' title='bbox 797 2409 830 2450; x_wconf 92' lang='lat' dir='ltr'>ac</span> <span class='ocrx_word' id='word_1_222' title='bbox 855 2392 897 2450; x_wconf 93' lang='lat' dir='ltr'>sic</span> <span class='ocrx_word' id='word_1_223' title='bbox 915 2391 1029 2449; x_wconf 89' lang='lat' dir='ltr'>levare:</span> <span class='ocrx_word' id='word_1_224' title='bbox 1052 2397 1111 2448; x_wconf 91' lang='lat' dir='ltr'>tum</span> 
     </span>
     <span class='ocr_line' id='line_1_27' title="bbox 121 2472 1111 2552; baseline 0 -20"><span class='ocrx_word' id='word_1_225' title='bbox 121 2472 306 2533; x_wconf 89' lang='lat' dir='ltr'>considerare</span> <span class='ocrx_word' id='word_1_226' title='bbox 324 2474 459 2552; x_wconf 84' lang='lat' dir='ltr'>quantulo</span> <span class='ocrx_word' id='word_1_227' title='bbox 476 2473 606 2534; x_wconf 88' lang='lat' dir='ltr'>detracto</span> <span class='ocrx_word' id='word_1_228' title='bbox 623 2474 743 2533; x_wconf 80' lang='lat' dir='ltr'>futurum</span> <span class='ocrx_word' id='word_1_229' title='bbox 770 2477 820 2550; x_wconf 91' lang='lat' dir='ltr'>sit,</span> <span class='ocrx_word' id='word_1_230' title='bbox 842 2484 871 2532; x_wconf 88' lang='lat' dir='ltr'>ut</span> <span class='ocrx_word' id='word_1_231' title='bbox 894 2473 1060 2533; x_wconf 89' lang='lat' dir='ltr'>naturaliter</span> <span class='ocrx_word' id='word_1_232' title='bbox 1079 2491 1111 2532; x_wconf 91' lang='lat' dir='ltr'>se</span> 
     </span>
     <span class='ocr_line' id='line_1_28' title="bbox 119 2555 1112 2637; baseline -0.001 -22"><span class='ocrx_word' id='word_1_233' title='bbox 119 2555 232 2616; x_wconf 88' lang='lat' dir='ltr'>habeat.</span> <span class='ocrx_word' id='word_1_234' title='bbox 271 2556 417 2634; x_wconf 90' lang='lat' dir='ltr'>Siquidem</span> <span class='ocrx_word' id='word_1_235' title='bbox 435 2557 482 2617; x_wconf 90' lang='lat' dir='ltr'>lric</span> <span class='ocrx_word' id='word_1_236' title='bbox 498 2575 613 2637; x_wconf 85' lang='lat' dir='ltr'>quoque</span> <span class='ocrx_word' id='word_1_237' title='bbox 634 2558 689 2617; x_wconf 91' lang='lat' dir='ltr'>duo</span> <span class='ocrx_word' id='word_1_238' title='bbox 712 2559 842 2636; x_wconf 90' lang='lat' dir='ltr'>pericula</span> <span class='ocrx_word' id='word_1_239' title='bbox 865 2560 1063 2617; x_wconf 90' lang='lat' dir='ltr'>circumstant:</span> <span class='ocrx_word' id='word_1_240' title='bbox 1087 2557 1112 2614; x_wconf 90' lang='lat' dir='ltr'>si</span> 
     </span>
     <span class='ocr_line' id='line_1_29' title="bbox 119 2641 1110 2720; baseline 0 -22"><span class='ocrx_word' id='word_1_241' title='bbox 119 2641 231 2699; x_wconf 92' lang='lat' dir='ltr'>nimium</span> <span class='ocrx_word' id='word_1_242' title='bbox 247 2641 333 2700; x_wconf 86' lang='lat' dir='ltr'>fuerit</span> <span class='ocrx_word' id='word_1_243' title='bbox 352 2643 495 2716; x_wconf 82' lang='lat' dir='ltr'>excisum,</span> <span class='ocrx_word' id='word_1_244' title='bbox 511 2660 547 2700; x_wconf 93' lang='lat' dir='ltr'>ne</span> <span class='ocrx_word' id='word_1_245' title='bbox 564 2644 680 2718; x_wconf 91' lang='lat' dir='ltr'>contegi</span> <span class='ocrx_word' id='word_1_246' title='bbox 696 2643 797 2701; x_wconf 89' lang='lat' dir='ltr'>oculus</span> <span class='ocrx_word' id='word_1_247' title='bbox 812 2660 868 2701; x_wconf 94' lang='lat' dir='ltr'>non</span> <span class='ocrx_word' id='word_1_248' title='bbox 885 2645 992 2720; x_wconf 87' lang='lat' dir='ltr'>possit;</span> <span class='ocrx_word' id='word_1_249' title='bbox 1017 2643 1041 2700; x_wconf 90' lang='lat' dir='ltr'>si</span> <span class='ocrx_word' id='word_1_250' title='bbox 1061 2657 1110 2717; x_wconf 93' lang='lat' dir='ltr'>pa·</span> 
     </span>
     <span class='ocr_line' id='line_1_30' title="bbox 119 2725 1110 2802; baseline -0.001 -20"><span class='ocrx_word' id='word_1_251' title='bbox 119 2743 195 2800; x_wconf 89' lang='lat' dir='ltr'>rum,</span> <span class='ocrx_word' id='word_1_252' title='bbox 219 2744 255 2783; x_wconf 92' lang='lat' dir='ltr'>ne</span> <span class='ocrx_word' id='word_1_253' title='bbox 277 2725 344 2784; x_wconf 92' lang='lat' dir='ltr'>nihil</span> <span class='ocrx_word' id='word_1_254' title='bbox 366 2735 458 2785; x_wconf 87' lang='lat' dir='ltr'>actum</span> <span class='ocrx_word' id='word_1_255' title='bbox 480 2726 530 2798; x_wconf 88' lang='lat' dir='ltr'>sit,</span> <span class='ocrx_word' id='word_1_256' title='bbox 550 2735 578 2784; x_wconf 92' lang='lat' dir='ltr'>et</span> <span class='ocrx_word' id='word_1_257' title='bbox 600 2726 706 2784; x_wconf 84' lang='lat' dir='ltr'>frustra</span> <span class='ocrx_word' id='word_1_258' title='bbox 730 2736 827 2785; x_wconf 90' lang='lat' dir='ltr'>sectus</span> <span class='ocrx_word' id='word_1_259' title='bbox 844 2726 947 2802; x_wconf 88' lang='lat' dir='ltr'>aliquis</span> <span class='ocrx_word' id='word_1_260' title='bbox 963 2728 1009 2783; x_wconf 90' lang='lat' dir='ltr'>sit.</span> <span class='ocrx_word' id='word_1_261' title='bbox 1048 2725 1110 2797; x_wconf 79' lang='lat' dir='ltr'>Qua</span> 
     </span>
     <span class='ocr_line' id='line_1_31' title="bbox 85 2808 1109 2887; baseline -0.007 -17"><span class='ocrx_word' id='word_1_262' title='bbox 85 2808 224 2870; x_wconf 90' lang='lat' dir='ltr'>acdeinde</span> <span class='ocrx_word' id='word_1_263' title='bbox 239 2810 419 2868; x_wconf 92' lang='lat' dir='ltr'>incidendum</span> <span class='ocrx_word' id='word_1_264' title='bbox 435 2808 593 2883; x_wconf 84' lang='lat' dir='ltr'>ridebitur,</span> <span class='ocrx_word' id='word_1_265' title='bbox 616 2828 668 2887; x_wconf 94' lang='lat' dir='ltr'>per</span> <span class='ocrx_word' id='word_1_266' title='bbox 691 2810 761 2868; x_wconf 89' lang='lat' dir='ltr'>duas</span> <span class='ocrx_word' id='word_1_267' title='bbox 778 2811 869 2868; x_wconf 92' lang='lat' dir='ltr'>lineas</span> <span class='ocrx_word' id='word_1_268' title='bbox 886 2816 1043 2866; x_wconf 88' lang='lat' dir='ltr'>atramento</span> <span class='ocrx_word' id='word_1_269' title='bbox 1059 2822 1109 2863; x_wconf 91' lang='lat' dir='ltr'>nc·</span> 
     </span>
     <span class='ocr_line' id='line_1_32' title="bbox 120 2892 1109 2970; baseline -0.004 -20"><span class='ocrx_word' id='word_1_270' title='bbox 120 2892 231 2951; x_wconf 91' lang='lat' dir='ltr'>tandum</span> <span class='ocrx_word' id='word_1_271' title='bbox 248 2902 293 2952; x_wconf 89' lang='lat' dir='ltr'>est</span> <span class='ocrx_word' id='word_1_272' title='bbox 307 2895 366 2969; x_wconf 90' lang='lat' dir='ltr'>sic,</span> <span class='ocrx_word' id='word_1_273' title='bbox 381 2902 411 2951; x_wconf 94' lang='lat' dir='ltr'>ut</span> <span class='ocrx_word' id='word_1_274' title='bbox 427 2894 500 2952; x_wconf 92' lang='lat' dir='ltr'>inter</span> <span class='ocrx_word' id='word_1_275' title='bbox 517 2910 612 2966; x_wconf 90' lang='lat' dir='ltr'>oram,</span> <span class='ocrx_word' id='word_1_276' title='bbox 636 2910 709 2969; x_wconf 87' lang='lat' dir='ltr'>quae</span> <span class='ocrx_word' id='word_1_277' title='bbox 734 2893 810 2970; x_wconf 92' lang='lat' dir='ltr'>pilos</span> <span class='ocrx_word' id='word_1_278' title='bbox 826 2893 970 2964; x_wconf 88' lang='lat' dir='ltr'>continet,</span> <span class='ocrx_word' id='word_1_279' title='bbox 993 2899 1021 2948; x_wconf 93' lang='lat' dir='ltr'>et</span> <span class='ocrx_word' id='word_1_280' title='bbox 1043 2905 1109 2965; x_wconf 93' lang='lat' dir='ltr'>pro·</span> 
     </span>
     <span class='ocr_line' id='line_1_33' title="bbox 119 2971 1110 3054; baseline -0.004 -20"><span class='ocrx_word' id='word_1_281' title='bbox 119 2977 229 3053; x_wconf 89' lang='lat' dir='ltr'>piorem</span> <span class='ocrx_word' id='word_1_282' title='bbox 254 2979 280 3035; x_wconf 92' lang='lat' dir='ltr'>ei</span> <span class='ocrx_word' id='word_1_283' title='bbox 303 2978 423 3050; x_wconf 91' lang='lat' dir='ltr'>lineam,</span> <span class='ocrx_word' id='word_1_284' title='bbox 442 2976 549 3052; x_wconf 90' lang='lat' dir='ltr'>aliquid</span> <span class='ocrx_word' id='word_1_285' title='bbox 570 2976 761 3054; x_wconf 88' lang='lat' dir='ltr'>relinquatur,</span> <span class='ocrx_word' id='word_1_286' title='bbox 789 2976 865 3052; x_wconf 92' lang='lat' dir='ltr'>quod</span> <span class='ocrx_word' id='word_1_287' title='bbox 888 2971 1110 3052; x_wconf 87' lang='lat' dir='ltr'>apprehendere</span> 
     </span>
    </p>
   </div>
   <div class='ocr_carea' id='block_1_3' title="bbox 120 3054 1206 3223">
    <p class='ocr_par' dir='ltr' id='par_1_3' title="bbox 120 3054 1206 3223">
     <span class='ocr_line' id='line_1_34' title="bbox 120 3054 1203 3138; baseline -0.006 -20"><span class='ocrx_word' id='word_1_288' title='bbox 120 3078 189 3118; x_wconf 92' lang='lat' dir='ltr'>acus</span> <span class='ocrx_word' id='word_1_289' title='bbox 212 3070 314 3138; x_wconf 91' lang='lat' dir='ltr'>postea</span> <span class='ocrx_word' id='word_1_290' title='bbox 338 3062 439 3138; x_wconf 87' lang='lat' dir='ltr'>possit.</span> <span class='ocrx_word' id='word_1_291' title='bbox 479 3059 530 3118; x_wconf 88' lang='lat' dir='ltr'>His</span> <span class='ocrx_word' id='word_1_292' title='bbox 547 3061 724 3135; x_wconf 89' lang='lat' dir='ltr'>constitutis,</span> <span class='ocrx_word' id='word_1_293' title='bbox 751 3058 908 3136; x_wconf 87' lang='lat' dir='ltr'>scalpellus</span> <span class='ocrx_word' id='word_1_294' title='bbox 933 3054 1110 3115; x_wconf 86' lang='lat' dir='ltr'>adhibendus</span> <span class='ocrx_word' id='word_1_295' title='bbox 1200 3072 1203 3081; x_wconf 93' lang='lat'>·</span> 
     </span>
     <span class='ocr_line' id='line_1_35' title="bbox 121 3141 1206 3223; baseline -0.006 -21"><span class='ocrx_word' id='word_1_296' title='bbox 121 3153 177 3204; x_wconf 90' lang='lat' dir='ltr'>est:</span> <span class='ocrx_word' id='word_1_297' title='bbox 202 3153 230 3203; x_wconf 91' lang='lat' dir='ltr'>et</span> <span class='ocrx_word' id='word_1_298' title='bbox 251 3147 275 3203; x_wconf 92' lang='lat' dir='ltr'>si</span> <span class='ocrx_word' id='word_1_299' title='bbox 296 3146 430 3223; x_wconf 88' lang='lat' dir='ltr'>superior</span> <span class='ocrx_word' id='word_1_300' title='bbox 454 3144 593 3222; x_wconf 90' lang='lat' dir='ltr'>palpebra</span> <span class='ocrx_word' id='word_1_301' title='bbox 612 3153 672 3216; x_wconf 91' lang='lat' dir='ltr'>est,</span> <span class='ocrx_word' id='word_1_302' title='bbox 696 3151 776 3208; x_wconf 80' lang='lat' dir='ltr'>ante:</span> <span class='ocrx_word' id='word_1_303' title='bbox 801 3143 825 3200; x_wconf 92' lang='lat' dir='ltr'>si</span> <span class='ocrx_word' id='word_1_304' title='bbox 850 3141 983 3216; x_wconf 86' lang='lat' dir='ltr'>inferior,</span> <span class='ocrx_word' id='word_1_305' title='bbox 1007 3147 1110 3217; x_wconf 89' lang='lat' dir='ltr'>postea</span> <span class='ocrx_word' id='word_1_306' title='bbox 1192 3146 1206 3179; x_wconf 67' lang='lat'>&#39;⁸-</span> 
     </span>
    </p>
   </div>
   <div class='ocr_carea' id='block_1_4' title="bbox 84 3223 1110 3555">
    <p class='ocr_par' dir='ltr' id='par_1_4' title="bbox 84 3223 1110 3555">
     <span class='ocr_line' id='line_1_36' title="bbox 84 3223 1109 3307; baseline -0.014 -14"><span class='ocrx_word' id='word_1_307' title='bbox 84 3253 110 3293; x_wconf 85' lang='lat' dir='ltr'>aa</span> <span class='ocrx_word' id='word_1_308' title='bbox 120 3229 241 3307; x_wconf 91' lang='lat' dir='ltr'>propius</span> <span class='ocrx_word' id='word_1_309' title='bbox 257 3230 327 3306; x_wconf 92' lang='lat' dir='ltr'>ipsis</span> <span class='ocrx_word' id='word_1_310' title='bbox 347 3228 412 3306; x_wconf 90' lang='lat' dir='ltr'>pilis</span> <span class='ocrx_word' id='word_1_311' title='bbox 428 3226 621 3287; x_wconf 91' lang='lat' dir='ltr'>incidendum:</span> <span class='ocrx_word' id='word_1_312' title='bbox 642 3227 807 3303; x_wconf 87' lang='lat' dir='ltr'>initiumque</span> <span class='ocrx_word' id='word_1_313' title='bbox 823 3224 983 3283; x_wconf 86' lang='lat' dir='ltr'>iaciendum</span> <span class='ocrx_word' id='word_1_314' title='bbox 1000 3225 1029 3281; x_wconf 93' lang='lat' dir='ltr'>in</span> <span class='ocrx_word' id='word_1_315' title='bbox 1044 3223 1109 3280; x_wconf 90' lang='lat' dir='ltr'>sini·</span> 
     </span>
     <span class='ocr_line' id='line_1_37' title="bbox 121 3305 1110 3389; baseline -0.006 -21"><span class='ocrx_word' id='word_1_316' title='bbox 121 3320 181 3370; x_wconf 90' lang='lat' dir='ltr'>stro</span> <span class='ocrx_word' id='word_1_317' title='bbox 198 3313 301 3388; x_wconf 86' lang='lat' dir='ltr'>oculo,</span> <span class='ocrx_word' id='word_1_318' title='bbox 318 3313 405 3371; x_wconf 90' lang='lat' dir='ltr'>abeo</span> <span class='ocrx_word' id='word_1_319' title='bbox 423 3311 545 3388; x_wconf 86' lang='lat' dir='ltr'>angulo,</span> <span class='ocrx_word' id='word_1_320' title='bbox 561 3315 608 3389; x_wconf 91' lang='lat' dir='ltr'>qui</span> <span class='ocrx_word' id='word_1_321' title='bbox 625 3312 760 3387; x_wconf 79' lang='lat' dir='ltr'>tempori:</span> <span class='ocrx_word' id='word_1_322' title='bbox 777 3311 805 3368; x_wconf 93' lang='lat' dir='ltr'>in</span> <span class='ocrx_word' id='word_1_323' title='bbox 822 3309 941 3383; x_wconf 83' lang='lat' dir='ltr'>dextro,</span> <span class='ocrx_word' id='word_1_324' title='bbox 959 3307 994 3366; x_wconf 92' lang='lat' dir='ltr'>ab</span> <span class='ocrx_word' id='word_1_325' title='bbox 1011 3323 1046 3364; x_wconf 93' lang='lat' dir='ltr'>eo</span> <span class='ocrx_word' id='word_1_326' title='bbox 1063 3305 1110 3382; x_wconf 92' lang='lat' dir='ltr'>qui</span> 
     </span>
     <span class='ocr_line' id='line_1_38' title="bbox 122 3388 1110 3473; baseline -0.006 -20"><span class='ocrx_word' id='word_1_327' title='bbox 122 3395 237 3454; x_wconf 89' lang='lat' dir='ltr'>naribus</span> <span class='ocrx_word' id='word_1_328' title='bbox 256 3398 376 3473; x_wconf 90' lang='lat' dir='ltr'>propior</span> <span class='ocrx_word' id='word_1_329' title='bbox 395 3405 454 3454; x_wconf 89' lang='lat' dir='ltr'>est:</span> <span class='ocrx_word' id='word_1_330' title='bbox 472 3395 573 3472; x_wconf 91' lang='lat' dir='ltr'>idque,</span> <span class='ocrx_word' id='word_1_331' title='bbox 591 3394 667 3472; x_wconf 91' lang='lat' dir='ltr'>quod</span> <span class='ocrx_word' id='word_1_332' title='bbox 682 3396 755 3455; x_wconf 88' lang='lat' dir='ltr'>inter</span> <span class='ocrx_word' id='word_1_333' title='bbox 771 3392 840 3452; x_wconf 90' lang='lat' dir='ltr'>duas</span> <span class='ocrx_word' id='word_1_334' title='bbox 856 3393 948 3451; x_wconf 91' lang='lat' dir='ltr'>lineas</span> <span class='ocrx_word' id='word_1_335' title='bbox 960 3399 1015 3466; x_wconf 89' lang='lat' dir='ltr'>est,</span> <span class='ocrx_word' id='word_1_336' title='bbox 1033 3388 1110 3448; x_wconf 84' lang='lat' dir='ltr'>exci-</span> 
     </span>
     <span class='ocr_line' id='line_1_39' title="bbox 121 3476 1020 3555; baseline -0.004 -18"><span class='ocrx_word' id='word_1_337' title='bbox 121 3477 252 3538; x_wconf 88' lang='lat' dir='ltr'>dendum.</span> <span class='ocrx_word' id='word_1_338' title='bbox 274 3479 385 3538; x_wconf 87' lang='lat' dir='ltr'>Deinde</span> <span class='ocrx_word' id='word_1_339' title='bbox 404 3497 473 3537; x_wconf 91' lang='lat' dir='ltr'>orae</span> <span class='ocrx_word' id='word_1_340' title='bbox 495 3479 620 3538; x_wconf 89' lang='lat' dir='ltr'>vulneris</span> <span class='ocrx_word' id='word_1_341' title='bbox 643 3481 715 3537; x_wconf 89' lang='lat' dir='ltr'>inter</span> <span class='ocrx_word' id='word_1_342' title='bbox 736 3496 768 3536; x_wconf 90' lang='lat' dir='ltr'>se</span> <span class='ocrx_word' id='word_1_343' title='bbox 784 3476 907 3555; x_wconf 90' lang='lat' dir='ltr'>simplici</span> <span class='ocrx_word' id='word_1_344' title='bbox 922 3485 1020 3541; x_wconf 85' lang='lat' dir='ltr'>sutura</span> 
     </span>
    </p>
   </div>
   <div class='ocr_carea' id='block_1_5' title="bbox 0 0 1214 3924">
    <p class='ocr_par' dir='ltr' id='par_1_5' title="bbox 0 0 1214 3924">
     <span class='ocr_line' id='line_1_40' title="bbox 0 0 1214 3924; baseline 0 0"><span class='ocrx_word' id='word_1_345' title='bbox 0 0 1214 3924; x_wconf 95' lang='lat' dir='ltr'> </span> 
     </span>
    </p>
   </div>
  </div>
 </body>
</html>
