2414 3924
348 218 416 267 nm.
433 218 478 265 ιν.
503 216 577 266 car.
593 219 717 266 xxvur.
732 219 831 295 xnrx.
1029 207 1087 267 155

24 421 27 430 .
93 374 129 435 ad
149 375 261 450 ignem:
291 370 423 431 balneum
445 389 539 431 rarum
561 388 629 431 esse
651 370 754 448 debet,
778 389 872 450 neque
894 371 982 451 longa
1003 375 1031 431 in
1052 391 1089 432 eo

91 474 189 519 mora:
224 454 306 514 cibus
331 457 539 535 comprimens:
568 457 662 515 vinum
682 463 826 515 austerum
846 473 1006 533 meracum,
1036 474 1090 535 per

93 548 233 601 aestatem
247 539 398 616 frigidum,
416 557 469 618 per
481 538 603 598 hiemem
614 537 773 616 egelidum
798 539 850 599 sed
861 548 984 616 tantum,
1001 558 1088 620 quan-

92 634 152 684 tum
177 622 318 682 minimum
346 625 392 682 sit.
437 622 530 681 Alvus
554 640 669 701 quoque
694 621 742 683 vel
768 621 914 700 ducenda,
942 624 988 684 vel
1012 624 1089 685 lacte

67 707 242 788 spurganda
266 716 319 766 est.
357 708 387 766 Si
410 724 508 766 crassa
524 707 603 765 urina
620 714 680 782 est,
702 706 901 766 vehementior
918 725 985 767 esse
1002 707 1090 767 debet

94 802 124 852 et
150 793 345 868 exercitatio„
364 800 393 850 et
418 791 531 850 frictio:
564 789 679 867 longior
705 791 733 848 in
758 789 864 850 balneo
886 808 982 851 mora:
1017 790 1090 850 cibis

93 893 168 957 opus
191 884 235 935 est
258 876 382 934 teneris:
408 875 476 933 vino
500 872 611 934 eodem.
656 873 686 932 ln
708 882 831 952 utroque
851 873 954 934 morbo
977 874 1088 934 vitanda

92 960 187 1021 omnia
202 967 280 1033 sunt,
297 976 370 1036 quae
385 959 493 1018 urinam
509 974 629 1017 movere
645 966 828 1016 consuerunt.

322 1174 504 1235 CAPUT
538 1175 733 1235 XXVIII
755 1173 860 1254 {XXl}.

58 1303 82 1343 ιο
264 1292 301 1342 De
317 1291 424 1343 Seminis
443 1291 520 1341 ulmis
537 1307 569 1343 ex
584 1293 740 1343 naturalibus
756 1291 913 1358 profusione.

156 1429 209 1489 Est
228 1430 312 1489 etiam
328 1431 406 1489 circa
420 1429 558 1489 naturalia
571 1430 685 1504 vitium,
707 1431 791 1488 nimia
809 1429 940 1507 profusio
961 1429 1088 1504 seminIs,

94 1513 171 1594 quod
195 1515 257 1572 siue
280 1531 405 1589 venere,
430 1515 492 1572 sine
512 1514 662 1572 nocturnis
676 1512 847 1591 imaginibus
862 1515 905 1572 sic
920 1513 1026 1588 fertur,
1050 1520 1089 1588 ut,

93 1599 266 1676 interposito
288 1598 397 1676 spatio,
423 1596 490 1656 tabe
512 1595 655 1655 bominem
670 1605 827 1656 consumat.
864 1595 896 1654 ln
910 1595 965 1655 boc
985 1597 1090 1656 affectu

95 1681 237 1742 salutares
250 1690 315 1740 sunt
326 1680 513 1740 vehementes
524 1680 686 1755 frictiones,
703 1679 899 1757 perfusiones,
914 1681 1090 1738 natationes·
1158 1688 1160 1692 “

57 1791 82 1829 rs
95 1783 151 1843 que
173 1783 255 1844 quam
271 1764 489 1842 frigidissimae:
512 1781 607 1840 neque
623 1764 697 1838 cibi,
719 1780 774 1821 uec
789 1763 889 1840 potio,
912 1763 967 1820 nisi
984 1761 1090 1838 frigida

92 1858 226 1909 assumta.
259 1850 359 1910 Vitare
377 1857 471 1908 autem
489 1855 607 1925 oportet
622 1845 778 1906 cruditates
794 1854 823 1905 et
840 1846 933 1904 omnia
948 1845 1090 1904 inflantia:

92 1933 161 1992 nibil
174 1933 256 1992 exiis
270 1949 429 2008 assumere,
448 1949 522 2009 quae
535 1929 706 1989 contrahere
719 1947 818 1999 semen
829 1929 977 1997 videntnr;
996 1927 1091 2005 qualia

93 2026 157 2075 sunt
178 2017 279 2093 siligo,
305 2015 410 2092 simila,
433 2027 504 2089 ova,
527 2014 616 2089 alica,
638 2012 777 2089 amylum,
802 2013 893 2072 omnis
916 2029 984 2071 caro
1006 2011 1091 2087 gluti·

94 2117 182 2175 nosa,
206 2102 305 2178 piper,
323 2117 427 2174 eruca,
444 2097 539 2172 bulbi,
555 2097 650 2156 nuclei
666 2097 751 2176 pinei.
788 2096 892 2175 Neque
906 2096 1029 2156 alienum
1048 2103 1092 2154 est

57 2184 197 2244 aofovere
222 2184 378 2242 inferiores
402 2191 500 2260 partes
541 2198 617 2257 aqua
649 2181 770 2241 decocta
791 2197 829 2238 ex
845 2177 983 2236 verbenis
999 2181 1092 2258 repri-

94 2267 250 2326 mentibus:
274 2284 311 2326 ex
332 2266 432 2325 iisdem
453 2265 550 2341 aliqua
568 2265 772 2343 cataplasmata
788 2267 845 2324 imo
862 2264 954 2324 ventri
970 2264 1092 2343 inguini·

94 2350 205 2427 busque
228 2350 420 2418 circumdare;
456 2349 669 2427 praecipueque
691 2367 729 2408 ex
752 2359 835 2409 aceto
858 2357 966 2408 rutum:
1000 2349 1092 2408 vitare

95 2434 180 2491 etiam
195 2452 231 2498 ne
246 2436 365 2513 supinus
378 2432 548 2492 obdormiat.

334 2635 518 2695 onnus
561 2636 708 2694 xxnx
731 2633 848 2711 [xxiii.

59 2758 85 2797 25
441 2752 477 2800 De
498 2751 622 2801 Coxarum
639 2752 742 2801 morbis.

157 2889 296 2964 Superest
319 2896 349 2946 ut
376 2888 411 2947 ad
429 2896 573 2947 extremas
591 2894 689 2965 partes
712 2888 846 2962 corporis
863 2888 994 2956 veniam,
1020 2897 1094 2957 quae

95 2970 222 3030 articulis
237 2972 312 3029 inter
328 2989 360 3029 se
376 2980 573 3030 conseruntur.
604 2969 715 3028 initium
730 2971 841 3027 acoxis
854 2969 966 3027 faciam.
988 2963 1094 3022 Harum

96 3057 199 3131 ingens
215 3054 299 3113 dolor
315 3073 381 3113 esse
399 3054 563 3114 consuevit:
589 3055 671 3131 isque
685 3051 828 3112 hominem
844 3068 934 3127 saepe
950 3044 1093 3106 debilitat:

96 3147 124 3196 et
140 3137 278 3215 quosdam
294 3155 352 3197 nou
367 3139 486 3197 dimittit.
514 3137 617 3214 quue
634 3135 661 3195 id
676 3153 769 3212 genus
784 3133 952 3194 difficillime
969 3136 1093 3200 curatur,

61 3220 174 3299 eoquod
194 3221 257 3279 fere
277 3231 344 3299 post
364 3223 471 3299 longos
488 3220 607 3280 morbos
624 3223 668 3280 vis
684 3218 824 3298 pestifera
840 3216 897 3275 buc
913 3233 945 3274 se
960 3211 1094 3272 inclinat:

96 3322 169 3382 quae
197 3314 226 3363 ut
253 3305 324 3364 alias
351 3316 449 3383 partes
473 3307 591 3380 liberat,
621 3306 664 3362 sic
691 3303 765 3361 hanc
780 3302 839 3375 jnm
863 3301 956 3377 ipsam
979 3312 1094 3374 quoque

96 3387 228 3448 affectam
243 3389 405 3467 prehendit.
443 3387 609 3450 Fovendum
628 3388 748 3465 primum
765 3402 838 3462 aqua
855 3382 947 3443 calida
963 3388 1023 3440 est:
1046 3379 1093 3437 de-

96 3470 161 3529 iude
177 3471 311 3530 utendum
326 3472 427 3532 calidis
442 3472 664 3551 cataplasmatis.
686 3469 809 3530 Maxime
825 3466 967 3546 prodesse
983 3464 1094 3524 videtur
