2416 3936
164 194 207 258 56
472 200 682 248 rutenensi
705 200 781 249 exn.
798 199 833 247 11.

167 344 336 426 progignit,
359 348 388 403 et
402 340 599 419 temperantia
614 339 744 408 iuvetur,
765 339 995 417 intemperantia
1011 337 1147 400 laeditur.
1199 381 1200 385 ,

168 430 295 491 invicem
311 443 403 506 porro
424 424 569 485 elementa
586 422 749 484 succedere
772 432 802 483 et
821 423 944 484 interitu
960 423 1149 502 singulorum

168 514 306 574 universa
322 511 387 570 fieri
402 510 582 589 sempiterna
597 506 786 568 manifestum
802 514 856 569 est.

136 711 155 770 2
457 710 507 760 DE
527 707 637 759 CAELI
653 707 861 760 POSITIONE.

238 845 358 909 Caelum
385 843 504 906 circulis
531 845 661 922 quinque
687 842 887 920 distinguitur.
934 862 1064 924 quorum
1093 845 1179 906 duos

175 933 299 994 extremi
314 930 441 991 maxime
458 928 566 1008 frigidi,
583 925 722 989 australis
737 927 921 989 humillimus
938 935 967 991 et
983 928 1151 1008 aquilonius

90 1055 92 1059 ν
175 1015 401 1077 excelsissimus.
444 1012 491 1073 his
510 1012 660 1092 utrimque
681 1013 810 1092 proximi
836 1012 894 1074 duo
915 1013 1080 1092 paralleloe
1103 1033 1150 1075 vo-

175 1106 289 1168 cantur,
305 1105 338 1159 ut
352 1100 392 1160 ita
408 1098 547 1167 dixerim,
564 1114 658 1175 aeque
674 1097 825 1166 distantes,
841 1097 920 1159 idem
936 1100 1054 1177 tropici,
1071 1099 1150 1161 idem

175 1181 369 1253 solistitiales3
403 1182 478 1244 alter
497 1181 657 1251 hibernus,
685 1197 740 1260 per
762 1198 851 1260 quem
873 1180 917 1242 sol
943 1185 1152 1245 transmittens

176 1274 276 1328 octava
298 1275 383 1343 parte
405 1267 574 1347 capricorni
595 1262 763 1329 solistitium
783 1264 942 1328 hibernum
964 1267 1051 1336 iacit;
1077 1268 1192 1330 alter1u

176 1353 319 1421 aestivus,
350 1368 405 1431 per
431 1368 520 1430 quern
546 1349 591 1412 sol
617 1357 719 1412 neura
739 1357 824 1430 parte
852 1352 954 1412 cancri
980 1350 1151 1414 solistitium

142 1447 158 1494 2
178 1436 319 1497 aestivum
334 1435 413 1496 iacit.
439 1435 555 1496 medius
571 1440 616 1495 est
631 1434 862 1515 aequinoctialis,
880 1435 932 1516 qui
947 1442 1050 1497 octava
1065 1445 1152 1515 parte

176 1521 278 1582 arietis
304 1513 523 1601 aequinoctium
548 1535 690 1588 vernum,
728 1526 831 1581 octana
845 1519 951 1582 'librae
977 1521 1152 1582 autumnale

177 1605 337 1667 constituit.

240 1688 279 1751 Ut
298 1689 401 1750 circuli
422 1692 453 1751 a'n
470 1685 567 1758 caelo,
589 1687 676 1749 ita'in
690 1694 787 1749 terra:
813 1706 905 1750 zonae
920 1699 1074 1751 vocantur.
1107 1691 1151 1751 in·
1168 1698 1194 1747 15

176 1773 345 1837 habitabilis
360 1773 438 1835 inira
453 1772 579 1853 frigidus
594 1771 724 1835 circulus
739 1772 778 1834 ob
794 1776 926 1852 rigorem
945 1796 961 1836 e
978 1796 994 1836 e
1016 1775 1097 1852 quod
1115 1773 1151 1836 ab

177 1860 224 1921 his
238 1858 410 1937 longissime
424 1856 469 1919 sol
484 1857 581 1928 abest,
603 1857 673 1918 item
689 1857 767 1918 intra
784 1856 899 1919 calidus
914 1858 1150 1936 aequinoctialis,

144 1953 159 2001 3
178 1944 257 2024 quod
278 1942 333 2004 sub
353 1944 463 2004 vertice
484 1940 555 2003 solis
575 1950 628 2002 est.
666 1940 721 2002 sub
738 1958 797 2022 quo
813 1941 933 2020 quidam
954 1941 1093 2005 habitare
1109 1944 1151 2005 di·

178 2035 248 2088 cunt
263 2051 279 2088 e
297 2025 480 2107 teydmpiae
501 2033 531 2086 et
551 2025 723 2105 Aethiopiae
744 2028 902 2088 maximam
921 2033 1056 2105 partem,
1078 2030 1151 2090 item

177 2111 320 2193 plurimas
347 2111 458 2173 insulas
483 2111 573 2170 maris
594 2110 680 2171 rubri
708 2110 840 2189 aliosque
862 2113 989 2173 vertices
1018 2113 1151 2174 eminen-
1167 2119 1194 2168 at

178 2199 292 2275 tiasque
307 2202 457 2257 terrarum
473 2197 583 2256 nostris
598 2194 766 2274 ampliores.
804 2195 860 2256 sub
875 2196 998 2276 tropicis
1013 2195 1152 2259 habitare

178 2278 252 2341 nihil
268 2279 392 2342 dubium
408 2287 461 2340 est.
496 2286 599 2340 noster
614 2278 784 2342 solistitiaiis
801 2280 928 2340 aestivus
949 2286 994 2358 est
1015 2281 1152 2344 excelsus

144 2374 162 2421 4
181 2364 278 2445 adque
293 2365 413 2426 arduus.
450 2363 532 2424 divisi
548 2381 564 2423 a
580 2362 667 2425 nobis
683 2362 795 2424 circulo
811 2364 1019 2444 aequinoctiali
1035 2367 1151 2428 antich-

180 2449 287 2510 thones
303 2450 503 2510 nominantur.
526 2448 664 2510 videntur
675 2447 801 2510 humiles
817 2448 914 2529 adque
927 2449 1061 2528 depressi
1073 2448 1152 2534 [qui-

247 2700 272 2750 2.
302 2698 449 2750 succidere
471 2698 497 2748 D
567 2701 591 2749 t.
618 2715 801 2764 pananneaae
827 2703 866 2767 D,
895 2701 1032 2768 parallelo
1059 2706 1085 2754 V

180 2771 204 2820 9.
233 2766 397 2818 solstitiales
424 2769 452 2818 V
532 2779 748 2819 exaustum-nens
778 2782 912 2821 ceronam
939 2782 1058 2835 pannem
1088 2772 1151 2836 DV,

179 2835 319 2887 transiens
342 2840 371 2886 et
393 2840 492 2886 tenens
520 2839 649 2888 octavam
671 2840 780 2902 partem
802 2838 901 2888 latam
923 2853 958 2888 ecc
980 2838 1061 2889 schol.
1088 2839 1150 2889 Ger·

179 2903 272 2953 manici
340 2905 381 2957 10.
400 2905 441 2958 11.
465 2903 614 2954 solstitium
636 2905 662 2955 V
730 2906 771 2956 15.
795 2905 825 2955 in
842 2920 889 2956 om.
909 2905 968 2956 DV
1033 2906 1076 2960 16.
1093 2913 1152 2971 post

180 2971 301 3036 rigorem
322 2972 390 3022 adde
410 2973 477 3023 item
501 2987 584 3038 supra
611 2975 651 3022 cel
671 2972 739 3023 item
760 2974 784 3024 is
808 2973 855 3040 qui
877 2987 961 3037 supra
984 2977 1029 3024 est
1099 2989 1152 3040 quo

181 3038 216 3088 ab
240 3038 283 3089 V.
333 3040 373 3090 1⁷.
397 3052 466 3090 rxetn
489 3053 516 3091 rn
535 3038 631 3090 aeduos
657 3053 888 3104 aequinoortanea
906 3040 963 3091 DV
983 3037 1042 3103 (sed
1065 3051 1150 3092 extre-

179 3121 243 3156 mum
257 3120 270 3156 s
282 3108 308 3156 in
320 3107 345 3156 D
358 3107 419 3157 add.
432 3107 513 3174 m.2),
532 3109 600 3159 item
612 3107 718 3158 medius
737 3108 952 3189 aequinoctialis
970 3111 1028 3163 cod.
1041 3109 1154 3160 Munatii

181 3209 221 3258 18.
239 3204 348 3274 dicunt]
367 3211 469 3272 putant
484 3210 510 3260 V
577 3211 620 3263 19.
639 3191 819 3275 cydrop¹aed
829 3210 856 3260 in
867 3225 931 3273 rua„
951 3209 1102 3275 cydropiae
1119 3212 1151 3270 V,

182 3274 333 3326 Gedrosiae
353 3276 494 3328 Urlicltm‘ua
563 3278 709 3343 erhroptae
726 3277 783 3328 uV
849 3279 892 3330 22.
910 3277 1073 3329 solstitialia
1094 3280 1120 3329 V

181 3344 223 3393 23.
241 3346 326 3407 atque
343 3343 369 3394 V
437 3343 644 3410 antichthones]
662 3358 795 3396 acrtoues
813 3345 872 3394 DV
886 3343 1100 3408 (conuenitoetus
1111 3348 1153 3396 tlte

120 3442 123 3446 Δ
179 3414 357 3471 prammotteau
368 3414 413 3477 qai
421 3415 554 3477 plossema,
574 3415 643 3478 quod
653 3429 719 3464 nunc
735 3413 807 3478 iufra
819 3414 912 3478 lapitas
926 3420 988 3478 poet
1005 3416 1154 3478 terrarum,

181 3476 342 3545 adscripsit),
360 3479 514 3531 antistones
531 3496 562 3530 m.
581 3496 635 3532 rec.
653 3484 680 3531 ta
701 3482 727 3532 V
742 3483 769 3531 in
785 3496 867 3546 morp.
937 3482 979 3534 24.
998 3484 1085 3544 atque
1107 3480 1136 3530 V
