2416 3936
138 209 197 270 190
331 203 332 206 ’
422 215 831 265 a.c.ouns1uumo1uae
929 269 932 273 ,

138 375 251 434 tenuior
276 382 305 431 et
328 372 418 431 minus
440 372 560 448 copiosa
583 379 636 429 est.
673 369 729 430 Pus
745 372 818 430 inter
832 370 906 429 haec
921 371 1058 448 optimum
1074 377 1130 430 est.

137 457 195 518 Sed
210 457 239 516 id
255 473 370 534 quoque
387 454 470 532 pejus
489 463 534 514 εει
548 454 679 529 multum,
698 462 800 528 tenue,
824 454 956 519 dilutum;
978 453 1130 530 magisque

138 543 162 600 si
185 538 220 600 ab
236 539 315 598 initio
330 538 389 598 tale
404 547 464 597 cst:
487 538 613 615 itemque
629 539 654 596 si
671 537 771 596 colore
787 553 854 596 sero
872 537 983 610 simile,
1005 538 1030 596 si
1046 535 1129 614 palli·

138 625 218 698 dum,
241 623 266 681 si
287 621 420 696 lividum,
448 623 471 679 si
494 620 689 680 laeculentum
711 630 771 680 est:
796 630 913 698 praeter
928 620 1002 679 haec
1016 618 1130 679 simale

138 708 212 775 olet;
235 707 288 765 uisi
307 714 400 764 tamen
417 704 500 763 locus
515 703 591 763 hunc
607 705 725 764 odorem
741 705 857 763 excitat.
879 703 984 763 blclius
1000 711 1055 777 est,
1072 717 1151 780 quos

137 792 228 850 miuus
246 797 308 864 est,
324 805 380 865 quo
397 788 539 860 crassius,
555 804 612 864 quo
627 787 766 847 albidius:
790 789 917 864 itemque
931 787 955 844 si
973 785 1059 846 laeve
1075 794 1129 862 est,

138 876 163 936 si
180 872 249 932 nihil
267 872 337 948 olet,
353 871 377 929 si
391 870 512 948 aequale
528 879 581 929 est.
602 871 689 931 blodo
702 880 795 930 tamen
808 870 965 929 convenire
979 878 1009 928 et
1020 869 1128 945 magni·

137 957 227 1017 tudini
243 956 387 1030 vulneris,
412 963 441 1012 et
456 955 579 1031 tempori
595 953 696 1015 debet:
719 973 783 1012 nam
799 953 864 1031 plus
876 971 914 1012 ex
925 953 1048 1028 majore,
1065 952 1129 1029 plus

137 1040 260 1101 nondum
272 1039 374 1098 solutis
387 1036 654 1096 inflammationibus
667 1037 833 1097 naturaliter
844 1036 945 1096 fertur.
958 1024 1130 1106 Ἐλαιῶδες

138 1140 252 1202 quoque
269 1122 352 1201 pejus
369 1129 414 1179 εει
428 1121 559 1195 multum,
577 1130 606 1179 et
621 1139 718 1197 pamm
735 1121 858 1198 pingue:
878 1136 934 1197 quo
950 1120 1041 1178 minus
1054 1120 1128 1195 ejus,
1140 1137 1161 1178 m

138 1223 253 1285 quoquc
273 1205 300 1263 id
316 1206 408 1282 ipsum
422 1205 570 1281 pinguius,
587 1220 623 1263 eo
638 1204 739 1263 melius
756 1212 810 1261 est.

201 1290 251 1348 21.
274 1286 384 1361 Quibus
402 1286 581 1364 exploratis,
603 1287 650 1346 ubi
665 1286 768 1366 aliquis
784 1287 858 1346 ictus
875 1295 935 1362 εει,
953 1287 1001 1363 qui
1017 1286 1130 1344 servari

138 1380 253 1452 potest,
276 1371 405 1449 protinus
430 1370 635 1448 prospicienda
656 1370 712 1430 duo
734 1378 814 1429 sunt:
841 1388 877 1428 ne
898 1369 1046 1446 sanguinis
1062 1386 1129 1447 pro·

138 1457 229 1530 fusio,
252 1472 326 1513 neve
347 1453 528 1513 inflammatio
549 1454 701 1513 interimat.
737 1455 767 1512 Si
785 1454 984 1531 profusionem·
999 1453 1130 1510 timemus

139 1538 232 1617 (quod
253 1555 290 1596 ex
309 1536 380 1596 sede
397 1536 542 1612 vulneris,
566 1546 595 1596 ει
612 1556 649 1596 en
665 1535 860 1613 magnitudine
874 1538 954 1611 ejus,
980 1544 1062 1594 etex
1079 1536 1128 1593 im·
1139 1557 1163 1598 rs

138 1631 207 1700 petu
223 1622 330 1680 ruentis
346 1620 493 1695 sanguinis
507 1620 630 1697 intelligi
644 1621 773 1699 potest);
791 1620 879 1678 siccis
893 1619 1056 1679 linamentis
1068 1616 1129 1676 vul-

138 1724 191 1765 nus
211 1703 383 1784 implendum
403 1711 463 1778 εει,
492 1721 635 1781 supraque
657 1702 828 1782 imponenda
850 1704 973 1780 spongia
994 1719 1032 1761 ex
1055 1717 1129 1780 aqua

138 1787 242 1865 frigida
267 1806 422 1866 expressa,
445 1806 480 1847 ac
500 1805 582 1846 manu
605 1806 692 1866 super
716 1785 940 1865 comprimenda.
977 1785 1130 1863 siparum

139 1874 182 1932 sic
204 1873 323 1947 sanguis
348 1872 542 1948 conquiescit,
572 1872 690 1949 saepius
716 1870 867 1928 linamenta
892 1867 1024 1927 mutanda
1047 1876 1128 1932 suot;

139 1965 183 2030 et,
206 1956 229 2013 si
247 1957 326 2013 sicca
340 1972 441 2032 parum
456 1953 569 2029 valent,
592 1963 675 2014 aceto
690 1954 906 2013 madefacienda
922 1960 996 2010 sunt.
1029 1950 1064 2011 ld
1079 1968 1128 2009 ve·
1139 1970 1164 2010 ao

138 2040 256 2098 heraeus
279 2037 314 2096 ad
339 2038 506 2112 sanguinem
530 2037 762 2116 supprimendum
786 2045 843 2104 est:
868 2034 992 2112 ideoque
1015 2033 1129 2113 quidam

138 2122 165 2181 id
189 2121 300 2180 vulneri
323 2120 479 2179 infundunt.
525 2121 583 2179 Sed
605 2122 678 2180 alius
701 2139 800 2180 rursus
822 2129 914 2177 metus
937 2117 1051 2186 subest;
1081 2135 1129 2192 ne,

140 2206 220 2264 nimis
243 2203 373 2263 valenter
395 2203 433 2260 ibi
448 2211 560 2261 retenta
575 2206 709 2279 materia,
732 2220 864 2279 magnam
879 2201 1130 2261 inflammationem

139 2296 241 2366 postea
257 2294 380 2346 moueat.
417 2286 497 2359 Quae
513 2304 560 2343 res
577 2285 682 2362 eflicit,
704 2296 841 2364 utreque
857 2284 1024 2344 rodentibus
1040 2283 1128 2342 medi-

140 2371 292 2443 camentis,
315 2386 408 2445 neque
434 2367 633 2443 adurentibus,
659 2378 687 2427 ει
708 2369 745 2429 ob
766 2369 795 2427 id
819 2371 911 2447 ipsunn
928 2367 1163 2427 inducentibusan

140 2459 279 2524 crustam,
302 2453 338 2508 sit
358 2451 504 2518 utendum;
527 2452 655 2526 quamvis
676 2451 816 2529 pleraque
838 2449 938 2510 ex'bis
960 2451 1130 2527 sauguinem

139 2534 332 2611 supprimunt:
356 2533 421 2608 sed,
438 2535 461 2591 si
477 2533 566 2592 semel
583 2533 618 2593 ad
634 2553 668 2594 ea
684 2534 857 2610 decurritur,
873 2537 908 2593 iis
921 2536 1035 2613 potius,
1054 2551 1130 2610 quae

139 2617 231 2676 mitius
254 2616 329 2674 idem
349 2615 486 2674 efficiunt.
521 2617 605 2690 Quod
619 2618 643 2675 si
659 2617 707 2676 illa
721 2634 837 2694 quoque
851 2617 994 2696 profluvio
1011 2618 1129 2675 vincun-

139 2708 201 2776 tur,
221 2716 313 2758 venae
339 2717 412 2776 quae
434 2702 600 2775 sauguinem
616 2701 750 2776 fundunt,
772 2699 1046 2779 apprehendendae,
1074 2700 1129 2758 cir-

140 2800 232 2860 caque
251 2783 278 2842 id
302 2783 378 2860 quod
401 2784 486 2842 ictum
507 2792 567 2858 est,
589 2784 700 2844 duobus
713 2785 786 2843 locis
802 2783 989 2860 deligandae,
1012 2783 1165 2849 interci-ao

141 2866 309 2946 dendaeque
331 2876 395 2925 suut
417 2867 472 2945 (cl.
490 2870 557 2929 nat.
574 2869 661 2945 xiv,
680 2869 735 2935 51;
757 2865 837 2926 Paul.
854 2867 958 2943 Aegio.
975 2866 1035 2941 IV,
1058 2865 1128 2942 53),

140 2959 169 3009 ut
186 2960 214 3010 et
228 2952 256 3009 in
272 2968 304 3009 se
320 2950 402 3029 ipsae
421 2960 540 3026 coeant,
563 2960 592 3009 et
606 2951 787 3010 nibilominus
799 2968 849 3009 ora
865 2950 1019 3028 praeclusa
1040 2948 1128 3008 habe-

141 3043 197 3093 ant.
235 3035 291 3094 Ubi
315 3053 351 3092 ne
374 3034 402 3092 ld
424 3033 537 3111 quidem
558 3053 606 3093 res
622 3037 743 3114 patitur,
764 3043 884 3112 possunt
899 3034 979 3092 ferro
996 3031 1129 3092 candenti

141 3118 229 3176 aduri.
273 3117 331 3176 Sed
357 3117 439 3177 etiam
461 3120 530 3177 satis
551 3117 638 3178 multo
661 3119 798 3193 sanguine
823 3117 915 3176 effuso
938 3136 975 3176 en
997 3133 1033 3175 eo
1059 3116 1129 3174 loco

142 3219 198 3278 quo
213 3219 307 3278 neque
323 3218 446 3277 nervus,
471 3220 563 3280 neque
577 3201 721 3260 musculus
740 3210 796 3275 est,
812 3209 855 3275 ut,
875 3209 957 3277 puta,
975 3201 1003 3259 in
1020 3199 1127 3272 fronte,
1140 3220 1165 3260 aa

140 3284 188 3343 vel
209 3287 361 3363 superiore
384 3286 486 3363 capitis
508 3294 608 3363 parte,
633 3284 890 3344 commodissimum
910 3293 1004 3342 tamen
1020 3291 1065 3341 εει
1082 3300 1129 3340 cu-

141 3368 307 3427 curbitulam
323 3366 478 3427 admovere
494 3387 509 3428 a
525 3369 639 3427 diversa
654 3375 751 3445 parte,
774 3375 803 3425 ut
817 3368 886 3425 illuc
900 3367 1048 3442 sauguinis
1066 3383 1129 3424 cur-

141 3469 189 3508 sus
203 3460 366 3510 revocetur.
