2416 3936
120 202 161 265 26
288 215 321 262 u.
338 214 367 263 c.
384 214 483 271 cuper
498 214 694 262 uirorumue
711 215 780 262 nra.
792 216 815 262 1.
831 213 907 263 cur.
925 215 960 261 x.

120 371 227 430 bonum
242 369 325 438 iacit;
342 370 451 427 urinam
466 379 573 428 movet.
604 371 633 428 Si
649 371 751 431 nimius
762 380 830 447 -est,
847 388 954 448 eorpus
967 369 1126 443 effeminat,

120 471 228 515 nervos
243 452 352 527 mollit,
375 453 552 513 stomachum
568 453 654 512 solvit
673 455 728 532 (ci.
747 453 826 534 Apo.
839 453 883 529 V,
904 453 969 534 16).
1008 453 1126 513 Minime

119 554 193 598 vero
213 545 261 597 aut
276 536 367 613 frigus
382 547 429 596 aut
447 538 527 598 calor
547 546 607 597 tuta
623 546 704 614 sunt,
727 538 775 598 ubi
790 539 884 599 subita
904 540 1024 597 insuetis
1043 545 1125 606 suut;

120 640 184 681 nam
208 621 300 698 frigus
321 621 421 680 lateris
443 621 578 698 dolores,
602 622 716 701 aliaque
731 624 817 698 vitia,
840 622 945 699 frigida
961 639 1035 699 aqua
1051 629 1125 680 stru·

120 724 182 765 mas
206 706 329 765 excitat:
350 705 430 764 calor
453 708 675 766 concoctionem
696 707 848 786 prohibet,
870 723 1001 766 somnum
1017 705 1148 781 auferte

120 791 227 850 sudore
249 790 370 866 digerit,
387 790 543 850 obnoxium
558 791 665 850 morbis
677 791 881 870 pestilentibus
898 807 1006 868 corpus
1023 789 1124 849 efficit.

501 1025 684 1087 CAPUT
712 1027 754 1086 X.

448 1144 572 1208 Regimen
591 1152 677 1194 contre
692 1151 798 1209 pestem.

184 1297 236 1357 Est
251 1297 336 1357 etiam
359 1295 526 1359 observatio
548 1297 733 1373 necessaria,
756 1313 812 1375 qua
831 1295 895 1373 quis
913 1294 941 1352 in
957 1292 1126 1372 pestilentia

121 1391 217 1443 utatur
232 1381 325 1441 adbuc
346 1381 475 1457 integer,
498 1399 583 1461 quum
607 1389 702 1440 tamen
724 1397 845 1439 securus
862 1394 1002 1438 essenon
1019 1379 1123 1455 possit.
1137 1396 1161 1437 ro

121 1465 202 1527 Tune
217 1466 303 1542 igitur
324 1474 440 1543 oportet
462 1465 660 1545 peregrinari,
683 1466 836 1540 navigare:
859 1462 908 1522 ubi
929 1461 957 1522 id
972 1478 1029 1521 non
1044 1460 1125 1536 iicet,

90 1592 92 1597 -
123 1551 248 1627 gestari,
265 1549 411 1609 ambulare
430 1550 583 1624 subdivo,
601 1557 667 1608 ante
684 1557 808 1626 aestum,
826 1547 946 1616 leniter;
963 1546 1126 1625 eodemque

121 1633 208 1693 modo
222 1636 306 1709 ungi:
323 1642 369 1708 et,
385 1643 414 1692 ut
432 1653 519 1714 supra
535 1633 777 1711 comprehensum
792 1641 854 1707 εει,
871 1635 964 1691 vitare
980 1631 1125 1707 fatigatio·

121 1735 202 1798 nem,
219 1717 404 1792 cruditatem,
421 1717 528 1795 frigus,
548 1718 692 1794 calorem,
713 1716 877 1777 libidinem:
899 1715 1048 1793 multoque
1066 1731 1125 1773 ma-

121 1804 167 1879 gis
183 1821 217 1862 εε
233 1803 399 1876 continere,
416 1803 440 1860 si
456 1820 511 1881 qua
523 1805 650 1879 gravitas
663 1803 691 1861 in
707 1817 834 1879 corpore
847 1809 901 1860 εει.
932 1798 1012 1859 'l'unc
1027 1816 1122 1877 neque
1134 1821 1159 1863 u

122 1905 205 1947 mane
233 1885 422 1962 surgendum,
455 1905 550 1964 neque
576 1887 699 1966 pedibus
729 1885 813 1945 nudis
841 1882 1043 1945 ambulandum
1070 1892 1124 1958 est,

122 1973 295 2050 minimeque
319 1980 386 2049 post
401 1969 512 2045 cibum,
536 1980 583 2030 aut
602 1971 749 2040 balneum;
773 1987 868 2047 neque
882 1970 1003 2046 jejuno,
1030 1984 1124 2046 neque

123 2065 248 2116 coenato
263 2055 434 2114 vomendum
450 2064 509 2123 est;
534 2073 628 2132 neque
642 2054 785 2114 movenda
804 2053 900 2121 alvus;
923 2062 1008 2130 atque
1027 2053 1123 2126 etiarn,

122 2142 147 2199 si
165 2159 218 2219 per
234 2157 266 2198 se
282 2147 358 2197 mota
375 2148 435 2211 εει,
452 2137 665 2214 comprimenda
678 2147 738 2206 est;
755 2137 953 2198 abstinendum
968 2137 1082 2214 potina,
1101 2138 1125 2194 εἰ

121 2224 235 2303 plenius
259 2239 365 2298 corpus
382 2230 435 2278 εει.
464 2221 595 2296 Itemque
610 2220 754 2280 vitandum
779 2222 912 2281 balneum
929 2221 983 2298 (ci.
1000 2219 1057 2296 111,
1075 2222 1123 2300 7),
1134 2247 1159 2287 20

122 2306 225 2378 sudor,
242 2305 416 2362 meridianus
429 2320 561 2377 somnus,
579 2304 676 2379 utique
688 2307 711 2362 si
725 2306 806 2365 cibus
818 2322 935 2384 quoque
949 2306 1122 2373 antecessit;

121 2389 171 2465 qui
186 2397 280 2447 tumen
294 2386 386 2444 semel
400 2384 516 2445 dietum
530 2388 709 2447 commodius
722 2391 889 2458 assumitur;
905 2389 1024 2466 insuper
1039 2391 1125 2448 etium

120 2470 267 2543 modicus,
292 2487 327 2527 ne
352 2469 520 2529 cruditatem
540 2481 666 2531 moveat.
708 2473 837 2531 Alternis
863 2472 965 2533 diebus
987 2474 1122 2545 invicem,

120 2554 313 2632 modosque,
331 2555 418 2614 modo
434 2557 528 2614 vinnm
544 2556 700 2616 bibendum
717 2566 770 2616 est.
805 2555 915 2629 Quibus
928 2556 1067 2627 servatis,
1085 2573 1122 2614 ex

120 2638 232 2715 reliqua
258 2639 351 2697 victus
379 2639 587 2700 consuetudine
615 2660 698 2719 quam
724 2643 867 2701 minimum
891 2640 993 2700 mutari
1020 2636 1159 2702 debebas

121 2720 212 2795 Quum
229 2740 300 2781 vero
316 2722 390 2782 haee
405 2723 433 2780 in
450 2728 524 2785 omni
541 2727 707 2803 pestilentia
723 2725 856 2786 facienda
873 2726 945 2801 sint,
963 2734 1021 2785 tum
1041 2724 1069 2782 in
1088 2741 1122 2782 ea

119 2806 259 2881 maxime,
283 2824 367 2884 quarn
383 2810 471 2867 austri
489 2813 650 2871 excitarint.
689 2810 786 2890 Atque
808 2812 893 2870 etiam
911 2809 1122 2888 peregrinanti·

120 2888 173 2950 bus
193 2891 295 2950 eadem
309 2893 476 2952 necessaria
494 2905 574 2970 sunt,
592 2896 639 2954 ubi
653 2897 736 2971 gravi
752 2905 884 2972 tempore
898 2896 962 2953 anni
976 2895 1121 2953 discesse-

119 2983 183 3035 runt
202 2993 239 3034 ex
260 2976 319 3034 ouis
341 2974 477 3052 sedibus,
500 2978 546 3037 vei
569 2978 615 3037 ubi
636 2980 788 3056 ingraves
810 2981 948 3056 regiones
969 2984 1120 3037 venerunt.

120 3058 165 3121 Ac
179 3061 203 3118 si
219 3070 318 3119 cetera
333 3079 382 3119 res
397 3061 493 3139 aliqua
509 3062 689 3139 prohibebit,
708 3065 805 3141 utique
822 3062 968 3121 abstinere
985 3060 1158 3123 debebitzno

120 3152 206 3223 atque
222 3146 261 3204 ita
279 3163 294 3203 a
310 3147 376 3203 vino
395 3145 429 3205 ad
449 3165 567 3225 aquam,
587 3148 622 3206 ab
638 3148 692 3207 bae
710 3147 744 3208 ad
761 3149 871 3222 vinum,
889 3162 942 3220 eo,
967 3147 1014 3224 qui
1034 3162 1122 3222 supra

120 3228 231 3307 positus
248 3238 307 3306 est,
324 3231 429 3305 modo,
447 3234 581 3290 transitus
598 3233 624 3291 ei
643 3250 719 3291 esse.
