2414 3924
38 216 40 222 ’
139 229 181 292 ta
439 236 844 287 s.c.cnns1runnucrusn

139 397 215 470 nica,
230 395 315 455 oleae
332 393 377 455 vel
396 393 479 453 albae
495 392 542 451 vel
558 400 754 470 permutatae,
769 399 876 466 myrta,
897 389 1053 468 palmulae,
1070 406 1138 467 pur-

139 495 240 558 purae,
256 479 392 552 murices,
405 477 500 535 vinum
514 476 668 536 resinatum
679 473 726 534 rel
742 491 887 550 asperum,
905 475 972 532 item
984 491 1139 547 meracum,

140 571 262 635 acetum,
279 561 399 620 mulsum
415 559 492 638 quod
509 558 654 633 inferbuit,
672 559 739 618 item
756 557 907 631 defrutum,
926 574 1052 634 passum,
1066 573 1140 633 aqua

139 647 188 705 vel
204 645 301 723 tepida
315 644 363 704 vel
378 642 573 722 praefrigida,
592 641 678 717 dura,
694 640 722 701 id
738 649 784 700 est
798 659 833 700 ea
849 658 923 719 quae
942 640 1024 700 tarde
1042 649 1139 717 putes·

140 730 193 798 cit;
210 727 336 806 ideoque
353 728 450 805 pluvia
466 728 660 805 potissimum:
676 727 770 785 omnia
783 724 868 799 dura,
883 742 991 800 macra,
1012 732 1138 798 austera,
1153 737 1165 775 ⁵

140 829 256 891 aspera,
269 820 356 885 tosta,
373 819 403 870 et
419 812 448 869 in
464 810 565 870 eadem
581 827 685 884 carne,
702 827 768 869 assa
786 809 901 885 potius,
921 825 1005 885 qnam
1022 807 1107 867 elixa.

454 1043 639 1106 CAPUT
673 1043 831 1102 XXXI.

433 1157 469 1205 De
487 1156 527 1205 bis
546 1172 610 1219 quae
628 1158 727 1206 urinam
744 1163 857 1204 movent.

201 1308 319 1368 Urinam
341 1315 436 1366 autem
457 1316 589 1383 movent,
616 1324 814 1385 quaecumque
835 1306 863 1364 in
885 1304 970 1365 horto
993 1309 1143 1367 nascentia

141 1392 210 1452 boni
225 1390 323 1451 odoris
339 1399 418 1464 sunt,
434 1398 464 1449 nt
478 1392 588 1470 apium,
603 1399 683 1465 ruta,
702 1390 853 1464 anethum,
872 1390 1009 1464 ocimum,
1033 1400 1139 1466 menta,
1156 1409 1178 1449 ιο

141 1476 315 1552 hyssopum,
331 1474 456 1547 anisum,
474 1473 667 1550 coriandrum,
686 1475 869 1549 nasturtium,
887 1491 990 1548 eruca,
1012 1474 1142 1534 foenicu-

142 1559 214 1618 lnm:
231 1567 347 1636 praeter
362 1557 436 1617 baec
451 1575 620 1636 asparagus,
637 1559 782 1637 capparis,
798 1566 915 1635 nepeta,
934 1555 1079 1632 thymum,
1098 1576 1142 1617 sa·

120 1655 125 1665 ‘
141 1643 244 1717 turcia,
260 1640 389 1720 lapsana,
405 1642 564 1719 pastinaca,
581 1643 732 1719 magisque
747 1642 882 1718 agrestis,
900 1640 1039 1717 radicula,
1055 1643 1142 1716 siser,

143 1742 231 1803 cepa;
248 1743 285 1784 ex
299 1725 454 1784 venatione
470 1726 591 1785 maxime
607 1726 706 1802 lepus;
722 1725 817 1784 vinum
832 1733 935 1800 tenue,
951 1727 1034 1804 piper
1048 1733 1078 1784 et
1094 1741 1141 1784 rc·

142 1808 256 1868 tondum
268 1817 297 1866 et
313 1807 446 1884 longum,
465 1809 571 1886 sinapi,
588 1807 775 1882 absinthium,
790 1806 886 1867 nuclei
901 1808 988 1885 pinei.
1152 1821 1176 1860 1⁵

441 2042 624 2106 CAPUT
658 2046 837 2104 XXXII.

227 2156 264 2204 De
280 2154 319 2204 his
335 2170 399 2217 qnae
417 2155 450 2204 ad
468 2169 585 2204 somnum
603 2163 663 2221 apta
680 2163 750 2216 sunt,
771 2163 795 2204 et
814 2170 917 2205 sensnm
934 2155 1053 2204 excitant.

205 2305 311 2364 Somno
336 2322 408 2383 vero
436 2314 532 2383 aptum
565 2315 609 2365 est
637 2325 779 2386 papaver,
807 2306 935 2382 lactuca,
962 2307 1141 2386 maximeque

141 2391 263 2462 aestiva,
279 2388 360 2461 quus
376 2387 533 2447 cauliculus
543 2389 603 2463 jam
620 2389 696 2450 lactc
711 2390 840 2468 repletus
857 2398 912 2464 est,
928 2407 1055 2467 morum,
1075 2409 1140 2470 por·

60 2473 63 2478 '
142 2487 212 2530 rum.
243 2470 352 2528 Sensus
372 2473 498 2530 excitant
519 2482 640 2550 nepeta,
656 2472 798 2549 thymum,
816 2475 955 2547 satureia,
971 2472 1140 2552 hyssopum,
1151 2491 1177 2531 ao

143 2554 358 2632 praecipueque
375 2552 531 2632 pulegium,
549 2565 621 2631 ruta,
637 2565 666 2615 et
682 2573 765 2637 cepa.

430 2790 613 2853 CAPUT
644 2795 851 2854 XXXIII.

176 2901 213 2951 De
226 2901 266 2951 bls
279 2917 343 2965 quae
357 2904 485 2953 materiam
501 2912 617 2964 evocant,
634 2907 785 2971 reprimunt,
801 2907 930 2967 molliunt,
947 2907 1106 2969 calefaciunt,

480 2986 585 3045 durant,
604 2994 647 3036 ant
666 2987 801 3037 emolliunt.

202 3133 336 3195 Evocare
359 3155 431 3196 vero
451 3140 596 3197 materiam
617 3138 702 3199 multa
718 3137 868 3198 admodum
885 3149 1019 3218 possunt:
1035 3140 1087 3199 sed
1106 3160 1177 3201 eane

143 3234 227 3293 quum
244 3235 282 3276 ex
298 3221 460 3296 peregrinis
476 3222 692 3281 medicamentis
706 3223 828 3281 manime
850 3233 996 3301 constent,
1018 3223 1141 3303 aliisque

142 3303 243 3376 magis,
262 3318 344 3378 quam
359 3303 461 3379 quibus
473 3306 585 3364 ratione
598 3307 691 3364 victus
706 3306 891 3381 succurritur,
909 3308 1096 3384 opitulentur,
1113 3309 1142 3367 in

143 3386 306 3459 praesentia
324 3386 467 3447 differam:
485 3405 590 3465 ponam
600 3406 671 3449 vero
684 3407 718 3448 ea
732 3407 805 3466 quae
817 3400 961 3469 prompta,
974 3401 1004 3452 et
1016 3393 1052 3452 iis
1064 3410 1141 3452 mor·

142 3464 186 3524 bis
202 3466 238 3524 de
254 3467 356 3544 quibus
373 3471 504 3547 protinus
520 3470 646 3532 dicturus
663 3489 735 3545 sum,
753 3480 830 3549 apta,
848 3490 954 3553 ccrpns
967 3476 1099 3551 erodunt,
1114 3485 1143 3536 ct
