2414 3924
148 209 209 272 178
443 218 474 264 a.
491 216 522 265 c.
540 216 852 266 cnus1uunrcmsn

211 374 240 436 6.
263 370 424 450 Expellere
443 379 538 429 autem
552 388 590 429 ex
605 372 705 430 vesica
720 388 783 430 curn
799 371 880 430 urina
903 371 1046 432 calculum
1061 374 1144 435 ride·

147 467 194 518 tur
207 456 281 517 haec
299 455 486 532 compositio:
504 455 619 530 casiae,
640 455 736 530 croci,
758 454 910 530 myrrhae,
935 457 1026 533 costi,
1049 459 1143 535 nardi,

148 541 335 614 cinnamomi,
352 537 445 597 dulcis
455 537 577 612 radicis,
592 536 729 612 balsami,
745 536 879 616 hyperici
890 556 978 617 pares
990 542 1144 617 portiones

149 632 349 689 conterunmr3
373 620 477 680 deinde
492 622 587 679 vinnm
602 619 669 680 lene
685 620 856 696 instillatur,
878 630 907 680 et
932 623 1042 699 pastilli
1062 624 1143 700 liunt,

148 710 196 787 qui
212 705 317 784 singuli
335 703 460 764 habeant
491 723 521 782 p.
545 704 602 782 )·(.
625 722 650 762 r.
674 704 762 781 hique
783 703 887 780 singuli
908 706 1037 782 sprotidie
1059 725 1165 768 manes

143 793 246 868 jejuno
262 790 373 849 dantur.

480 1022 663 1084 OAPU'P
694 1023 806 1081 XXI.

574 1138 611 1187 De
626 1139 718 1203 pessis.

209 1289 288 1348 Haec
309 1291 362 1348 tria
386 1287 626 1367 compositionum
645 1304 770 1366 genera,
796 1289 947 1349 mariarum
968 1293 1142 1371 praecipue·

146 1392 204 1453 qne
227 1374 335 1432 varium
356 1390 439 1431 usum
456 1379 613 1450 praestant.
657 1370 717 1430 Sed
737 1371 793 1431 alia
816 1388 932 1450 quoque
953 1373 1032 1444 utilia
1059 1386 1176 1447 sunt3m

147 1467 178 1517 ut
199 1475 234 1517 ea
258 1474 332 1535 quae
353 1456 466 1515 ieminis
486 1453 693 1530 snbjiciuntur:
723 1447 867 1525 πεσσούς
892 1453 996 1515 Graeci
1022 1470 1140 1520 vocant.

147 1540 254 1601 Eorum
276 1541 350 1600 haec
372 1540 536 1618 proprietas
560 1546 621 1596 est:
642 1537 849 1598 medicamenta
870 1540 1033 1616 composita
1059 1543 1143 1602 molli

147 1625 212 1686 lana
230 1626 426 1701 excipiuntur,
442 1639 536 1699 eaque
552 1622 617 1680 lana
632 1621 809 1682 naturalibus
826 1621 965 1683 conditur.

214 1710 240 1768 1.
263 1708 311 1767 Ad
342 1706 510 1782 sauguinem
536 1713 631 1764 autem
660 1705 856 1781 evocandum,
882 1706 1000 1766 cauneis
1027 1706 1142 1768 duabus

146 1793 278 1870 adjicitur
293 1792 358 1850 nitri
377 1808 406 1867 p.
422 1790 479 1868 )·(.
501 1802 523 1848 1.
542 1798 589 1848 aut
610 1789 669 1848 allii
689 1806 789 1848 semen
811 1789 983 1864 conteritur,
1006 1791 1141 1867 adjicitur
1151 1813 1175 1855 ts

145 1876 280 1953 myrrhae
295 1873 454 1954 paululum,
470 1882 499 1933 et
520 1882 666 1949 unguento
688 1873 785 1932 susino
808 1874 962 1931 miscetur:
985 1882 1033 1932 aut
1054 1892 1140 1935 cncu-

145 1961 233 2020 meris
248 1958 390 2019 silvestria
406 1975 473 2034 pars
491 1958 610 2016 interior
625 1974 663 2015 ex
678 1954 752 2015 lacte
770 1955 901 2015 muliebri
920 1955 1044 2016 diluitur.

209 2044 238 2104 2.
256 2042 302 2101 Ad
316 2042 430 2101 vulvam
445 2040 628 2100 molliendam
652 2040 699 2098 ovi
720 2039 852 2115 vitellus,
877 2048 907 2097 et
921 2039 1038 2098 foenum
1054 2059 1141 2118 grae-

147 2145 223 2204 cum,
239 2136 268 2186 et
283 2143 368 2200 rosa,
385 2134 414 2183 et
430 2143 546 2184 crocum
558 2131 762 2201 temperantur.
790 2122 847 2181 Aut
859 2122 972 2182 elaterii
988 2142 1016 2201 p.
1037 2124 1095 2202 )·(.
1113 2145 1140 2184 z.

145 2211 215 2270 salis
229 2209 418 2282 tantumdem,
435 2225 509 2265 uvae
525 2207 656 2265 taminiae
668 2224 697 2283 p.
712 2205 769 2284 )·(.
782 2218 828 2264 vt.
841 2205 929 2265 melle
947 2208 1139 2285 excipiuntur.
1149 2233 1175 2274 20

209 2293 237 2352 3.
261 2291 318 2351 hut
339 2289 451 2349 Boetho
484 2298 619 2348 auctore:
647 2291 742 2364 croci,
772 2291 888 2350 resinae
917 2289 1141 2368 terebinthinae,

144 2374 321 2450 singulorum
338 2392 366 2452 p.
387 2374 508 2453 )·(.1v.
531 2371 664 2446 myrrhae
685 2391 714 2451 p.
741 2372 796 2451 )·(.
821 2392 863 2432 un.
891 2390 977 2432 rosae
998 2392 1027 2450 p.
1042 2375 1099 2454 )·(.
1117 2389 1140 2434 1.

144 2458 206 2517 sevi
225 2456 334 2515 vitulini
350 2475 378 2534 p.
394 2455 451 2535 )·(.
469 2470 491 2514 1.
507 2474 533 2514 a.
551 2473 637 2514 cerae
653 2474 681 2534 p.
698 2456 754 2535 )·(.
769 2471 805 2515 11.
821 2459 985 2516 miscentur.

211 2541 239 2598 4.
263 2539 376 2617 Optima
394 2548 487 2598 autem
504 2540 644 2599 adversus
660 2538 896 2602 inflammationes
912 2539 1016 2598 vulvam
1032 2539 1139 2601 Nume-

143 2624 182 2682 nii
198 2625 370 2700 compositio
388 2633 448 2698 est,
468 2641 542 2701 quae
558 2623 646 2683 habet
663 2626 742 2682 croci
759 2642 786 2702 p.
802 2625 859 2706 )·(.
876 2642 901 2682 z.
927 2640 1014 2682 cerae
1033 2642 1062 2702 p.
1080 2626 1137 2704 )·(.
1148 2649 1174 2687 cs

143 2721 165 2767 1.
188 2707 282 2782 butyri
299 2725 327 2785 p.
344 2708 401 2787 )·(.
420 2721 493 2767 v111.
519 2708 612 2785 adipis
633 2709 785 2766 anserinae
806 2725 834 2785 p.
859 2706 915 2786 )·(.
938 2720 999 2766 ΧΠ.
1019 2709 1138 2769 vitellos

144 2802 245 2852 coctos
261 2792 352 2868 duos,
368 2810 453 2852 rosae
469 2793 562 2851 minus
577 2791 691 2866 cyatho.

203 2878 232 2937 5.
257 2878 287 2936 Si
309 2893 380 2936 vero
400 2876 492 2936 inians
513 2878 588 2935 intus
609 2875 751 2951 decessit,
774 2893 831 2953 quo
856 2874 969 2934 iacilius
995 2875 1137 2954 ejiciatur,

143 2961 321 3021 malicorium
338 2979 375 3019 ex
391 2978 463 3037 aqua
481 2960 648 3037 terendum,
663 2975 758 3036 eoque
773 2959 908 3018 utendum
925 2967 978 3017 est.

206 3047 234 3106 6.
258 3047 289 3104 Si
315 3044 471 3104 concidere
500 3044 568 3102 vitio
598 3044 728 3103 locorum
749 3043 852 3102 mulier
873 3043 967 3118 solet,
995 3043 1136 3103 cochleae
1147 3065 1173 3106 ao

144 3145 208 3188 cnm
229 3131 312 3189 testis
337 3131 396 3188 suis
421 3127 634 3189 comburendae
663 3126 935 3204 conterendaeque,
966 3125 1071 3186 deinde
1093 3127 1138 3187 hia

144 3211 202 3270 mel
218 3213 409 3288 adjiciendum
426 3222 480 3272 est.

206 3298 235 3356 7.
258 3298 288 3355 Si
311 3315 368 3356 non
385 3294 619 3374 comprehendit,
645 3293 735 3370 adeps
763 3291 877 3350 leonina
906 3310 943 3352 ex
971 3311 1039 3354 rosa
1065 3295 1138 3355 mol·

142 3376 238 3438 lienda
255 3389 308 3439 est.
