2414 3924
543 190 785 255 ..134-

243 334 330 395 allud.
384 333 420 394 ad
454 333 552 395 colum
585 343 615 395 et
647 335 808 396 iscburlam
844 310 874 395 id
907 341 954 395 est
984 337 1089 397 urinae
1122 336 1172 397 ab·

155 425 325 485 stinentiam
349 432 380 484 et
407 423 443 483 ad
472 423 599 485 strolum
628 423 658 483 id
686 431 733 485 est
760 431 872 484 tortum
900 425 1021 485 ventris.
1062 428 1173 504 cymini

154 511 308 574 torrefacti
339 520 369 572 et
392 511 461 573 salis
483 511 506 582 θ
529 512 675 592 singulos,
703 514 816 591 piperis
843 529 933 591 grana
956 511 1046 572 XXX.
1087 513 1173 574 dabis

155 608 252 661 totum
279 598 383 660 bibere
407 619 477 661 cum
499 619 592 679 aquae
620 599 737 680 tepidae
765 600 926 661 sufficienti
948 601 1045 662 modo.
1082 605 1172 662 etiam

128 696 186 750 aet
214 688 366 750 conditum
389 688 567 750 nelreticum
596 689 771 768 frequenter
794 688 858 749 dari
885 697 1018 771 oportet,
1045 693 1171 751 maxime

155 779 181 838 si
204 779 268 838 sine
292 777 375 838 febre
398 778 498 838 luerit.

243 866 331 928 aliud.
373 866 409 927 ad
442 867 634 928 inflationem.
676 866 817 946 epithima
844 866 890 927 dia
921 875 1093 946 spermaton
1121 879 1172 929 aut

155 956 202 1017 dia
222 974 361 1016 samsucu
382 958 521 1035 superius
545 956 580 1016 ad
600 955 782 1016 inflationem
800 956 944 1016 stomachi
968 959 1171 1036 conscriptum

155 1063 294 1125 appones.

115 1146 142 1186 1⁰
244 1133 332 1194 aliud.
376 1133 412 1194 ad
441 1132 547 1194 colum.
589 1133 678 1195 alium
708 1135 820 1205 siccum
849 1151 917 1193 cum
945 1133 1062 1194 modico
1086 1135 1172 1195 melle

153 1224 258 1301 pipere
283 1231 313 1282 et
336 1222 486 1283 coriandri
509 1222 587 1283 loliis
611 1224 773 1283 contritum
796 1221 895 1282 addito
918 1222 1079 1301 liquamine
1103 1242 1171 1284 cum

154 1310 220 1369 oleo
248 1329 354 1391 spano,
383 1319 434 1371 aut
457 1328 526 1374 cum
553 1313 618 1371 iure
646 1310 774 1391 pullino,
798 1328 857 1371 non
881 1310 946 1370 oleo
975 1311 1027 1372 sed
1052 1312 1171 1373 condito

156 1401 330 1482 commixto,
358 1399 533 1460 mirabiliter
561 1399 663 1460 colicis
691 1398 857 1460 auxiliatur.
898 1408 950 1460 aut
972 1408 1054 1461 certe
1077 1402 1172 1479 ipsius

155 1486 204 1547 alii
233 1489 330 1566 spicas
357 1495 497 1568 purgatas
526 1490 672 1569 integrm,
700 1489 725 1548 si
754 1487 928 1567 grandiores
952 1505 1076 1549 numero
1099 1495 1172 1570 trec,

115 1588 141 1630 15
156 1577 182 1636 si
218 1579 346 1637 minutas
379 1575 403 1635 V
434 1583 486 1636 aut
517 1575 582 1656 Vll,
618 1579 789 1656 vespertino
822 1585 955 1655 tempore
990 1585 1172 1639 transvoret:

155 1682 274 1725 omnem
297 1667 505 1726 ventositatem
528 1683 597 1727 cum
620 1665 786 1744 dogmatico
809 1665 935 1726 humore
958 1665 1085 1727 deducit.

245 1756 270 1814 si
302 1772 372 1814 vero
405 1753 521 1814 iliacam
552 1757 722 1833 passionem
755 1756 848 1833 signis
880 1772 969 1833 supra
999 1757 1171 1815 memoratis

155 1845 324 1925 agnoveris,
365 1843 519 1923 praedicto
560 1844 708 1922 passionis
743 1843 891 1923 periculo,
928 1842 1172 1923 permittentibus

157 1932 283 2015 viribus,
306 1941 375 1994 ante
399 1951 487 2012 qnam
511 1932 547 1993 ad
571 1941 739 1993 stercorum
762 1934 905 1993 vomitum
927 1933 1116 2012 perveniant,
1140 1934 1171 1992 in

52 2043 57 2052 ·
115 2034 141 2074 20
155 2021 276 2083 brachio
314 2040 418 2082 venam
456 2039 555 2082 cavam
588 2020 715 2082 mediam
747 2019 961 2081 ssebotomabis.
1012 2022 1037 2080 si
1073 2029 1173 2080 tamen

156 2112 292 2170 nimietas
321 2109 432 2170 doloris
461 2112 606 2189 coegerit,
634 2111 722 2170 etiam
751 2117 781 2169 et
810 2108 1051 2188 vaporationibus
1075 2118 1106 2170 et
1128 2111 1172 2169 in·

155 2197 333 2258 iectionibns
366 2216 456 2277 supra
492 2200 664 2258 memoratis
696 2199 741 2258 uti
778 2203 905 2276 oportet.
951 2196 1003 2257 sed
1036 2199 1062 2257 si
1090 2198 1172 2263 ¹sorte

156 2287 246 2346 nimia
278 2288 489 2346 intestinorum
522 2285 665 2347 ventinula
698 2288 759 2346 sive
797 2285 979 2346 involutione
1017 2293 1173 2365 acceptum

230 2479 244 2528 1
264 2473 411 2529 incuriam:
431 2473 499 2545 dis(s
513 2473 628 2544 duriam
647 2491 689 2544 ep.
761 2481 777 2530 2
797 2475 834 2530 cd
855 2474 995 2531 scoceium
1013 2473 1051 2528 ad
1069 2476 1131 2528 torc
1151 2492 1174 2542 c,

157 2544 323 2600 adstrictum
340 2545 360 2599 i.
379 2546 484 2601 tortum
499 2562 530 2615 p.
603 2547 795 2616 33singulas
809 2563 831 2602 c.
904 2545 1043 2599 tbibere:
1063 2544 1135 2598 libre
1151 2563 1174 2610 c,

156 2633 244 2686 camp
264 2619 307 2682 (at
326 2617 406 2671 didon
426 2617 520 2671 πίνειν
540 2617 649 2684 (111).ι
697 2633 772 2687 aqua
793 2615 891 2686 tepida
909 2631 950 2684 op.
1023 2615 1174 2670 sufficienti

156 2688 240 2742 modo
260 2704 295 2757 p:
320 2688 504 2742 sufficientem
527 2688 643 2743 modum
668 2704 689 2743 c.
780 2688 866 2743 etiam
887 2703 937 2742 orn.
957 2702 979 2741 c.
1071 2689 1173 2741 bneu-

156 2757 258 2813 frotiefi
278 2775 305 2827 c,
328 2758 445 2814 nefretid
462 2776 492 2828 p.
565 2758 688 2814 maxime
707 2758 731 2812 si
749 2775 775 2813 e:
799 2758 826 2813 ei
848 2757 970 2813 maxime
988 2756 1037 2827 qui
1052 2773 1082 2827 p.
1157 2766 1173 2812 6

157 2865 234 2920 rene
253 2883 276 2934 ο,
296 2865 375 2920 -bri
396 2834 485 2937 (-b¹n
499 2883 531 2933 r·
605 2872 620 2919 v
640 2864 789 2936 epithimia
807 2881 835 2932 ο,
854 2863 961 2935 aprus
974 2880 1005 2934 p.
1025 2935 1031 2947 Ι
1078 2868 1094 2916 a
1114 2864 1173 2916 na.

157 2953 306 2992 sansucum
324 2953 351 3004 e,
375 2954 443 2992 -co
458 2953 488 3005 p.
563 2942 597 2990 10
616 2936 721 2991 collum
739 2953 780 3005 cp.
852 2937 912 2991 alisi
930 2952 956 3005 c,
983 2935 1081 2990 allium
1099 2938 1174 3003 (onte

157 3023 226 3064 corr.
250 3008 357 3077 album)
378 3025 409 3078 p.
481 3008 566 3061 mello
584 3023 634 3063 om.
649 3024 680 3077 p.
754 3012 786 3060 11
806 3006 882 3061 foliis
895 3024 932 3077 p:
956 3006 1026 3063 folio
1045 3022 1067 3061 c.
1140 3006 1175 3060 li-

157 3095 265 3150 cemine
274 3113 306 3165 p,
325 3097 438 3152 modica
456 3089 590 3167 alidmine
609 3113 631 3151 c.
705 3113 769 3150 cum
783 3101 830 3164 12⁰:
855 3098 884 3151 et
897 3111 939 3165 cp.
1013 3100 1045 3148 12
1064 3094 1173 3164 pullino

151 3185 186 3235 p:
205 3167 312 3237 polline
331 3186 353 3225 e.
442 3175 474 3223 13
495 3170 646 3223 commeato
665 3183 692 3236 c,
712 3169 865 3222 comestum
879 3183 910 3235 p.
994 3172 1027 3219 14
1046 3164 1113 3219 allei
1125 3182 1173 3234 ‚cp

156 3244 212 3293 nuo
236 3240 293 3294 tres
312 3257 339 3295 c:
363 3239 411 3294 ΙΙΙ.
426 3257 457 3310 p.
549 3244 582 3292 lb
607 3239 771 3293 siminntas
790 3253 816 3291 c:
840 3238 947 3292 minute
962 3254 992 3306 1).
1083 3238 1175 3289 trans·

157 3312 252 3363 vorate
271 3329 294 3368 c.
400 3317 433 3366 16
452 3308 567 3366 deducit
585 3326 611 3376 c,
631 3311 734 3364 -cunt
752 3310 802 3377 (ct)
816 3325 848 3377 p.
953 3313 985 3362 17
1004 3307 1127 3375 yliacam
1142 3324 1173 3374 p,

156 3378 262 3433 illicem
281 3399 303 3437 c.
384 3388 420 3438 20
438 3399 510 3436 vena
528 3397 599 3436 cava
618 3380 710 3436 media
723 3396 759 3448 p,
781 3396 883 3434 venam
901 3378 1028 3433 mediam.
1042 3393 1063 3431 c.
1138 3384 1172 3430 21

156 3449 241 3504 etiam
261 3467 311 3509 om.
331 3470 346 3508 c
364 3454 405 3522 (et
423 3455 487 3508 adol,
501 3453 558 3522 120).
631 3449 859 3506 iniectationibus
878 3466 900 3506 c.
