2414 3924
412 205 481 253 ura.
499 207 532 254 v.
556 205 632 256 cae.
649 207 773 255 xxvrrr.
1024 199 1087 262 ato

90 365 156 444 quia
172 361 259 423 durus
282 369 342 436 εει,
367 369 397 420 ει
412 369 459 421 aut
474 360 574 438 albus,
597 370 646 422 aut
667 360 800 440 pallidus.
832 361 892 424 Sed
906 373 965 424 tum
985 364 1085 426 validi·

90 447 189 509 oribus
202 445 418 506 medicamentis
443 463 517 524 opus
532 453 592 505 est:
616 445 701 525 quale
717 455 778 521 εει,
802 445 879 525 quod
894 446 982 508 babet
997 465 1085 527 papa·

90 533 169 593 veris
184 530 321 591 lacrimae
333 547 362 609 p.
378 527 435 608 )·(.
451 543 474 589 1.
483 533 605 609 gummis
621 528 713 609 p.)·(.
729 543 779 590 111.
800 549 826 590 a.
844 530 973 592 cadmiae
982 551 1011 612 p.
1027 532 1084 613 )·(.

89 629 135 676 tv.
161 614 311 675 atramenti
332 615 434 673 sutorii
457 632 486 693 p.
508 611 564 692 )·(.
586 626 662 674 v111.
689 631 726 673 ex
750 613 854 692 quibus
877 633 952 694 aqua
976 616 1086 678 coactis

66 698 242 775 scollyrium
258 699 306 759 lit:
322 706 369 757 aut
384 699 411 756 in
427 714 485 776 quo
502 705 566 757 suut
577 697 675 774 gallae
689 716 718 777 p.
732 697 790 778 )·(.
807 717 832 759 z.
849 699 1006 777 aeruginis,
1020 718 1085 761 san·

90 783 250 859 darachac,
267 781 398 843 aluminis
413 783 558 860 aegyptii,
576 780 755 859 singulorum
771 800 800 860 p.
816 782 874 863 )·(.
889 797 911 843 1.
937 785 1086 845 atramenti

90 867 193 928 sutorii
208 864 351 926 combusti
366 884 395 944 p.
411 865 467 946 )·(.
482 878 519 924 11.
536 873 584 925 aut
600 865 676 944 quod
694 873 807 925 constat
823 884 860 926 ex
877 866 1042 943 chalcitide,
1057 876 1086 929 et

91 967 162 1010 saxo
180 949 285 1019 calcis;
302 949 405 1028 quibus
422 949 622 1027 auripigmenti
637 948 753 1009 dimidio
764 951 871 1029 miuus,
887 968 971 1030 quam
983 951 1011 1011 in
1029 953 1085 1012 sin-

90 1034 167 1111 gulis
182 1033 328 1111 prioribus
342 1041 397 1108 εει,
414 1031 563 1108 adjicitur,
580 1050 672 1111 eaque
688 1031 775 1092 melle
792 1042 878 1095 cocto
894 1036 1085 1114 excipiuntur.

54 1136 80 1177 10
90 1116 344 1196 Expeditissimum
365 1125 459 1176 autem
475 1124 520 1176 est
541 1133 579 1175 ex
594 1125 756 1196 praecepto
779 1115 921 1196 Megetis,
939 1119 1085 1197 aeruginis

89 1219 175 1261 rasae
196 1219 225 1280 p.
241 1199 307 1280 ‘)·(.
323 1213 360 1261 11.
385 1209 556 1275 conterere,
578 1199 683 1260 deinde
704 1201 873 1262 ammoniaci
893 1202 1085 1279 thymiamatis

89 1304 118 1364 p.
133 1284 190 1365 )·(.
206 1297 242 1345 11.
260 1293 344 1344 aceto
361 1283 489 1362 liquare,
506 1300 601 1361 eoque
615 1285 709 1345 inluso
722 1286 889 1362 aeruginem
902 1303 1028 1365 cogere:
1043 1286 1085 1349 id-

90 1386 147 1448 quc
171 1386 208 1428 ex
230 1369 328 1447 primis
347 1367 564 1441 medicamentis
585 1377 639 1428 εει.
672 1368 732 1429 Sed
747 1377 777 1428 ut
793 1369 867 1430 haec
883 1371 997 1431 maximi
1013 1370 1084 1444 Ιειιε-

91 1462 154 1512 ctus
177 1459 258 1528 sunt,
281 1452 306 1511 si
328 1452 375 1512 cui
397 1452 451 1513 ista
471 1469 529 1512 non
549 1449 668 1530 adsunt,
691 1451 779 1514 facile
800 1460 895 1514 tamen
916 1463 961 1515 est
981 1454 1085 1516 callum

55 1535 265 1615 inquibuslibet
281 1534 467 1596 adurentibus
488 1533 704 1596 medicamentis
725 1536 865 1597 erodere:
892 1539 1019 1617 satisque
1040 1547 1086 1600 εει

90 1621 138 1681 vel
163 1638 304 1700 papyrum
331 1619 483 1693 intortum,
512 1618 559 1679 vel
580 1619 686 1699 aliquid
708 1639 744 1681 ex
764 1621 902 1698 penicillo
925 1621 953 1680 iu
970 1621 1085 1682 modum

92 1703 206 1779 collyrii
221 1703 387 1764 adstrictum
404 1720 440 1763 eo
458 1701 582 1763 illinere.
613 1704 700 1765 Scilla
718 1723 833 1784 quoque
852 1713 935 1766 cocta
954 1714 982 1765 et
997 1707 1084 1767 mixta

91 1807 155 1847 cum
172 1786 271 1861 calce,
293 1786 397 1847 callum
418 1795 511 1849 exest.
543 1788 574 1847 Si
597 1787 800 1866 quandovero
816 1788 931 1867 longior
947 1797 976 1848 et
992 1797 1084 1850 trans·

90 1887 177 1930 versa
193 1868 287 1930 listula
308 1880 369 1948 est,
388 1871 516 1931 demisso
534 1871 675 1951 specillo,
698 1880 798 1932 contra
814 1873 985 1952 principium
999 1872 1084 1949 bajus

53 1977 80 2018 ao
92 1952 178 2014 incidi
193 1952 452 2015 commodissimum
469 1963 525 2033 est,
542 1963 571 2015 et
588 1956 738 2031 collyrium
753 1958 895 2036 utrimque
908 1956 1024 2017 demitti.
1045 1957 1084 2016 At

90 2040 115 2098 si
139 2037 282 2116 duplicem
306 2055 373 2097 esse
396 2038 519 2100 fistulam
543 2048 590 2100 aut
604 2039 791 2119 multiplicem
813 2042 1025 2116 existimamus,
1041 2041 1085 2100 sic

90 2131 201 2198 tamen,
224 2129 254 2180 ut
269 2120 384 2198 brevis,
400 2124 532 2203 intraque
548 2141 663 2185 carnem
680 2125 732 2200 sit,
752 2123 875 2199 collyrio
900 2125 939 2185 uti
955 2142 1011 2184 uon
1033 2124 1083 2184 de·

89 2205 191 2265 bemus
208 2204 287 2284 quod
307 2224 390 2266 unam
412 2216 524 2286 partem
546 2217 643 2284 caret,
666 2208 793 2288 reliquas
816 2209 941 2274 omittat:
965 2206 1017 2268 sed
1037 2226 1099 2268 ea··

90 2290 155 2349 dem
169 2289 377 2350 medicamenta
399 2289 477 2351 arida
500 2292 527 2351 iu
543 2291 680 2353 calamum
697 2293 879 2371 scriptorium
902 2289 1085 2369 conjicienda

53 2383 165 2448 assunt,
183 2374 267 2451 isque
284 2374 328 2433 ori
347 2373 459 2434 fistulae
471 2376 628 2454 aptandus,
644 2375 913 2457 inspirandumque,
930 2384 959 2436 ut
977 2394 1011 2437 ea
1025 2393 1084 2436 me·

90 2457 250 2516 dicamenta
271 2457 346 2517 intus
362 2458 586 2536 compellantur:
609 2470 656 2521 aut
675 2461 776 2521 eadem
792 2478 830 2520 ex
851 2461 918 2520 vino
935 2458 1083 2540 liquanda;

89 2540 137 2600 vel
154 2543 177 2599 si
192 2540 336 2601 sordidior
359 2540 453 2602 listula
476 2552 536 2616 est,
555 2562 592 2603 ex
606 2544 715 2612 mulso;
737 2546 762 2604 si
778 2542 931 2621 callosior,
949 2544 1084 2605 anaceto

90 2633 171 2693 sunt;
187 2623 273 2703 idque
290 2626 365 2685 intus
380 2626 592 2687 infundendum.
618 2627 761 2706 Quidquid
778 2626 894 2688 inditum
906 2638 967 2705 εει,
983 2646 1084 2708 super·

89 2706 224 2787 ponenda
240 2718 314 2785 sunt,
328 2727 401 2786 quae
411 2710 588 2787 refrigerent
605 2722 634 2772 et
648 2713 819 2790 reprimant:
836 2729 901 2772 nam
912 2712 993 2786 lere,
1010 2730 1084 2790 quae

53 2811 80 2853 co
93 2794 169 2852 circa
193 2792 330 2860 fistulam,
346 2801 427 2868 sunt,
453 2794 560 2854 habent
581 2795 688 2873 aliquid
710 2795 948 2858 inflammationis.
980 2795 1084 2875 Neque

91 2875 213 2935 alienum
228 2886 289 2952 est,
309 2876 357 2936 abi
375 2879 438 2955 quis
454 2878 625 2952 resolverit,
642 2887 794 2957 antequam
810 2897 909 2939 rursus
926 2878 980 2938 alia
995 2877 1083 2937 medi·

91 2968 221 3019 camenta
238 2961 389 3038 conjiciat,
404 2979 459 3039 per
470 2961 651 3022 oricularium
664 2962 818 3037 clysterem
834 2961 957 3022 fistulam
972 2960 1083 3035 eluere,

91 3045 114 3101 si
132 3043 198 3121 plus
214 3045 293 3122 puris
310 3045 415 3119 lentur,
432 3046 513 3113 viuo;
531 3047 555 3104 si
568 3045 659 3106 callus
675 3045 772 3106 durior
788 3052 848 3121 est,
871 3054 971 3114 aceto;
987 3045 1011 3102 si
1022 3043 1083 3119 Jam

90 3135 246 3205 purgatur,
263 3128 370 3205 mulso,
385 3127 431 3186 vel
449 3147 538 3207 aqua,
556 3131 583 3188 in
600 3147 655 3207 qua
671 3146 769 3188 ervum
785 3136 898 3188 coctum
909 3131 961 3205 sit,
978 3128 1038 3205 sio,
1054 3135 1084 3187 ut

54 3210 157 3271 ashuic
177 3211 272 3270 mellis
293 3229 408 3291 quoque
426 3212 540 3289 paulum
561 3213 720 3287 adjiciatur.
751 3211 827 3272 llere
846 3229 918 3272 vero
939 3213 986 3289 lit,
1002 3220 1033 3272 ut
1048 3226 1084 3271 ea

90 3295 196 3370 tunica,
215 3313 289 3374 qnae
304 3298 377 3355 iuter
389 3296 519 3356 toramen
530 3305 558 3356 et
575 3299 715 3374 integram
731 3314 846 3357 carnem
861 3306 916 3371 est,
932 3298 1010 3357 victa
1024 3312 1084 3357 me·

91 3376 259 3439 dicamentis
283 3388 466 3455 tutassent,
492 3381 625 3459 infraque
640 3380 722 3441 ulcus
736 3399 837 3460 purum
859 3383 903 3440 sit.
936 3379 1020 3456 Quod
1033 3378 1086 3440 ubl

92 3463 225 3542 contigit,
248 3462 422 3544 imponenda
437 3463 607 3540 glutinantia
623 3474 701 3535 sunt;
724 3465 941 3544 praecipueque
956 3462 1085 3543 spongia
