2414 3924
422 222 492 270 ΜΒ.
507 224 530 271 1.
555 222 630 272 OAP.
647 224 695 274 1v.
709 224 742 273 V.
758 224 805 273 vi.

484 458 669 524 CAPUT
701 463 740 524 V.

167 577 204 628 De
221 575 263 628 bis
284 575 326 640 qui
343 574 509 642 lippitudlne‚
528 576 680 696 gqaqedinq‚
701 577 882 640 destillatione,
901 580 1060 647 tonsillisque

563 660 578 694 a
595 659 674 696 oran.

178 797 280 877 Neque
302 812 374 857 vero
399 796 443 856 bis
463 795 551 872 solis,
574 814 648 876 quos
665 799 768 877 capitis
785 798 965 861 imbecillitas
984 811 1111 882 torquet,

91 897 184 944 tusus
209 899 301 961 aquae
321 879 444 957 frigidae
465 879 602 959 prodest,
624 880 675 940 sed
695 883 730 942 iis
753 884 854 960 etiam,
881 902 955 963 quos
978 886 1112 947 assiduae

113 966 316 1046 lippitudines,
343 963 535 1042 gravedines,
563 963 791 1043 destillationes,
818 968 1012 1049 tonsillaeque
1029 970 1112 1050 ,male

113 1050 231 1111 babent.
264 1049 316 1109 llis
332 1057 494 1108 autemnon
511 1058 597 1127 caput
611 1058 717 1109 tantum
731 1051 860 1130 quotidie
872 1053 1110 1132 perfundendum,

113 1135 168 1195 sed
184 1152 217 1195 os
228 1150 345 1212 quoque
356 1132 443 1191 multa
455 1131 559 1209 frigida
572 1150 645 1212 aqua
655 1133 810 1195 fovendum
822 1145 881 1205 est;
894 1139 1112 1218 praecipueque

114 1217 263 1293 omnibus,
282 1215 384 1295 quibus
396 1216 453 1276 boc
469 1215 538 1275 utile
554 1216 688 1276 auxilium
703 1227 763 1295 est,
784 1237 821 1280 eo
835 1220 970 1282 utendum
985 1231 1047 1299 est,
1062 1221 1112 1282 ubi

80 1328 105 1370 10
114 1303 233 1381 gravium
244 1300 359 1361 coelum
370 1301 460 1360 austri
474 1299 671 1361 reddiderunt.
696 1301 847 1382 Quumque
860 1305 990 1366 omnibus
1005 1306 1112 1366 inutilia
1143 1322 1147 1327 ·

114 1388 152 1446 sit
161 1395 229 1466 post
242 1384 337 1446 cibum
348 1393 397 1444 ant
410 1386 573 1460 contentio,
591 1392 638 1444 aut
651 1387 804 1462 cogitatio:
818 1396 876 1447 tum
892 1390 927 1448 iis
942 1391 1111 1471 praecipue,

114 1472 165 1550 qni
180 1468 229 1530 vel
245 1469 365 1546 capitis,
388 1468 436 1528 vel
452 1469 578 1529 arteriae
594 1463 760 1555 (asperae)
779 1471 898 1532 dolores
917 1472 1026 1533 babere
1043 1490 1112 1534 ecn-

113 1561 250 1630 suerunt‚
267 1551 318 1612 vel
334 1552 481 1630 quoslibet
498 1552 572 1613 alios
590 1554 650 1612 oris
665 1553 797 1614 allectus.
836 1555 930 1616 Vitari
945 1558 1031 1618 etiam
1045 1575 1112 1635 gra·

114 1638 253 1712 vedines,
271 1636 541 1715 destillationesque
558 1646 696 1715 possunt,
718 1639 841 1717 siquam
859 1640 988 1716 minime,
1005 1641 1112 1718 quibis

79 1735 105 1778 ts
114 1730 294 1801 opportunus
311 1728 372 1795 est,
388 1720 453 1780 loca
468 1738 617 1800 aquasque
629 1730 732 1790 mutam
748 1724 773 1780 si
788 1731 875 1800 eaput
890 1724 917 1782 in
933 1724 998 1783 sole
1014 1733 1111 1802 prote-

114 1807 172 1883 git,
188 1823 225 1864 ne
240 1802 424 1880 incendatur,
448 1822 525 1863 neve
540 1803 662 1862 subitum
681 1823 719 1863 ex
736 1807 888 1885 repentino
907 1806 1005 1866 nubilo
1021 1806 1112 1883 frigus

114 1889 143 1950 id
161 1897 291 1958 moveam
308 1888 415 1966 sipost
433 1889 654 1948 concoctionem
664 1889 781 1964 jejunus
797 1898 884 1968 caput
900 1889 988 1959 radit;
1007 1891 1031 1949 si
1046 1897 1113 1967 post

115 1973 210 2034 cibum
226 1989 321 2050 neque
337 1971 424 2049 legit,
440 1989 535 2050 neque
551 1970 661 2031 scribit.

454 2209 665 2271 CAPUT
709 2210 768 2270 VI.

77 2347 105 2387 to
501 2328 538 2378 De
556 2327 613 2378 olvo
632 2329 722 2380 soluta.

180 2479 272 2552 Quem
291 2497 363 2540 vero
380 2480 550 2558 frequenter
567 2481 624 2540 eila
639 2480 721 2541 alvus
740 2489 876 2556 exercet,
892 2480 960 2541 buie
978 2497 1051 2558 opus
1068 2489 1113 2540 est

115 2564 173 2642 pila
197 2564 395 2643 similibusque
414 2566 584 2643 superiores
608 2573 707 2642 partes
731 2582 889 2634 exercere:
914 2564 978 2624 dum
994 2566 1112 2640 jejunus

116 2657 176 2723 est,
200 2648 364 2719 ambulare;
390 2650 482 2710 vitare
505 2648 576 2709 solis
599 2650 712 2708 nimium
728 2650 876 2724 ardorem,
901 2649 1034 2709 continua
1052 2647 1112 2706 bal·

115 2751 184 2801 nea;
200 2734 267 2810 ungi
283 2734 352 2792 citra
371 2732 521 2803 sudorem;
543 2750 600 2792 non
616 2733 656 2792 uti
672 2734 743 2793 cibis
761 2735 865 2809 variis,
883 2734 1056 2810 minimeque
1067 2733 1112 2808 ju·

78 2837 106 2876 ss
115 2816 245 2894 rulentis,
255 2826 303 2877 aut
315 2816 505 2894 leguminibus
518 2817 684 2877 oleribusve
697 2818 742 2892 iis,
754 2836 828 2896 quae
841 2817 979 2878 celeriter
991 2817 1112 2877 deseen-

115 2900 197 2970 dunt;
220 2902 313 2961 omnia
332 2902 457 2980 denique
475 2919 589 2962 sumere
607 2919 681 2979 quae
698 2903 780 2962 tarde
797 2909 1022 2980 concoquuntur.
1054 2899 1113 2959 Ve-

114 2986 210 3061 natio,
226 2985 347 3064 durique
361 2987 477 3063 pisces,
495 2996 576 3047 etex
592 2985 759 3045 domesticis
778 2984 946 3045 animalibus
961 3001 1027 3043 assa
1045 2997 1113 3042 caro

115 3070 236 3128 maxime
249 3071 362 3145 juvant.
393 3068 552 3148 Numquam
568 3070 664 3128 vinum
681 3068 788 3127 salsum
803 3067 905 3128 bibere
919 3066 1055 3144 expedit,
1076 3082 1113 3123 ne

115 3162 201 3212 tenue
227 3153 359 3232 quidem,
384 3162 432 3213 aut
457 3154 556 3222 dulce;
583 3151 636 3211 sed
655 3160 799 3211 austerum
821 3160 850 3210 et
865 3150 993 3230 plenius,
1017 3164 1112 3224 neque

80 3254 106 3295 ac
115 3237 238 3315 idipsum
253 3246 403 3317 pervetus.
439 3238 470 3296 Si
490 3237 582 3296 mulso
600 3236 645 3294 -uti
664 3235 762 3311 volet,
785 3235 813 3295 id
835 3253 872 3293 ex
886 3234 1011 3294 decocto
1026 3230 1113 3290 melle

60 3389 65 3401 ν
116 3319 277 3380 iaciendum
292 3330 346 3381 est.
372 3321 404 3381 Si
419 3320 541 3398 frigidae
554 3320 688 3399 potiones
701 3328 832 3379 ventrem
846 3321 910 3394 ejus
919 3334 976 3377 non
989 3314 1113 3390 turbant,

116 3405 160 3463 his
176 3406 309 3466 utendum
326 3406 505 3485 potissimum
523 3415 578 3465 est.
615 3405 645 3464 Si
662 3403 730 3482 quid
751 3403 882 3463 ollensae
897 3403 925 3460 in
940 3416 1032 3461 coena
1048 3416 1113 3459 sen·

116 3489 171 3563 sit,
186 3505 307 3549 vomere
323 3487 423 3557 debet:
447 3488 534 3554 idone
549 3498 671 3566 postero
688 3504 803 3567 quoque
818 3488 864 3548 die
880 3486 995 3547 iacere:
1015 3484 1115 3561 tertio,
