2414 3924
126 206 187 267 154
421 214 453 260 n.
470 211 501 261 c.
519 210 827 261 cenomannorum

124 372 212 450 idque
231 376 409 448 apponatur:
431 365 479 427 vel
500 365 595 426 album
618 383 656 426 ex
678 383 736 426 ouo
759 382 822 424 cunr
837 381 905 425 rosa
918 366 1050 441 mixtum,
1071 365 1122 425 ad-

118 457 218 531 jecto,
235 468 292 532 quo
305 451 419 512 facilius
432 450 585 526 consistat,
602 450 744 510 contritae
755 465 841 511 rosae
853 447 985 526 pulvere.
1008 446 1124 509 Dolens

122 555 194 598 vero
218 555 253 596 ea
275 534 413 615 sulphure
435 533 611 609 suliumigari
636 531 733 592 debet.
777 531 817 592 At
836 532 860 591 si
881 531 1015 611 purgatio
1037 532 1125 593 nimia

122 621 234 682 mulieri
255 627 357 695 nocet,
385 617 512 677 remedio
535 625 599 676 sunt
620 614 833 691 cucurbitulae,
861 624 927 675 cute
950 615 1059 691 ineisa,
1081 617 1123 676 in·

123 702 258 783 guiuihus
278 701 327 761 rel
343 703 428 761 etiam
444 701 496 760 sub
514 703 642 760 mammis
658 699 791 761 admotae
808 695 903 779 (Apis.
921 699 964 777 V,
987 700 1055 778 50).
1093 701 1146 759 Sis

122 787 249 865 maligna
264 787 400 865 purgatio
417 793 462 844 est
473 783 517 865 ¹),
542 783 720 859 subjicienda
741 793 805 843 sunt
850 826 1123 843 ......

315 997 323 1010 .
369 996 376 1009 .
421 954 563 1012 coeuntia.
591 951 624 1012 ld
637 953 745 1012 iaciunt
761 953 846 1011 etiarn
862 951 946 1012 albae
961 950 1075 1028 olivae,
1095 960 1124 1009 ct

122 1040 236 1117 nigrum
256 1054 387 1115 papaver
411 1054 474 1096 oum
496 1035 582 1096 melle
605 1045 776 1112 assumtum,
801 1044 830 1095 et
851 1036 956 1114 gummi
971 1053 1036 1095 cum
1053 1035 1122 1095 trito
1198 1056 1203 1098 ῐ

122 1123 233 1184 semine
257 1121 314 1198 apii
337 1119 491 1198 liquatum,
515 1129 544 1180 et
565 1137 629 1180 cum
645 1119 749 1195 cyatho
766 1121 845 1197 passi
860 1118 964 1180 datum.
1002 1118 1123 1179 Praeter
1135 1134 1157 1175 to

123 1207 197 1266 haec
218 1207 247 1264 in
267 1202 398 1262 omnibus
417 1204 536 1264 uesicae
560 1202 710 1264 doloribus
735 1203 858 1264 idoneae
884 1204 1020 1283 potiones
1041 1212 1123 1280 sunt,

122 1306 198 1368 quae
213 1305 251 1346 ex
266 1281 405 1348 odoribus
421 1288 506 1362 liunt,
533 1286 561 1346 id
576 1296 620 1347 est
635 1288 716 1366 spica
731 1286 827 1364 nardi,
852 1304 960 1363 croco,
979 1287 1122 1362 cinnamo,

64 1369 68 1376 ’
125 1374 220 1447 casia,
244 1369 455 1449 similibusque:
477 1370 611 1448 idemque
633 1373 717 1430 etiarn
737 1369 860 1431 decocta
882 1371 1021 1439 lentiscus
1038 1387 1123 1449 prae-

123 1465 190 1516 stat.
230 1455 261 1514 Si
282 1463 377 1515 tamen
397 1454 588 1514 intolerabilis
608 1453 693 1514 dolor
716 1463 777 1530 est,
805 1462 834 1513 et
856 1455 974 1532 sanguis
996 1452 1122 1533 produit,

122 1541 211 1600 etiarn
233 1539 380 1616 sanguinis
403 1536 545 1598 detractio
566 1546 632 1615 apta
649 1545 707 1607 cst;
732 1546 779 1596 aut
793 1547 874 1598 certe
890 1538 972 1597 coxis
987 1536 1121 1598 admotae
1131 1553 1156 1595 ιι

125 1621 321 1683 cucurbitulae
336 1631 401 1681 cute
415 1622 515 1681 incisa.

187 1707 216 1767 2.
252 1705 291 1765 dt
317 1723 402 1783 quum
429 1707 508 1766 urina
530 1723 619 1784 super
643 1706 792 1783 potionum
816 1705 930 1766 modum
952 1707 1035 1766 ctiam
1058 1706 1123 1766 sine

118 1790 229 1851 dolore
253 1789 401 1869 prclluens
421 1791 541 1848 maciem
563 1798 592 1848 et
613 1788 772 1866 periculum
793 1789 879 1866 lacit,
906 1789 931 1848 si
951 1790 1045 1849 tenuis
1064 1798 1122 1864 est,

126 1891 200 1953 opus
221 1882 266 1932 cst
281 1873 489 1932 exercitatione
507 1880 536 1931 ct
549 1873 703 1947 frictione,
727 1873 908 1952 maximeque
926 1874 953 1932 in
969 1873 1047 1949 sole,
1072 1872 1121 1933 vel

178 2113 207 2180 l)
236 2116 301 2165 Edd.
331 2132 378 2167 sex
402 2117 515 2183 primae,
550 2125 575 2167 et
602 2118 734 2169 Ruelliana
761 2120 796 2170 ita
823 2120 928 2171 habent:
963 2122 1124 2185 subjicienda

115 2192 180 2236 *sant
198 2187 312 2236 coenatio
316 2204 328 2245 ,·
344 2185 518 2236 Manutianae:
537 2186 767 2250 subjiciendarum
801 2224 1121 2240 ........

91 2318 93 2322 ‚
123 2256 254 2324 coeuntia,·
277 2252 442 2315 Caesariana,
459 2254 622 2316 Pantiniana,
642 2263 666 2305 et
683 2254 867 2322 Stephaniana:
889 2257 1048 2321 subjicienda
1065 2268 1124 2309 aunt

123 2323 281 2380 coercentiar
294 2319 448 2389 Gryphiana,
460 2331 485 2374 et
495 2323 711 2386 Constantiniana,
723 2325 949 2390 subjiciendam
979 2363 986 2377 .
1023 2363 1029 2377 .
1067 2362 1074 2375 .
1114 2364 1121 2378 .

123 2391 237 2442 coeuntia
242 2408 253 2448 ,·
269 2388 478 2441 Constantiniana
492 2393 518 2441 in
534 2394 664 2458 margine,
681 2410 778 2444 menaea
791 2397 936 2455 candentior
954 2394 1122 2457 Lindeniana,

123 2457 281 2520 subjicienda
294 2468 353 2510 sunt
369 2458 385 2492 *
402 2463 524 2512 coeuntia.
554 2462 582 2510 In
602 2461 680 2511 Codd.
701 2461 762 2511 Mas.
782 2463 846 2512 inter
863 2463 927 2514 haec
945 2463 1023 2512 verba
1039 2463 1123 2527 subji-

124 2525 215 2575 ciendn
238 2533 308 2586 aunt,
337 2537 361 2577 et
384 2529 428 2578 illa
451 2531 574 2582 coeuntia.
617 2529 652 2578 Id
668 2529 767 2591 faciunt
784 2538 830 2580 etc.
861 2547 925 2595 quae
948 2530 1014 2580 inira
1037 2533 1123 2596 posita

118 2600 197 2652 sunt,
223 2608 319 2660 magna
342 2596 432 2646 lacuna
450 2604 501 2655 cst;
526 2604 550 2645 et
568 2597 594 2645 in
612 2597 741 2661 plerisque
759 2599 870 2665 margini
894 2600 1048 2664 adscriptum
1072 2608 1121 2660 est,

126 2665 219 2713 Desunt
236 2665 262 2712 in
280 2668 443 2717 uetustissimo
455 2667 597 2728 cacemplcri
609 2666 658 2717 duo
667 2665 740 2729 folia.
771 2667 840 2727 Quae
851 2670 943 2729 desint,
962 2668 1123 2733 Morgagnus

118 2729 233 2780 ostendit
258 2747 290 2782 ex
314 2747 345 2782 ea
363 2741 436 2797 parte
456 2732 584 2796 Indicum,
616 2735 659 2797 qni
681 2733 740 2784 huic
762 2737 825 2786 libro
848 2737 987 2804 praepositi
1012 2743 1071 2786 sunt
1095 2736 1122 2785 in

124 2797 203 2915 Coddql:
223 2800 405 2860 Poroliviensi‚
429 2807 454 2850 et
470 2801 583 2850 Veneto:
608 2817 673 2864 quae
695 2817 756 2870 pars
771 2804 829 2854 huic
845 2807 950 2856 lacunae
967 2803 1120 2872 respondet:

124 2882 149 2915 νι
169 2877 256 2917 ercet:

176 2935 234 2985 CII.
265 2939 332 2988 Vola
346 2936 385 3001 (id
404 2943 441 2985 est
464 2936 555 3002 Volua)
575 2942 723 2991 exulcerata
741 2950 785 2993 esi.

177 3002 253 3056 0111.
279 3006 319 3055 De
340 3007 441 3055 Vesica.

177 3071 267 3122 CIIII.
298 3074 338 3123 De
352 3076 456 3124 edentis
473 3076 499 3124 in
516 3077 607 3126 uesica

177 3139 232 3189 OV.
252 3140 284 3190 In
299 3145 365 3192 omni
378 3143 467 3194 dolore
482 3145 588 3194 oesiam.

123 3205 257 3269 Ejusmodi
274 3208 370 3260 indices
389 3210 513 3261 habentur
528 3211 601 3261 etiam
620 3212 646 3261 in
662 3212 740 3264 cnud.
757 3213 876 3264 Mediceis
894 3229 922 3264 11.
941 3229 980 3267 111.
999 3220 1121 3263 1v.v.et

123 3283 172 3322 vu.
197 3283 222 3324 et
244 3277 270 3326 in
294 3277 379 3330 multis
398 3279 541 3329 Vaticanis:
567 3281 592 3330 in
613 3280 678 3331 Med.
707 3288 792 3332 autern
814 3297 830 3330 1.
859 3290 882 3331 et
897 3283 956 3333 Vnt.
978 3296 1033 3331 ιιιι.
1056 3279 1121 3330 haec

124 3350 197 3424 sunt:
214 3346 254 3394 De
270 3350 360 3410 eapitis
377 3350 519 3408 doloribus,
539 3350 570 3400 de
589 3350 740 3403 distensione
757 3353 824 3411 cris,
844 3353 944 3416 linguae
955 3352 1118 3411 resolutione,

121 3410 288 3492 desinianum
306 3451 400 3467 .....
419 3418 576 3481 deiectione,
589 3419 680 3467 unicus
704 3426 729 3469 et
750 3421 849 3470 uesicae
865 3422 946 3480 vitiis,
968 3419 1120 3484 profusione

124 3481 235 3538 ”ninia
253 3485 340 3543 coccis,
359 3486 477 3548 genibus,
495 3487 614 3547 numeris,
633 3487 753 3549 pedidus,
774 3489 885 3538 manibus
898 3488 1045 3541 dolentibus.
