2414 3924
119 943 262 1030 Munera
283 987 319 1029 ex
341 987 414 1029 auro
430 968 476 1029 vel
492 986 569 1047 quae
585 986 621 1028 ex
642 976 763 1046 argento
779 970 887 1038 nitent,
912 971 1024 1031 caelato
1038 962 1053 1020 l

58 1073 148 1134 opere
165 1071 253 1133 quarn
269 1056 391 1114 materia
408 1055 540 1122 cariora,
558 1061 717 1132 ceteraque
732 1053 790 1113 hoc
805 1070 898 1130 genus
914 1055 1028 1116 hlandi·

57 1147 156 1200 menta
172 1139 307 1199 fortunae
323 1139 416 1198 inhiat
431 1142 482 1200 ille
501 1140 552 1216 qui
567 1137 654 1216 vulgo
671 1138 752 1199 dives
772 1145 908 1198 vocatur:
932 1148 961 1201 te
976 1159 1027 1201 au-

57 1234 127 1294 tem,
145 1224 251 1295 Quinte
265 1222 397 1292 Caerelli
415 1225 529 1283 virtutis
544 1240 604 1283 non
620 1224 718 1283 minus
730 1240 818 1301 quam
833 1226 1027 1302 pecuniarum

23 1315 39 1364 5
58 1310 191 1380 divitem,
215 1308 244 1368 id
260 1316 305 1369 est
320 1327 389 1369 vere
406 1307 541 1378 divitem,
562 1309 617 1368 ista
638 1325 698 1367 non
714 1308 848 1384 capiuut;
872 1325 932 1367 non
949 1305 1056 1387 qu0d2

59 1412 162 1455 eorum
183 1393 402 1471 possessionem
425 1392 469 1453 vel
485 1395 574 1453 etiam
590 1410 676 1453 usum
698 1410 713 1451 a
729 1399 758 1452 te
774 1394 895 1452 omnino
912 1393 1027 1454 ahiece-

57 1480 113 1547 ris,
136 1478 189 1539 sed
206 1478 286 1555 quod
301 1479 478 1557 sapientium
495 1476 648 1555 disciplina
664 1478 809 1537 lormatus
832 1477 901 1538 satis
916 1476 1028 1554 liquido

58 1564 219 1642 conperisti
241 1562 329 1622 huius
345 1563 426 1622 modi
442 1562 497 1621 sita
518 1563 548 1621 in
564 1560 679 1621 luhrico
695 1559 774 1619 hona
790 1559 903 1620 malave
924 1579 979 1639 per
995 1579 1027 1622 se

57 1665 117 1708 non
134 1666 212 1715 esse,
229 1646 281 1706 sed
296 1647 363 1708 τῶν
379 1645 500 1722 necron,
523 1645 582 1705 hoc
598 1652 642 1704 est
656 1644 806 1704 honorum
820 1645 1028 1724 malorumque

10 1739 39 1787 ιο
57 1732 151 1792 media
179 1731 305 1790 censeri.
343 1730 448 1799 haec,
476 1735 509 1789 ut
530 1729 663 1788 comicus
685 1731 725 1789 ait
746 1728 918 1799 Terentius,
942 1727 1057 1808 per-3

57 1816 141 1875 inde
164 1821 249 1874 sunt
270 1821 309 1872 ut
329 1814 438 1874 illius
458 1820 513 1875 est
534 1813 677 1873 animus
700 1815 761 1890 qui
783 1831 822 1874 ea
843 1815 1027 1893 possidet;

58 1901 120 1976 qui
147 1899 201 1958 uti
222 1899 295 1958 scit
322 1899 354 1958 ei
375 1897 486 1972 hona,
516 1897 577 1958 illi
601 1899 754 1976 quinon
782 1901 902 1959 utitur
923 1906 1027 1960 recte

58 1984 160 2043 mala.
198 1983 287 2060 igitur
309 1984 446 2061 quoniam
470 1984 594 2062 quisque
616 2000 677 2042 non
700 1989 809 2060 quanto
831 1983 916 2063 plura
931 1986 1060 2062 possi-4

59 2069 121 2137 olet,
139 2067 191 2128 sed
208 2073 316 2145 quanto
333 2068 473 2147 pauciora
489 2073 580 2146 optat,
596 2074 677 2128 tanto
695 2073 739 2127 est
753 2067 939 2145 locupletior,
956 2085 1028 2145 opes

10 2160 39 2208 15
58 2151 112 2212 tihi
134 2153 164 2211 in
188 2153 285 2212 animo
308 2153 470 2222 maximae,
501 2159 531 2212 et
547 2170 604 2234 eae
625 2150 746 2232 quidem
767 2170 843 2230 quae
863 2169 923 2212 non
939 2151 1028 2212 modo

58 2237 136 2297 hona
161 2238 279 2314 generis
299 2237 422 2297 humani
442 2236 635 2315 praecedant,
669 2236 722 2297 sed
744 2254 819 2314 quae
846 2237 882 2296 ad
905 2236 1028 2297 deorum

58 2321 270 2382 immortalium
294 2323 499 2383 aeternitatem
520 2322 639 2400 penitus
659 2320 810 2381 accedant.
848 2320 927 2401 quod
950 2322 1028 2381 enim

57 2407 224 2486 Xenophon
241 2407 409 2467 Socraticus
425 2406 512 2475 dicit,
527 2404 601 2467 nihil
618 2423 707 2482 egere
722 2412 768 2466 est
782 2405 922 2475 deorum,
940 2423 1028 2484 quam

58 2493 179 2552 minime
195 2501 292 2553 autern
308 2492 476 2569 proximum
492 2491 585 2551 adiis.
616 2508 708 2569 quaro
724 2507 791 2550 cum
808 2488 883 2550 dona
899 2490 1075 2569 pretiosae·

126 2693 233 2756 Incrpar
246 2707 328 2743 aanor
347 2691 427 2743 aaruh
445 2693 483 2752 D,
505 2693 612 2743 Incarar
625 2707 707 2742 arnan
722 2691 727 2756 Ι
743 2707 889 2744 consonant
901 2707 938 2744 ao
950 2718 956 2731 ·
970 2708 987 2751 o
999 2717 1005 2730 ·
1019 2695 1024 2756 1

59 2774 219 2809 cnannnrvu
242 2762 267 2809 V
334 2762 358 2810 2.
378 2775 465 2825 operae
481 2755 485 2825 l
502 2773 581 2825 quarn
600 2760 633 2823 D,
653 2775 708 2809 non
724 2766 785 2824 post
802 2775 890 2826 operae
907 2763 935 2810 in
947 2776 1028 2824 murp.

58 2830 144 2877 udacr.
165 2829 195 2886 d,
216 2825 521 2893 orunalnonnunquam
543 2829 570 2878 V
635 2842 742 2877 cereae
760 2841 832 2890 quae
851 2829 876 2877 D
945 2831 969 2878 3.
989 2841 1028 2876 ur-

58 2896 133 2944 hrunt
150 2895 176 2944 lai
195 2894 254 2957 (ant
265 2895 295 2944 hi
308 2897 326 2945 d
337 2898 363 2946 in
374 2896 440 2958 rua.)
459 2897 497 2956 D,
517 2895 627 2944 inhiant
644 2894 674 2943 hi
696 2897 727 2952 V,
746 2893 836 2944 inhiat
853 2894 878 2943 iu
898 2895 990 2944 Carrio

59 2962 160 3012 diuites
184 2965 203 3012 d
217 2965 242 3012 V
308 2967 447 3014 uocantur
472 2964 499 3013 V
565 2964 591 3012 4.
620 2965 719 3025 quante
744 2960 837 3026 (erasa
856 2959 881 3025 i)
909 2962 936 3011 V
1002 2961 1028 3011 6.

60 3031 235 3094 armentali,
256 3046 325 3080 corr.
346 3033 364 3080 d
432 3031 457 3084 8.
476 3044 536 3080 *aaa
556 3028 645 3094 (eruca
664 3027 688 3093 a)
707 3030 745 3091 D,
764 3029 806 3077 ita
828 3029 856 3078 V
921 3030 946 3078 9.
967 3042 1029 3078 esse

57 3111 161 3149 *aarum
179 3099 218 3161 D,
250 3113 265 3146 r
283 3113 362 3162 super
379 3100 488 3163 primum
505 3099 615 3148 litteram
638 3096 745 3147 crearunt
758 3098 817 3146 add.
838 3098 867 3158 d,
899 3110 960 3145 osse
980 3094 1029 3146 sed

58 3180 120 3215 των
142 3167 171 3216 V
236 3168 276 3216 10.
299 3166 358 3215 Ter.
378 3167 475 3216 Heuut.
495 3165 521 3227 1,
541 3169 567 3224 2,
586 3168 620 3215 21
632 3181 653 3214 a.
725 3165 764 3215 11.
783 3177 874 3213 anneus
892 3163 955 3226 DV,
974 3162 1029 3212 tul·

59 3233 112 3282 lius
132 3236 150 3283 d
219 3235 259 3283 12.
281 3247 306 3283 er
323 3233 392 3297 DV,
418 3235 485 3283 unde
504 3234 581 3282 ductu
600 3239 747 3282 transuerso
766 3232 855 3281 addito
879 3231 994 3294 erfecit
1011 3230 1030 3278 d

128 3303 171 3352 15.
192 3314 307 3353 maxime
324 3302 380 3351 DV
449 3316 483 3350 ea
505 3301 532 3350 V
540 3303 602 3349 m.2
673 3301 713 3350 17.
732 3297 963 3349 inmortaliumV

59 3383 193 3432 paonrrus
212 3372 237 3420 D
307 3371 347 3422 18.
365 3383 466 3434 *opero
478 3370 512 3432 Ι),
532 3368 665 3434 aegerod
733 3368 773 3417 19.
791 3364 855 3417 hiera
867 3367 904 3429 D,
924 3363 979 3415 diis
994 3361 1024 3414 V.

61 3434 120 3484 deis
137 3440 211 3502 culpo
278 3451 432 3503 praemone
448 3436 473 3485 D

780 3516 823 3578 1*
