2414 3924
136 215 176 276 28
261 189 263 193 ⁷
440 226 473 273 ιι.
486 225 516 274 c.
530 225 629 274 onusr
642 225 839 274 numerurm

135 385 183 442 llx
201 381 420 460 tempestatibus
432 399 504 442 vero
522 382 649 460 optimae
665 381 805 460 aequales
823 389 903 458 sunt,
923 381 985 440 sive
1001 381 1137 461 frigidae,

135 468 198 525 sive
214 465 340 526 calidae:
364 467 526 545 pessimae,
551 483 625 545 quae
640 465 763 525 maxime
780 466 891 524 variant
914 465 969 543 (ci.
986 463 1066 545 Apb.
1085 465 1137 544 lll,

138 552 149 609 l
170 559 199 610 et
214 550 259 629 8).
293 549 358 624 Quo
374 551 420 626 dt,
445 560 475 609 ut
491 559 640 609 autumnus
656 549 796 628 plurimos
814 550 959 627 opprimat
981 549 1036 629 (ci.
1056 549 1136 629 Aplt.

134 633 192 710 111,
209 634 261 713 9);
290 652 354 694 nam
377 635 442 694 iere
469 634 634 694 meridianis
660 633 839 713 temporibus
862 633 960 703 oalor;
989 637 1138 696 nocturnis

134 727 221 797 atque
248 719 408 794 matutinis,
440 718 583 797 simulque
614 719 699 777 etiam
730 718 922 797 uespertinis,
956 718 1049 796 frigus
1079 729 1163 781 ests

134 799 249 880 Corpus
271 819 362 879 ergo,
389 813 418 863 et
441 811 571 877 aestate,
601 811 631 861 et
655 801 776 863 subinde
797 802 961 862 meridianis
990 802 1136 864 caloribus

133 887 308 962 relaxatum,
334 887 430 946 subito
449 887 561 964 frigore
579 888 736 964 excipitur;
759 885 829 963 sed,
850 895 880 945 ut
903 903 940 945 eo
955 895 1088 965 tempore
1108 888 1137 948 id

133 971 256 1030 maxime
282 971 329 1047 lit,
355 972 399 1030 sio
425 971 665 1050 quandocumque
692 973 805 1045 evenit,
831 972 947 1030 noxium
973 980 1027 1033 est.
1080 970 1136 1031 Ubi

133 1055 293 1133 aequalitas
315 1066 410 1116 autem
433 1065 494 1131 est,
520 1065 615 1114 tamen
643 1054 824 1115 saluberrimi
845 1063 910 1113 sunt
935 1057 1032 1115 sereni
1055 1056 1134 1125 dies;

132 1139 269 1199 meliores
294 1139 385 1218 pluvii
407 1157 491 1218 quam
513 1148 620 1199 tanturn
637 1139 787 1215 nebulosi,
810 1137 953 1199 nubilive:
976 1140 1135 1218 optimique
1148 1159 1170 1198 ιιι

132 1224 244 1299 hieme,
267 1225 315 1302 qui
333 1225 409 1283 omni
424 1233 513 1284 uento
531 1232 651 1300 uacant,
674 1233 802 1298 aestate,
825 1222 928 1302 quibus
946 1223 1054 1283 favonii
1069 1242 1135 1302 per·

132 1307 209 1366 llant.
247 1309 277 1366 Si
299 1326 391 1384 genus
414 1307 491 1368 aliud
511 1327 529 1366 v
550 1268 663 1367 ntorum
678 1316 740 1384 est,
763 1307 943 1367 salubriores
957 1310 1134 1387 septentrio·

132 1392 233 1466 nales,
253 1409 338 1470 quam
354 1392 521 1470 subsolani,
546 1392 594 1451 uel
613 1394 701 1453 austri
719 1400 800 1451 sunt:
824 1392 866 1451 sic
879 1399 975 1451 tamen
991 1392 1083 1467 haec,
1106 1401 1136 1451 ut

132 1474 272 1535 interdum
289 1477 440 1554 regionum
457 1485 538 1536 sorte
553 1484 707 1536 mutentur.
739 1474 810 1535 Nam
831 1475 895 1536 lere
908 1485 1011 1537 ventus
1027 1476 1135 1555 ubique

123 1578 149 1620 a
164 1559 383 1620 mediterraneis
402 1559 571 1637 regionibus
586 1561 723 1636 veniens,
739 1559 878 1629 salubris;
897 1561 1018 1636 amari,
1036 1562 1133 1638 gravis
1146 1580 1170 1620 rs

134 1653 186 1704 est.
221 1642 325 1724 Neque
342 1644 436 1706 solum
454 1645 482 1704 in
499 1645 577 1704 bono
593 1652 796 1722 tempestatum
812 1644 910 1704 babitu
929 1647 1038 1704 certior
1055 1644 1134 1704 vale·

132 1727 200 1788 tudo
218 1737 278 1799 est;
295 1730 347 1789 sed
363 1729 457 1788 morbi
472 1746 605 1809 quoque,
621 1729 645 1788 si
659 1730 708 1807 qui
720 1729 896 1804 inciderunt,
914 1728 1042 1790 leviores
1058 1737 1134 1803 sunt,

133 1821 162 1872 et
172 1813 311 1891 promtius
324 1814 458 1873 liniuntur
471 1810 566 1892 (Aplt.
582 1811 633 1888 lll,
646 1810 680 1882 8;
697 1809 791 1892 Epio.
803 1810 840 1888 ll,
856 1813 883 1888 1,
900 1814 947 1892 5).
977 1813 1134 1873 Pessimum

134 1913 225 1974 aegro
244 1897 359 1959 coelum
377 1907 439 1973 est,
458 1898 537 1977 quod
553 1914 671 1975 aegrum
687 1897 770 1967 ieoit;
792 1896 868 1957 adeo
883 1906 913 1956 ut
929 1898 957 1955 in
972 1898 1000 1957 id
1018 1914 1134 1976 quoque

132 1999 242 2058 genus,
268 1983 345 2061 quod
361 1992 461 2042 natura
478 1984 562 2060 pejus
579 1990 642 2058 est,
661 1983 689 2041 in
708 1981 765 2041 boc
780 1989 856 2041 statu
871 1980 996 2042 salubris
1016 1981 1170 2041 mutatione

132 2068 178 2126 sit.
208 2065 246 2125 At
262 2076 342 2127 aetas
358 2066 452 2126 media
467 2067 607 2126 tutissima
624 2075 685 2141 est,
704 2083 779 2145 quae
793 2083 889 2144 neque
900 2067 1039 2142 Juventae
1055 2064 1134 2124 calo-

132 2169 182 2225 re,
204 2168 300 2229 neque
323 2151 482 2210 senectutis
502 2151 613 2226 frigore
636 2150 797 2210 infestatur.
836 2149 944 2226 Longis
962 2149 1070 2208 morbis
1088 2167 1134 2206 se·

132 2243 250 2309 nectus,
268 2237 361 2294 acutis
373 2233 573 2294 adolescentia
587 2236 680 2313 magis
692 2243 782 2313 patet.
816 2231 932 2312 Corpus
946 2242 1041 2293 autem
1054 2232 1134 2293 babi-

132 2318 269 2377 lissimum
283 2319 451 2397 quadratum
464 2327 524 2393 est,
542 2336 637 2397 neque
649 2319 778 2396 gracile,
795 2336 890 2397 neque
906 2317 1036 2376 obesum.
1064 2315 1135 2375 Nam

133 2401 220 2477 longa
237 2410 361 2478 statura,
378 2411 408 2461 ut
423 2404 450 2461 in
460 2404 581 2478 juventa
597 2403 705 2462 decora
721 2412 782 2479 est,
798 2403 841 2462 sic
856 2411 966 2462 matura
982 2409 1170 2462 senectutem

134 2484 286 2544 coniicitur
301 2482 397 2564 (Aps.
415 2486 457 2562 ll,
475 2488 550 2566 54):
574 2487 686 2564 gracile
709 2503 816 2565 corpus
834 2486 989 2556 infirmum3
1013 2485 1136 2544 obesum

132 2569 224 2628 hebes
241 2577 295 2628 est.
335 2569 413 2629 Vere
430 2580 525 2630 autem
541 2572 681 2646 maxime,
698 2588 898 2651 quaecumque
914 2570 1040 2630 humoris
1057 2579 1137 2628 motu

133 2662 289 2728 novantur,
315 2654 343 2712 in
357 2664 435 2714 metu
451 2673 519 2715 esse
535 2664 718 2716 consuerunt
749 2654 830 2732 Ergo
853 2665 919 2714 tunc
930 2653 1135 2754 lippitudines,

132 2736 283 2815 pustulae,
300 2739 431 2817 prolusio
449 2741 613 2818 sanguinis,
631 2739 805 2816 abscessus,
828 2758 903 2819 quae
919 2729 1136 2818 ἀποστήματα

133 2820 238 2882 Graeci
254 2824 413 2898 nominant,
436 2823 503 2884 brlrs
518 2833 597 2899 atra
622 2842 705 2924 quarn
730 2821 949 2902 μελαγχολίαν
973 2822 1134 2901 appellant,
1145 2837 1171 2879 so

132 2907 250 2981 insania,
268 2905 386 2967 morbus
403 2909 565 2984 comitialis,
587 2908 701 2985 angina,
718 2908 904 2985 gravedines,
924 2907 1137 2967 destillationes

133 2991 202 3049 oriri
215 2990 320 3050 solent.
351 2989 374 3050 li
386 3010 503 3072 quoque
515 2992 619 3068 morbi,
637 2994 684 3069 qui
697 2993 725 3050 in
737 2992 868 3052 articulis
881 2992 1037 3070 nervisque
1050 2988 1135 3049 modo

131 3083 252 3152 urgent,
272 3074 358 3135 modo
369 3079 537 3154 quiescunt,
553 3086 621 3136 tune
637 3078 760 3135 maxime
776 3085 805 3136 et
819 3075 991 3136 inchoantur
1006 3083 1035 3134 et
1051 3092 1135 3152 repe-

132 3169 192 3219 tunt
214 3159 268 3239 (ci.
287 3156 366 3239 Apt.
379 3159 435 3236 111,
450 3160 517 3241 20).
553 3159 592 3219 At
608 3169 705 3220 aestas
723 3178 780 3220 non
801 3160 916 3240 quidem
932 3168 1016 3218 vacat
1029 3159 1135 3237 pleris-

132 3261 188 3322 que
205 3245 248 3304 his
264 3245 388 3314 morbis;
412 3245 463 3305 sed
479 3245 578 3321 adjicit
592 3245 692 3305 febres
708 3244 757 3304 vel
773 3245 940 3320 continuas,
963 3243 1011 3302 vel
1032 3241 1171 3301 arden-ss

132 3337 192 3403 tes,
216 3329 264 3388 vel
287 3330 443 3405 tertianas,
470 3330 612 3402 vomitus,
634 3329 691 3389 alvi
713 3328 913 3405 deiectiones,
942 3327 1136 3386 auricularum

132 3410 269 3488 dolores,
284 3412 385 3473 ulcera
400 3415 477 3489 oris,
495 3430 635 3488 canoros,
654 3421 683 3472 et
697 3413 726 3470 in
738 3413 846 3472 ceteris
863 3411 978 3491 quidem
991 3410 1133 3489 partibus,

131 3494 184 3553 sed
199 3497 321 3555 maxime
338 3497 367 3555 in
382 3496 553 3566 obscoenis;
571 3504 600 3555 et
612 3494 749 3575 quidquid
762 3497 869 3557 sudore
884 3496 1027 3557 hominem
1038 3492 1134 3552 resol-
