2414 3924
507 208 746 273 -141-

109 353 285 435 paralyticis
299 354 431 433 noxium,
450 351 629 415 observabis.
658 352 800 414 solatione
824 372 895 415 vero
917 358 1022 438 uteris,
1043 375 1132 436 quam

111 443 222 504 eliosiu
242 442 357 521 dicunt,
383 449 413 502 et
430 445 582 521 gymnasio
605 442 635 502 id
655 449 700 502 est
719 445 869 521 exercitio,
888 452 919 504 et
937 447 1131 524 sinapismum

108 539 144 593 et
166 531 329 610 dropacem
352 538 383 591 et
406 530 621 613 drimylagiam,
645 532 743 592 omnia
767 530 877 610 cyclico
901 532 988 593 modo
1011 533 1130 596 adhibe·

109 619 169 702 bis,
191 621 281 681 sicuti
299 621 438 699 superius
457 621 488 681 in
510 622 649 699 passione
664 621 769 700 capitis
783 618 949 681 scribentes
966 621 1131 684 docuimus.

107 717 142 771 et
171 711 199 769 si
226 711 336 770 nimius
364 707 457 769 rubor
485 710 516 769 in
543 707 626 769 vultu
654 709 839 790 apparuerit,
866 716 897 769 et
926 713 1157 789 purgatoriums

109 797 310 876 cholagogum
329 795 421 878 dabis,
440 799 467 857 si
485 805 583 858 tamen
603 796 704 858 senilis
719 806 799 858 aetas
814 799 934 858 minime
953 799 1130 878 impedierit.

430 955 486 1016 LV.
523 957 572 1016 nd
596 966 816 1036 quartanam.

204 1080 334 1159 Simplex
366 1088 508 1160 quartana
536 1083 633 1160 typica
661 1081 846 1142 ordinatione
874 1084 969 1162 prima
996 1081 1044 1142 die
1068 1099 1130 1141 mo-

111 1178 201 1231 vetur
220 1176 251 1229 et
273 1167 364 1229 biduo
387 1171 565 1248 interposito
590 1178 695 1248 quarta
718 1170 765 1230 die
784 1171 972 1232 reformatur.
1010 1172 1129 1230 sivero

111 1256 232 1320 duobus
261 1257 365 1319 diebus
393 1260 455 1338 typi
483 1258 609 1317 formam
637 1259 815 1340 ostenderit,
842 1259 872 1320 id
900 1267 1003 1320 estut
1030 1261 1129 1339 ipsum
1144 1273 1170 1312 10

111 1346 238 1407 biduum
270 1349 366 1426 prima
393 1346 440 1407 die
469 1365 537 1407 cum
565 1346 648 1407 febre
678 1347 739 1407 sola
767 1348 914 1409 elliciatur
942 1357 972 1409 et
999 1347 1154 1408 secunda-

111 1436 160 1497 die
189 1443 259 1516 post
280 1437 507 1515 exagitationem
535 1435 655 1514 frigoris
679 1438 809 1497 accessio
834 1437 962 1497 febrium
981 1444 1130 1517 nascatur,

111 1532 142 1586 et
163 1543 222 1585 una
240 1524 288 1585 die
306 1526 482 1604 interposita
501 1531 608 1602 quarta
626 1524 673 1584 die
692 1525 886 1606 reformetur,
909 1524 1019 1604 duplex
1042 1542 1128 1604 quar·

110 1621 181 1674 tana
209 1613 385 1674 ostenditur.
426 1614 453 1673 si
479 1630 550 1672 vero
578 1631 632 1693 per
659 1615 757 1693 ipsum
785 1613 909 1681 biduum
938 1615 1017 1674 inter
1039 1613 1128 1674 horas

111 1702 236 1762 diurnas
260 1709 291 1761 et
314 1710 475 1763 nocturnas
495 1703 584 1761 tertio
608 1704 810 1762 accessionem
828 1705 955 1782 typicam
979 1703 1129 1763 senserint
1143 1715 1169 1756 1⁵

111 1797 314 1869 aegrotantes,
343 1809 401 1852 una
429 1791 476 1850 die
501 1792 579 1850 sicut
601 1809 692 1870 supra
716 1791 776 1850 dixi
798 1790 924 1851 leviores
947 1789 1075 1850 habeant
1097 1797 1128 1849 et

111 1887 217 1958 quarta
241 1879 288 1939 die
313 1880 526 1953 reformentur,
553 1886 616 1939 tres
640 1886 800 1958 quartanae
824 1897 890 1939 esse
914 1878 1126 1956 significantur.

110 1974 142 2027 et
166 1970 299 2028 nascitur
322 1986 358 2028 ex
382 1966 593 2028 melancholico
618 1967 752 2028 humore.

202 2058 232 2116 in
253 2057 455 2117 curationibus
474 2074 544 2116 vero
568 2058 773 2135 quartanarius
792 2055 828 2115 ab
851 2057 915 2133 ipso
935 2054 1019 2113 initio
1039 2071 1125 2133 opor·

112 2152 158 2205 tet
181 2145 371 2205 mediocriter
390 2153 419 2205 et
438 2147 508 2205 mite
527 2144 630 2205 haberi
649 2151 679 2205 et
698 2163 795 2223 neque
815 2145 858 2204 eis
877 2143 1125 2204 medicamentum
1140 2158 1168 2199 20

186 2339 200 2386 1
221 2333 394 2389 solidatione
413 2350 454 2403 cp.
527 2340 543 2387 2
563 2332 700 2403 gimnasio
719 2335 765 2388 vel
784 2333 918 2389 exercitis
937 2348 963 2399 e,
983 2319 1083 2403 gigsiis
1107 2330 1124 2386 i.

109 2404 254 2461 exercitiis
273 2422 303 2474 p.
394 2404 547 2474 sinapismo
570 2406 600 2458 et
622 2406 741 2474 dropace
761 2407 791 2460 et
813 2403 974 2473 drimifagia
987 2421 1018 2472 p.
1109 2408 1125 2456 3

107 2484 159 2533 oia
179 2475 288 2531 cidiaca
306 2481 352 2530 mo
369 2493 391 2544 c,
411 2482 459 2531 oia
477 2475 565 2531 cidico
584 2471 613 2530 xix
629 2477 731 2544 (moieo
750 2481 814 2530 onte
831 2476 912 2544 corr.)
927 2492 956 2543 p.
1030 2476 1059 2530 et
1076 2474 1126 2528 ad-

108 2546 221 2602 hibebis
235 2564 266 2615 p.
357 2546 476 2601 tsieuti
494 2563 544 2602 om.
563 2563 585 2602 c.
676 2548 829 2602 scribentes
848 2563 897 2602 om.
912 2563 943 2615 p.
1017 2544 1125 2600 tcola-

108 2635 216 2690 gogum
226 2635 262 2687 p:
282 2618 462 2686 coagulatum
476 2634 497 2672 e.
571 2617 667 2672 senilis
677 2636 711 2688 p:
730 2619 838 2673 iuvenis
851 2634 873 2674 o.
947 2622 962 2671 ‘t
981 2617 1023 2670 De
1037 2614 1126 2685 tipice

108 2688 278 2760 passionep
298 2688 353 2759 (Ad
375 2689 466 2758 tipum
491 2688 653 2757 quartinum
670 2691 710 2745 sic
727 2691 785 2746 ind.
801 2692 843 2759 p).
952 2694 968 2754 8
986 2687 1076 2757 tipice
1089 2703 1125 2755 p:

106 2760 170 2830 tipo
186 2778 216 2830 p.
290 2760 410 2814 9biduo
426 2791 459 2800 —
475 2759 520 2813 die
538 2775 588 2814 om.
604 2777 625 2815 e.
698 2760 760 2815 IIII.
776 2761 820 2814 die
831 2777 861 2829 p.
936 2764 969 2812 10
986 2760 1125 2828 (formam)

106 2830 267 2886 ostenditur
283 2848 310 2898 c,
334 2830 458 2886 ostendit
480 2836 544 2885 anto
567 2847 636 2886 corr.
653 2848 681 2900 p.
789 2833 822 2885 ut
844 2831 937 2900 ipsum
957 2829 1075 2885 biduum
1088 2845 1124 2897 p:

107 2903 141 2956 ut
159 2919 179 2972 p
197 2906 256 2971 1pm
274 2901 382 2957 iudicia
400 2918 422 2956 e.
497 2907 529 2955 12
549 2904 613 2971 post
627 2919 650 2958 e.
666 2902 699 2957 fr.
715 2912 741 2957 c:
762 2901 952 2972 exagitatione
971 2900 1083 2970 frigoris
1093 2916 1125 2968 p.

110 2979 144 3027 13
164 2975 195 3028 et
213 2990 268 3027 una
286 2973 331 3027 die
350 2973 381 3042 (I.
397 2973 443 3027 die
457 2974 490 3042 p)
505 3003 539 3012 -
554 2974 610 3042 (te)
625 2976 786 3042 egrotantes
800 2990 850 3028 om.
865 2989 887 3026 c.
959 2971 1021 3027 ΙΙΙΙ.
1037 2971 1081 3025 die
1092 2986 1124 3038 p.

106 3045 152 3099 bic
169 3050 264 3100 notam
281 3044 360 3099 babet
374 3050 410 3113 1⁰⁰
427 3046 459 3098 c'n
477 3061 563 3114 uturp.
582 3044 679 3111 „Idem
697 3044 727 3098 in
745 3042 968 3116 passi<onorio>.
1006 3042 1040 3095 de
1055 3057 1125 3110 pery

107 3115 194 3170 febre.
223 3115 296 3169 Nam
316 3114 477 3170 cotidiani“.
568 3120 599 3169 15
618 3115 764 3170 diuturnas
779 3133 809 3184 p.
892 3113 1045 3179 senseritp
1065 3112 1125 3180 (ubi

107 3187 208 3241 iterum
222 3192 258 3254 ΡΘ
279 3187 311 3240 in
332 3201 419 3255 marg.
444 3186 539 3254 „Idem
561 3193 573 3240 1
591 3189 639 3256 pa⁸
659 3218 692 3226 -
711 3188 729 3240 t.
749 3203 769 3240 e.
793 3186 823 3239 in
845 3182 1017 3262 passionario
1037 3211 1070 3220 —-
1089 3182 1124 3235 de

108 3258 208 3312 eodem
228 3274 250 3311 c.
271 3256 326 3322 Qui
344 3258 448 3325 vero“).
523 3263 555 3310 to
574 3273 631 3311 una
649 3257 695 3311 die
713 3273 739 3325 e,
759 3257 779 3311 1.
800 3255 845 3310 die
859 3271 889 3323 p.
962 3253 1081 3306 dinmus
1101 3269 1123 3308 o.

108 3328 216 3383 leviore
234 3344 262 3394 e,
280 3327 401 3382 leniores
415 3345 446 3397 p.
540 3334 571 3382 11
590 3328 756 3384 reformetur
769 3344 805 3395 p,
829 3325 958 3378 -matur
975 3340 997 3378 c.
1022 3393 1028 3404 Ι
1091 3329 1123 3378 ta

109 3399 320 3524 quairtanionum
334 3416 365 3468 p.
474 3401 509 3466 cf.
530 3399 627 3454 Galen.
647 3400 710 3466 XI,
734 3403 771 3454 37
788 3414 826 3467 sq.
935 3401 970 3450 10
991 3395 1072 3449 m1tte
1091 3411 1124 3464 ep

109 3469 158 3539 (mi
173 3472 257 3539 012⁰).
