2414 3924
494 175 736 240 -152-

112 322 235 384 calidam
268 321 504 382 intercidendam
532 319 578 381 vel
606 322 632 381 si
659 320 758 382 fervor
786 321 878 383 luerit
907 321 940 382 in
969 323 1137 386 stomacho.

112 413 194 472 croci
221 410 258 471 di
287 409 307 470 S
336 418 416 471 teres
445 427 514 470 cum
542 427 615 470 suco
642 407 815 473 cucurbitae
839 417 870 470 et
899 427 973 471 suco
1000 409 1056 473 lini
1086 431 1134 474 se-

112 501 201 560 minis
224 506 256 560 et
279 517 352 560 suco
379 497 551 578 portulacae
574 496 689 578 aequali
715 497 818 579 modo,
846 515 933 561 cerae
954 495 978 564 ὅ
998 496 1037 561 v1
1060 519 1134 562 con-

114 590 190 649 cisas
219 606 288 649 cum
315 587 477 649 sufficienti
504 586 569 647 oleo
598 603 721 648 rosaceo
743 586 840 649 solves
863 594 896 649 et
922 604 994 649 cum
1013 587 1132 669 infrigi·

85 690 98 729 ὅ
114 677 228 738 daverit
245 675 333 738 rades
352 678 431 737 etin
451 677 593 736 mortario
613 673 701 736 simul
720 674 937 736 commiscebis.
974 682 1006 739 et
1022 677 1133 739 exinde

114 765 190 827 duos
208 764 347 826 inductos
367 764 466 845 iacies,
486 781 580 824 unum
594 781 726 843 appones
745 771 863 825 etcum
882 763 980 825 calere
998 768 1134 846 coeperit

115 853 200 916 tolles
229 861 259 914 et
281 852 409 914 alterum
436 851 578 931 frigidum
605 854 749 932 impones.
786 851 884 913 bieme
907 859 1008 915 autem
1029 853 1132 915 Nileus

114 941 278 1022 lexipyreto
310 943 418 1021 uteris,
451 940 531 1018 quod
563 943 703 1020 superius
734 942 766 1001 iu
798 939 961 1019 splenetica
993 943 1135 1022 passione

115 1048 298 1110 scripsrmus.
797 1083 803 1091 .

75 1132 100 1172 10
205 1121 230 1180 si
252 1117 335 1180 tarde
355 1115 574 1198 desudaverint,
591 1117 658 1178 oleo
677 1117 908 1179 chamaemeliuo
928 1135 998 1180 eum
1016 1119 1136 1182 modica

114 1208 213 1287 tepida
252 1206 300 1268 die
338 1208 441 1267 critica
476 1223 649 1285 perungues
687 1214 717 1267 et
756 1206 941 1268 sufficienter
977 1215 1138 1287 aegrotum

115 1297 247 1375 operies,
271 1303 302 1355 et
325 1297 423 1356 statim
447 1294 589 1355 sudorem
611 1292 792 1373 provocabit.
829 1294 909 1373 quod
935 1296 1041 1359 sinon
1063 1315 1135 1376 pro-

115 1385 278 1462 vocaverit,
300 1381 427 1462 periculi
449 1382 592 1444 indicium
611 1390 658 1443 est
676 1390 727 1445 aut
749 1382 894 1462 prolixam
914 1384 1136 1464 aegritudinem

117 1471 255 1552 ostendit,
275 1489 363 1549 quam
378 1474 584 1533 macronosian
603 1471 715 1533 dicunt.
749 1478 820 1533 suut
833 1478 933 1533 autem
951 1471 1015 1535 dios
1033 1474 1134 1535 critici

77 1575 102 1613 1⁵
117 1559 226 1639 quibus
244 1578 300 1638 per
314 1559 454 1620 sudorem
473 1578 616 1640 prospera
631 1562 759 1640 aegrotis
779 1560 987 1623 determinatio
1002 1560 1136 1624 iebrium

117 1650 179 1709 sive
206 1647 353 1709 discussio
382 1649 448 1708 fieri
474 1648 563 1729 solet,
591 1647 621 1709 id
648 1657 695 1710 est
722 1655 774 1711 aut
801 1647 842 1708 lll
869 1657 921 1711 aut
948 1648 972 1708 V
1000 1658 1052 1713 aut
1083 1650 1135 1712 Vll

117 1745 169 1797 aut
191 1735 270 1797 Vllll
293 1744 344 1798 aut
366 1735 407 1796 XI
431 1744 482 1797 aut
504 1736 600 1817 XIIII,
622 1736 680 1798 hoc
701 1745 748 1799 est
769 1736 845 1798 duae
864 1736 1044 1800 ebdomades
1063 1758 1134 1802 cou-

117 1828 251 1909 iunctae‚
273 1832 325 1887 aut
342 1824 422 1884 XVll
444 1834 496 1886 aut
513 1824 581 1885 XXl
604 1831 656 1886 aut
673 1824 762 1887 XXX.
799 1827 913 1887 sivero
936 1828 1027 1889 nimia
1050 1827 1137 1890 febre

118 1917 232 1996 aegroti
255 1933 365 1995 corpus
395 1913 576 1975 desiccatum
600 1914 704 1994 luerit,
732 1922 767 1975 ut
789 1915 877 1976 etiam
900 1922 931 1976 et
953 1914 1055 1996 lingua
1077 1920 1134 1979 ari·

78 2018 104 2058 20
119 2003 240 2066 ditatem
264 2003 442 2085 ostenderit,
466 2003 513 2064 die
537 2004 654 2083 critica,
682 2010 716 2063 ut
739 2020 830 2081 supra
853 2001 966 2064 dictum
990 2011 1046 2085 est,
1068 2005 1138 2067 oleo

120 2092 350 2153 chamaemelino
378 2092 569 2170 singulariter
597 2098 693 2153 totum
717 2109 828 2170 corpus
855 2109 1027 2172 perungues
1050 2102 1081 2155 et
1104 2097 1136 2155 iu

119 2178 211 2240 calida
240 2182 404 2259 semicupio
432 2179 600 2259 depositum
628 2198 724 2258 iisque
752 2178 789 2240 ad
817 2187 921 2259 guttur
944 2180 1056 2242 embasi
1086 2182 1135 2243 ad-

119 2266 212 2328 hibita
231 2266 409 2328 lomentabis
428 2276 458 2329 et
477 2268 583 2329 exinde
601 2270 633 2328 in
654 2267 763 2329 lectulo
783 2274 988 2347 competenter
1007 2273 1138 2353 operies,

192 2443 207 2491 2
223 2436 298 2491 croci
317 2438 350 2491 df
368 2454 394 2491 c:
423 2437 497 2492 croci
520 2439 628 2508 <doma
647 2439 679 2493 iu
697 2439 774 2510 ras.)
794 2439 821 2493 S.
836 2457 867 2509 p.
976 2458 997 2494 s.
1021 2441 1138 2497 seminis

120 2507 173 2563 lini
185 2524 217 2578 p.
303 2507 452 2563 3concisa
465 2525 501 2578 p,
521 2513 556 2564 cie
574 2509 634 2564 cias
651 2525 673 2565 o.
755 2509 875 2565 ssimul
894 2525 944 2566 om.
963 2527 986 2565 e.
1059 2528 1135 2566 com-

119 2580 221 2635 misces
240 2594 281 2647 cp.
354 2579 459 2634 aiacis
473 2596 504 2648 p.
576 2579 706 2634 inductos
723 2580 788 2649 (sic)
801 2597 842 2650 ep.
915 2597 1013 2635 uuum:
1031 2586 1093 2635 imit
1111 2599 1137 2651 p

121 2653 147 2718 (ε
167 2655 224 2704 unit
238 2650 297 2719 ρο),
317 2655 374 2704 unit
393 2665 415 2704 c.
489 2655 622 2719 tipones
641 2666 668 2705 c:
686 2666 812 2720 appones
824 2668 856 2722 p.
931 2650 1058 2720 nileosp
1077 2653 1137 2720 (aed

120 2721 210 2775 lineos
228 2736 314 2789 supra
324 2721 384 2790 μθ),
403 2718 524 2789 nigellos
539 2737 561 2775 c.
589 2722 623 2787 cf.
641 2738 663 2776 c.
677 2725 715 2777 42
730 2727 799 2778 ectr.
871 2729 888 2778 8
906 2723 956 2791 le(i
969 2722 1136 2793 e)xiperiton

121 2807 208 2860 quam
226 2807 267 2860 cp.
341 2797 375 2845 10
388 2790 426 2844 ut
445 2791 508 2861 sip.
583 2791 767 2847 camomelino
780 2810 811 2862 p,
830 2793 991 2850 camomillo
1005 2811 1028 2849 c.
1101 2801 1135 2849 11

120 2861 166 2916 die
186 2861 290 2916 cretica
308 2878 331 2930 c,
349 2861 503 2917 diaeretica
516 2877 548 2931 p.
640 2868 673 2917 12
693 2863 786 2932 operis
807 2881 848 2934 cp.
937 2867 1073 2935 provocat
1091 2871 1139 2935 φῦ

122 2935 214 3000 t-eat
227 2937 270 3003 p).
376 2937 409 2986 14
427 2933 622 2989 macronosian
640 2950 667 3001 c,
687 2935 833 2991 -noxiam
847 2951 878 3005 p.
915 2965 920 2969 ·
978 2935 1076 2992 cretici
1095 2953 1136 3006 cp.

122 3010 155 3058 15
174 3004 278 3074 egrotis
297 3020 348 3060 om.
362 3021 392 3073 p.
481 3010 513 3059 16
533 3005 583 3058 eut
601 3004 635 3061 V.
654 3005 699 3060 die
718 3023 740 3061 e.
827 3012 861 3060 tv
880 3006 960 3062 XHH
973 3022 1008 3076 p:
1027 3007 1095 3061 XIII
1113 3024 1137 3063 e.

120 3076 174 3130 hoc
192 3077 236 3130 est
252 3076 322 3130 duas
341 3075 511 3131 ebdomadas
530 3075 692 3132 coniunctas
711 3078 774 3144 (sic)
792 3094 819 3132 c:
845 3092 895 3132 orn.
910 3095 942 3148 p.
1035 3082 1068 3133 18
1087 3080 1138 3134 aut

121 3146 199 3202 XVII
218 3163 269 3202 om.
283 3162 315 3216 p.
400 3145 478 3201 XXX
492 3164 526 3217 p:
546 3147 624 3201 XXV
643 3165 665 3203 c.
756 3153 790 3202 lo
809 3149 909 3218 egrotis
928 3164 1029 3218 corpus
1048 3149 1137 3204 dasci-

121 3219 216 3273 catum
234 3218 253 3275 f.
273 3235 298 3273 c:
323 3234 423 3288 corpus
449 3219 603 3301 egrotantis
626 3219 645 3273 f.
666 3217 838 3273 desiccatum
853 3235 885 3289 p.
994 3219 1091 3290 lingue
1105 3237 1137 3290 p.

122 3294 157 3343 20
176 3288 330 3344 ostenderit
343 3297 391 3359 μοι
415 3290 494 3345 -dit
512 3307 553 3360 cp.
662 3289 767 3345 cretica
789 3305 830 3359 cp.
940 3307 1025 3360 supra
1042 3306 1093 3346 oen.
1114 3309 1136 3347 c.

122 3364 155 3412 21
176 3359 361 3415 camomelino
375 3378 411 3430 p,
430 3361 592 3417 eamomilla
609 3377 630 3416 c.
704 3377 803 3430 corpus
824 3361 918 3416 totum
931 3376 962 3430 p.
1036 3367 1071 3416 22
1090 3362 1138 3416 de-

121 3427 216 3497 posito
235 3446 275 3497 cp.
348 3430 410 3486 basi
419 3448 451 3500 p,
469 3431 564 3487 bassin
578 3447 600 3485 c.
673 3431 802 3487 adhibito
821 3447 862 3502 cp.
935 3437 969 3487 23
989 3431 1081 3503 operis
1095 3449 1138 3502 cp.
