2414 3924
397 256 464 302 urs.
480 255 554 302 vrrr.
571 253 646 303 cna.
659 256 691 302 v.
707 256 752 302 vr.
1020 246 1080 318 339

94 431 151 472 non
167 411 367 489 glutinabitur,
386 409 563 487 intelligetur
579 409 693 487 quidem
712 427 749 467 ex
760 407 895 486 humore,
914 413 961 490 qui
977 412 1081 471 multus

95 516 132 556 en
151 496 269 555 vulnere
291 495 414 562 feretum
442 493 563 554 vulsella
592 509 663 551 vero
680 491 860 552 extrahetur:
882 492 1024 574 finitisque
1041 496 1081 553 in·

94 578 340 653 danmationibus,
353 578 515 655 imponetur
531 575 636 656 aliquid
653 575 887 636 medicamentum
900 579 990 654 exiis,
1007 595 1081 657 quae

94 665 198 723 leniter
213 663 378 740 reprimunt.
408 660 494 737 Pejus
509 669 553 721 εει
572 659 619 718 ubi
635 668 682 718 ant
697 660 756 719 ossi
774 668 821 719 aut
844 661 1003 738 cartilagini
1024 662 1081 722 fra·

75 756 161 807 actae
179 748 250 805 cutis
262 763 377 825 qnoque
393 744 495 803 vulnus
509 745 643 805 accessit.
672 743 704 802 ld
727 743 876 802 admodum
892 762 958 803 raro
979 746 1019 804 tit.
1050 747 1081 804 Si

95 831 208 905 incidit,
224 829 272 888 illa
292 829 406 906 quidem
420 827 508 887 nihilo
522 829 611 886 minus
624 826 722 886 eadem
737 828 849 886 ratione
864 828 892 885 in
908 847 975 887 snas
994 829 1080 888 sedes

95 913 245 974 excitanda
263 921 342 972 sunt:
359 913 416 971 cuti
431 929 500 970 vero
517 910 806 990 superimponendum
828 909 1012 988 emplastrum
1030 912 1080 973 ali·

95 997 169 1075 quod
185 1015 221 1055 ex
243 999 293 1069 iis,
316 1013 389 1073 quae
405 995 570 1064 recentibus
593 993 756 1053 vulneribus
778 996 993 1055 accommodata
1017 1004 1081 1055 sunt

95 1081 148 1158 (ci.
168 1080 203 1156 V,
219 1081 252 1147 2;
274 1080 322 1154 19,
339 1079 360 1153 §
376 1079 448 1155 20):
467 1079 519 1138 sed
540 1079 658 1156 insuper
673 1077 752 1136 nullo
768 1078 882 1137 vinculo
899 1078 1081 1155 deligandum

62 1174 140 1222 tuest
156 1161 218 1241 (lb.
239 1163 260 1237 ὃ
276 1162 343 1236 39).

448 1315 630 1376 CAPUT
667 1317 731 1376 VI.

455 1431 492 1479 De
510 1431 611 1481 auribus
625 1430 719 1481 fractis.

155 1580 187 1639 In
202 1598 271 1639 aure
287 1597 401 1658 quoque
418 1581 557 1640 interdum
569 1583 706 1660 rumpitur
722 1583 872 1658 cartilago.
904 1582 987 1655 Quod
1004 1586 1027 1643 si
1041 1586 1080 1643 in·

94 1664 177 1740 cidit,
192 1673 341 1741 antequam
360 1683 413 1743 pus
431 1666 555 1740 oriatur,
578 1665 779 1743 imponendum
795 1666 937 1742 glutinans
957 1667 1078 1728 medica·

58 1761 83 1800 ιε
93 1756 215 1806 mentum
231 1756 275 1806 est
290 1745 491 1826 (tttd.§40):
505 1766 595 1826 saepe
608 1749 682 1806 enirn
695 1749 1080 1828 suppurationemprohibet‚

93 1839 122 1888 et
141 1848 236 1889 aurem
257 1832 414 1891 confirmat.
430 1831 504 1891 Illud
517 1841 545 1890 et
559 1833 586 1889 in
602 1831 655 1890 hac
667 1841 695 1890 ει
708 1833 735 1890 in
751 1832 866 1892 naribus
881 1835 1010 1910 ignorari
1023 1851 1079 1893 non

93 1922 223 1991 oportet3
249 1931 307 1973 non
322 1914 436 1995 quidem
452 1914 648 1990 cartilaginem
670 1917 761 1994 ipsam
778 1917 929 1993 glutinari,
948 1919 1024 1976 eirca
1039 1925 1079 1976 ta·

92 2016 156 2058 men
173 2016 288 2057 carnem
309 1999 491 2074 increscere,
514 1997 687 2076 solidarique
706 2018 769 2058 eum
788 1999 893 2060 locum.
922 2000 1039 2078 Itaque,
1055 2002 1079 2059 si

93 2099 156 2140 cunr
178 2091 242 2141 cute
265 2083 406 2158 cartilago
423 2091 505 2161 rupta
522 2091 582 2157 εει,
607 2084 678 2140 cutis
695 2085 835 2161 utrimque
854 2085 953 2143 suitur.
997 2083 1080 2142 Nunc

56 2184 81 2222 eo
92 2176 186 2226 autem
203 2165 239 2224 de
255 2183 289 2223 ea
307 2165 389 2242 dico,
405 2181 496 2244 (prae,
514 2175 578 2225 cute
595 2167 718 2242 integra,
735 2168 885 2243 frangitur.
906 2167 937 2226 ln
955 2186 989 2226 ea
1006 2184 1078 2225 vero

92 2252 115 2308 si
128 2251 187 2324 jam
205 2267 259 2327 pus
274 2257 367 2308 natum
383 2258 443 2325 εει,
464 2249 620 2328 aperienda
635 2249 725 2309 altera
746 2258 827 2329 parte
853 2252 941 2326 cutis,
972 2253 1079 2329 etipsa

93 2332 234 2408 cartilago
252 2340 352 2391 contra
368 2331 463 2392 lunata
479 2334 565 2411 plaga
582 2332 741 2393 excidenda
757 2343 801 2393 εει
816 2333 856 2410 ¹):
880 2333 983 2392 deinde
998 2342 1079 2393 uten-

91 2415 155 2475 dum
171 2424 215 2474 est
231 2411 438 2475 medicamento
453 2416 557 2475 leniter
574 2419 785 2494 supprimente,
803 2418 888 2495 quale
908 2417 1015 2492 lycium
1035 2427 1080 2476 est

91 2517 164 2577 aqua
188 2498 318 2573 dilutum,
343 2498 437 2557 donec
457 2502 573 2576 sangnis
597 2500 687 2559 flucre
703 2501 830 2561 desinat·
855 2511 910 2576 tum
931 2503 1078 2580 imponen-

56 2597 80 2635 ιε
91 2582 155 2641 dum
170 2581 318 2640 linteolum
330 2600 392 2641 curn
408 2583 605 2659 emplastro
581 2602 635 2658 ειε,
650 2594 679 2642 ut
694 2586 799 2663 pingue
814 2603 897 2644 omne
912 2585 1031 2653 vitetur;
1051 2592 1080 2643 et

91 2673 207 2740 aparte
236 2665 401 2740 posteriore
425 2665 490 2725 lana
504 2666 600 2726 mollis
622 2669 681 2726 auri
703 2669 881 2745 subjicienda
904 2677 966 2744 est,
993 2686 1077 2747 quae,
1128 2703 1140 2723 .

91 2745 168 2822 qnod
184 2756 227 2804 est
239 2748 313 2805 inter
328 2746 402 2806 hanc
419 2757 447 2807 et
466 2758 567 2828 capnt,
587 2750 745 2848 compleat:
774 2761 831 2809 tum
853 2770 886 2810 ea
908 2751 1013 2810 leniter
1028 2751 1077 2809 de·

91 2827 205 2904 liganda
217 2838 275 2896 est;
290 2838 344 2888 eta
358 2832 442 2889 tertio
455 2830 501 2890 die
515 2848 635 2909 vapore,
645 2834 693 2891 nt
686 2852 712 2890 nr
721 2834 836 2892 naribus
846 2851 928 2911 posur
921 2834 1019 2911 '.(cap
1030 2834 1076 2910 5),

89 2909 223 2970 fovenda.
262 2911 387 2990 Atque'
379 2931 406 2971 rn
427 2912 472 2972 his
493 2931 608 2992 quoque
623 2916 778 2990 generibus
798 2913 973 2973 abstinentia
992 2918 1076 2991 primi

55 2996 229 3072 torenports
260 2999 426 3056 necessaria
443 3005 504 3072 εει,
538 2996 631 3055 donec
654 2997 834 3057 inflammatio
852 2999 971 3057 liniatur.

92 3181 93 3185 ’
157 3179 187 3242 1)
202 3175 325 3260 Τάχιστα
339 3172 390 3244 μὲν
405 3169 482 3244 ὑγιὲς
497 3178 619 3261 γίνεται,
647 3168 683 3260 ἦν
698 3195 741 3237 τις
763 3196 850 3246 nepos
875 3180 1077 3263 ὄιαιιαεση..

80 3239 135 3297 Ην
148 3240 230 3297 dl
194 3263 232 3312 μη
241 3242 340 3329 πέρην
355 3247 478 3313 καίηται,
496 3242 611 3312 τάμνειν
624 3241 676 3314 χρὴ
689 3263 720 3296 το
710 3241 920 3314 pertusos·
882 3265 920 3315 μη
933 3242 1009 3299 πάνυ
1018 3263 1078 3314 σμι-

87 3307 159 3382 κρὴν
177 3311 273 3382 τομήν.
310 3317 385 3384 Hipp
405 3318 631 3381 Deartic.s⁴10.
