2414 3924
434 222 503 268 nm.
520 222 566 268 vr.
590 220 665 268 cnr.
682 222 728 266 m.
1015 205 1073 268 231

84 389 113 442 ει
127 381 202 438 intus
218 377 331 436 tunicae
346 376 489 450 residant,
512 391 568 452 quo
586 375 676 432 minus
695 373 783 433 foeda
799 381 902 451 postca
917 373 1008 433 iacies
1023 375 1076 434 sit:

83 461 218 523 utendum
241 458 345 519 deinde
364 458 412 518 vel
434 457 534 517 iisdem
557 457 687 532 collyriis
710 466 754 516 εει
774 475 812 516 ex
833 457 908 516 lacte
932 466 979 516 aut
1002 472 1075 525 ovo;

85 546 134 606 vel
157 560 266 619 croco,
291 543 336 602 cni
356 542 451 602 album
466 542 514 600 ovi
531 542 694 600 misceatur.
732 540 771 600 Αι
787 542 812 599 si
826 540 966 616 induruit,
991 541 1079 600 etsie

86 638 231 690 emortuus
253 636 313 702 εει,
338 644 374 685 ne
396 626 424 684 in
439 643 492 703 pus
510 633 689 700 verteretur,
712 633 852 702 quatenus
867 624 955 684 foede
972 625 1076 702 promi-

64 713 181 786 cnebit,
207 709 396 770 excidendum
419 709 473 768 erit
492 708 551 783 sic,
573 717 603 767 ut
626 708 709 767 barno
732 725 839 767 summa
861 708 956 767 tunica
972 726 1077 786 appre-

86 795 242 870 hendatur,
258 794 331 852 inira
346 793 374 853 id
390 792 493 852 deinde
510 791 668 870 scalpellus
686 792 805 852 incidat:
827 801 885 850 turn
901 792 1002 852 eadem
1019 809 1077 850 me·

86 881 245 940 dicamenta
272 886 353 936 erunt
381 875 578 952 conjicienda,
607 874 701 935 donec
729 877 820 935 omnis
846 875 930 935 dolor
954 872 1076 935 liniatur.¹

86 962 191 1023 lisdem
214 960 430 1020 medicamentis
452 962 480 1018 in
502 975 538 1017 eo
560 977 677 1037 quoque
693 959 778 1019 oculo
795 959 929 1019 utendum
945 968 1006 1034 εει,
1030 960 1078 1036 qui
1163 980 1166 985 ·

88 1047 208 1126 primum
223 1043 362 1123 procidit,
379 1044 482 1103 deinde
498 1043 648 1120 perplura
664 1043 730 1102 loca
745 1042 829 1101 fissus
846 1052 899 1102 εει.

54 1145 78 1185 ιο
156 1129 201 1190 10.
223 1128 324 1188 Solent
338 1129 423 1187 etiarn
437 1126 602 1186 carbunculi
616 1145 652 1185 ex
664 1126 883 1186 inflammatione
895 1128 992 1202 nasci,
1008 1141 1078 1185 non·

88 1230 238 1290 numquam
260 1215 289 1271 in
308 1213 378 1288 ipsis
401 1210 509 1284 oculis,
533 1227 741 1287 nonnumquam
762 1211 790 1268 in
812 1209 979 1288 palpebris:
1000 1218 1030 1268 ει
1050 1210 1079 1268 in

63 1298 132 1357 ·bis
153 1296 240 1374 ipsis,
263 1294 349 1353 modo
371 1295 406 1353 ab
423 1294 578 1369 interiore,
601 1294 687 1353 rnodn
703 1295 739 1353 ab
754 1295 903 1353 exteriore
917 1301 1010 1372 parte.
1047 1292 1079 1352 ln

88 1381 146 1439 boc
161 1396 228 1437 casu
244 1378 325 1437 alvus
341 1378 471 1437 ducenda
488 1386 548 1446 cst;
566 1377 645 1436 cibus
661 1377 843 1445 minuendus:
862 1377 908 1437 lac
921 1378 1001 1456 potui
1013 1377 1079 1437 dan-

89 1463 169 1536 dum,
189 1470 218 1520 ut
231 1462 327 1536 acria,
343 1479 417 1540 quae
433 1462 595 1537 laeserunt,
612 1461 761 1520 leniantur.
786 1461 870 1537 Quod
888 1460 923 1520 ad
939 1460 1079 1538 cataplas-

55 1563 80 1602 rs
90 1554 164 1605 mata
185 1554 213 1604 et
234 1544 442 1604 medicamenta
469 1546 608 1623 pertinet,
638 1546 672 1604 iis
693 1545 824 1605 utendum
847 1561 920 1622 quae
943 1544 1081 1603 adversus

90 1629 322 1693 inflammationes
344 1629 495 1706 proposita
514 1636 594 1687 sunt:
616 1636 701 1706 atque
725 1628 772 1687 bic
793 1646 909 1706 quoquc
923 1627 999 1687 Nilei
1021 1626 1080 1687 col·

90 1714 191 1787 lyrium
212 1713 347 1789 optimum
364 1721 417 1770 est.
455 1712 485 1770 Si
500 1720 593 1770 tamen
609 1711 798 1771 carbunculus
815 1714 844 1770 in
860 1711 1006 1770 exteriore
1021 1711 1080 1788 pal·

90 1794 200 1872 pebrac
218 1804 299 1873 parte
315 1805 374 1870 est,
392 1795 427 1854 ad
445 1795 647 1872 cataplasmata
664 1797 839 1873 aptissimum
857 1803 902 1854 est
917 1794 966 1852 lini
983 1801 1081 1853 senten

91 1898 128 1937 ex
150 1878 241 1936 mulso
263 1888 391 1945 coctum;
418 1887 480 1952 ant,
505 1880 528 1935 si
549 1878 577 1936 id
597 1896 653 1938 non
676 1888 736 1954 est,
761 1881 845 1938 tritici
867 1878 957 1938 farina
979 1876 1081 1936 eodem

55 1961 175 2025 comodo
195 1971 287 2021 cocta.

156 2047 203 2106 11.
224 2045 346 2105 Pusulae
363 2063 478 2123 quoque
500 2064 536 2103 ex
552 2046 770 2106 inflammatione
786 2046 925 2105 interdurn
944 2046 1080 2106 oriuntur.

91 2129 174 2204 Quod
197 2131 220 2187 si
243 2131 317 2188 inter
339 2130 417 2187 initia
439 2131 568 2207 protinus
591 2130 704 2204 incidit,
728 2131 820 2205 magis
842 2131 926 2188 etiarn
941 2127 1083 2188 servanda

90 2223 169 2289 sunt,
197 2231 272 2290 quae
287 2212 323 2271 de
339 2214 477 2288 sanguine
495 2221 524 2272 ct
540 2214 635 2288 quiete
653 2231 739 2292 supra
755 2215 908 2291 proposui:
932 2213 1083 2271 sincerius
1160 2266 1161 2269 ,

91 2315 173 2374 quarn
195 2305 225 2353 ut
246 2297 364 2372 sanguis
386 2297 456 2354 mitti
481 2297 587 2373 possit,
611 2297 693 2356 alvus
716 2306 809 2356 tamen
826 2296 956 2355 ducenda
976 2304 1035 2354 est:
1059 2296 1083 2353 si

55 2399 81 2436 aa
92 2381 120 2438 id
139 2397 254 2458 quoque
275 2379 369 2456 aliqua
391 2398 439 2438 res
473 2378 603 2457 inhibet,
630 2383 725 2459 utique
742 2381 833 2439 victus
851 2381 924 2439 ratio
942 2377 1083 2438 servanda

93 2471 147 2521 est.
171 2462 388 2522 Medicamentis
404 2471 498 2521 autern
514 2462 560 2522 bic
576 2481 691 2542 quoque
708 2463 819 2523 lenibus
835 2481 908 2541 opus
921 2472 981 2539 εει,
998 2462 1084 2541 quale

90 2546 185 2620 Nilei,
203 2546 288 2624 quale
304 2545 422 2604 Cleonis
439 2556 492 2604 est.

154 2631 202 2688 12.
231 2629 263 2689 ld
284 2647 415 2707 quoque,
443 2630 714 2728 quodPhilaletbes
738 2640 872 2706 vocatur,
898 2631 955 2690 buc
988 2639 1084 2708 aptum

92 2722 145 2772 est.
189 2712 342 2787 Myrrhae,
374 2715 527 2791 papaveris
553 2714 705 2789 lacrimae,
711 2714 963 2811 singulorump
984 2713 1082 2791 )-.1.(

57 2822 82 2861 ιι
94 2794 200 2875 plumbi
226 2796 313 2872 eloti,
340 2804 435 2855 terrae
456 2800 580 2874 samiae,
608 2816 681 2875 quae
697 2759 804 2894 ἆστηρ
828 2807 961 2872 vocatur,
987 2804 1083 2872 traga-

92 2879 228 2953 cantbae,
254 2878 474 2957 singulorump
489 2882 545 2960 )·(.
561 2895 606 2940 1v.
623 2880 705 2940 stibis
725 2881 816 2955 cocti,
839 2880 940 2954 amyli,
956 2877 1083 2954 singulo-

91 2982 150 3022 rum
172 2982 201 3041 p.
224 2962 281 3041 )-(.
302 2976 347 3021 VI.
373 2963 469 3041 spodii
493 2964 579 3040 eloti,
609 2982 745 3023 cerussae
768 2925 880 3036 eldtae,
906 2960 1083 3038 singulorum

91 3067 119 3126 p
136 3047 193 3126 )·(.
210 3061 282 3105 vill.
305 3064 379 3125 quae
401 3065 473 3125 aqua
490 3047 629 3126 pluviatili
646 3048 835 3124 excipiuntur.
873 3043 949 3104 Usus
969 3041 1082 3115 collyrii

91 3131 192 3190 velex
209 3148 279 3206 ovo
300 3130 346 3189 vel
364 3132 563 3190 exlacteest

56 3240 81 3280 ec
156 3215 203 3276 13.
232 3178 279 3273 Ed
305 3215 416 3292 pusulis
442 3214 540 3273 ulcera
562 3214 702 3272 interdurn
726 3215 808 3279 liunt;
840 3229 933 3291 eaque
954 3215 1048 3269 recent

91 3315 183 3376 aeque
206 3297 320 3358 lenibus
341 3298 556 3358 medicamentis
576 3297 725 3356 nutrienda
746 3306 824 3372 sunt,
847 3305 875 3354 et
890 3294 992 3354 iisdem
1008 3291 1040 3352 le

91 3398 164 3458 quae
188 3382 348 3460 snpralv,
366 3381 421 3456 28,
441 3383 538 3478 15)1ιι
561 3381 670 3458 pusulis
692 3381 786 3459 posui.
823 3379 1036 3477 Fitquoquep

89 3466 153 3543 prie
169 3466 205 3526 ad
221 3465 305 3540 haec,
323 3465 400 3542 quod
413 3427 471 3525 διὰ
486 3461 628 3545 λιβάνου
642 3475 771 3525 vocatur
806 3463 900 3524 llabct
914 3463 990 3523 aeris
1005 3472 1036 3520 ct
