2414 3924
422 107 491 153 nin.
508 107 538 154 v.
564 105 639 154 car.
655 107 752 156 xvm.
1023 99 1079 160 171

90 259 234 329 tionibus;
261 258 363 338 quibus
385 267 491 319 tantum
512 259 602 338 picis,
633 269 663 318 et
685 277 770 319 cerae
798 261 948 338 adjicitur,
979 271 1008 321 ut
1035 263 1083 323 liat

92 345 185 406 cerati
200 342 371 404 crassitudo.

136 428 186 488 27.
223 426 270 486 Ad
297 444 364 486 ossa
393 435 486 486 autem
512 424 695 502 Aristogenis
723 426 752 486 lit
779 445 816 487 ex
842 427 902 488 his:
937 427 1083 507 sulphuris

92 533 122 591 p.
138 511 195 590 )·(.
211 524 234 570 1.
256 511 370 569 resinae
397 509 621 585 terebinthinae,
644 512 708 568 nitri
732 528 864 589 spumae,
892 519 921 571 et
943 530 980 570 ex
1000 511 1082 571 scilla

66 596 185 674 spartis
207 595 367 669 interioris,
392 591 499 670 plumbi
523 592 610 667 eloti,
634 593 812 670 singulorum
833 613 861 672 p.
881 593 937 671 )·(.
954 607 989 654 11.
1012 597 1082 653 turis

91 679 223 754 fuliginis
243 695 272 755 p.
294 677 350 755 )·(.
372 689 444 736 vm.
467 675 655 736 lausannae
676 679 997 755 quampinguissimae,
1020 680 1081 737 sevi

91 763 211 838 taurini,
242 760 419 837 singulorum
444 778 472 838 p.
492 758 548 837 )·(.
571 773 645 818 vni.
674 778 759 819 cerae
786 778 813 837 p.
835 761 892 838 )·(.
915 774 976 821 xli.
1002 761 1082 820 iridis

92 844 299 904 macedonicae
317 862 345 921 p.
363 843 419 922 )·(.
436 857 481 903 VI.
499 843 604 902 sesami
619 843 695 902 fricti
712 843 900 903 acetabulum.

155 927 204 989 28.
235 927 418 1006 Maximeque
445 927 541 985 nervis
569 934 597 984 et
624 927 751 986 articulis
774 927 914 1004 malagma
936 929 1080 988 convenit.

56 1031 82 1071 ro
92 1011 185 1089 lgitur
199 1010 352 1085 Euthyclei
368 1019 429 1084 est,
450 1017 479 1068 et
494 1010 529 1069 ad
544 1010 697 1086 articulos,
720 1020 748 1070 et
762 1010 798 1070 ad
814 1029 926 1072 omnem
941 1011 1081 1087 dolorem,

93 1105 123 1154 et
147 1093 182 1155 ad
202 1096 334 1168 vesicae,
360 1103 388 1152 et
409 1092 444 1152 ad
463 1094 571 1153 recenti
592 1094 728 1154 cicatrice
750 1104 915 1156 contractos
935 1095 1080 1171 articulos,

92 1196 169 1256 quae
191 1167 338 1256 ἀγκύλας
359 1177 461 1238 Graeci
489 1180 647 1254 nominant,
678 1180 868 1249 conveniens;
900 1180 977 1258 quod
996 1179 1082 1239 habet

92 1261 222 1338 fuliginis
236 1262 308 1320 turis
323 1259 521 1336 acetabulum,
545 1263 658 1321 resinae
676 1262 864 1340 tantumdem,
890 1264 1005 1341 galbani
1020 1265 1081 1322 sinc

93 1343 217 1404 surculis
241 1345 437 1419 sescunclam,
459 1345 642 1421 ammoniaci,
667 1344 784 1421 bdellii,
810 1348 987 1424 singulorum
1011 1366 1038 1426 p.
1055 1366 1079 1410 z.

57 1445 181 1488 lacerae
198 1446 226 1506 p.
238 1447 261 1486 s.
280 1426 327 1486 Ad
345 1428 462 1487 eosdem
474 1425 491 1462 *
503 1427 624 1505 digitos:
644 1427 739 1504 iridis,
755 1433 935 1506 ammoniaci,
954 1430 1080 1506 galbani,

92 1512 175 1587 nitri,
201 1511 377 1588 singulorum
398 1531 426 1590 p.
450 1509 505 1589 )·(.
526 1525 597 1570 xlv.
627 1512 740 1570 resinae
760 1512 885 1591 liquidae
907 1532 935 1591 p.
958 1514 1012 1591 )·(.
1034 1526 1079 1572 vt.

93 1613 180 1654 cerac
196 1614 224 1673 p.
240 1595 296 1673 )·(.
316 1607 387 1656 va.

156 1678 206 1738 29.
235 1677 281 1738 Ad
307 1677 426 1738 dolores
445 1676 645 1751 articulorum,
667 1678 848 1754 Sosagorae:
877 1676 984 1756 plumbi
1005 1694 1080 1735 com-

93 1763 188 1838 busti,
223 1763 377 1840 papaveris
405 1762 554 1836 lacrimae,
586 1761 702 1819 corticis
729 1760 916 1837 hyoscyami,
947 1761 1080 1836 styracis,

56 1870 84 1910 ao
94 1846 270 1925 peucedani,
286 1847 364 1920 sevi,
380 1846 510 1920 resinae,
528 1861 614 1903 cerae
633 1859 718 1920 pares
737 1846 897 1921 portiones.

157 1929 206 1992 30.
236 1927 405 2008 Chrysippi:
429 1930 543 1987 resinae
564 1926 702 2004 liquidae,
727 1926 938 2000 sandarachae,
962 1926 1080 2004 piperis,

93 2014 271 2090 singulorum
287 2030 314 2090 p.
330 2012 386 2090 )·(.
404 2025 462 2072 xri.
480 2010 581 2089 quibus
598 2029 682 2069 cerae
699 2009 842 2088 paululum
856 2011 995 2086 adjicitur.

156 2096 205 2158 31.
235 2095 445 2174 Ctesiphontis:
468 2114 553 2154 cerae
570 2096 711 2170 creticae,
733 2096 845 2155 resinae
862 2091 1080 2168 terebinthinae,

93 2181 159 2239 nitri
176 2197 258 2257 quam
273 2180 424 2238 ruberrimi
434 2225 441 2253 ,
458 2178 633 2256 singulorum
650 2197 677 2256 p.
694 2199 717 2238 s.
734 2179 791 2238 olei
809 2179 904 2254 cyathi
918 2187 987 2237 tres.
1023 2176 1081 2236 Sed

56 2285 84 2323 25
93 2265 121 2323 id
144 2265 245 2321 nitrum
262 2273 326 2322 ante
344 2264 547 2342 pertriduum,
570 2262 706 2323 instillata
722 2281 811 2341 aqua,
835 2264 949 2340 teritur,
973 2270 1001 2321 et
1019 2279 1080 2320 cum

95 2350 221 2406 sextario
230 2348 291 2420 ejus
299 2348 468 2425 incoquitur,
484 2347 578 2406 donec
591 2349 681 2405 omnis
693 2347 792 2406 humor
804 2357 995 2407 consumatur.
1017 2345 1081 2406 Pot-

95 2439 140 2489 est
152 2449 223 2490 vero
237 2449 271 2489 ea
285 2433 455 2508 compositio
469 2434 553 2490 etiam
565 2430 600 2490 ad
612 2431 768 2508 parotidas,
782 2431 924 2509 phymata,
937 2440 1080 2509 strumam,

95 2532 264 2591 omnemque
281 2517 384 2573 coitum
402 2514 526 2573 humoris
542 2513 743 2573 emolliendum
761 2514 838 2592 (Gal.
851 2515 885 2576 S.
898 2513 933 2575 L.
946 2513 997 2588 Vl,
1016 2512 1080 2594 14).

157 2596 206 2658 32.
240 2597 285 2655 Ad
311 2597 465 2672 articulos,
496 2598 542 2656 lici
562 2614 678 2674 quoque
699 2597 795 2657 aridae
820 2608 928 2678 partem
947 2605 1071 2674 nepetae

58 2696 84 2736 ac
95 2683 224 2748 mixtam;
241 2680 288 2739 vel
303 2699 386 2739 uvam
401 2682 542 2739 taminiam
554 2683 616 2739 sine
630 2681 783 2739 seminibus
796 2700 858 2741 oum
870 2681 989 2760 pulegio
1001 2689 1081 2738 recte

94 2765 197 2842 aliquis
211 2766 338 2841 imponit.

156 2849 207 2908 33.
239 2848 346 2906 Eadem
372 2847 520 2924 podagrae
542 2847 689 2925 praesidio
712 2855 785 2905 sunt.
830 2845 888 2904 Sed
910 2844 945 2903 ad
969 2862 1030 2902 eam
1052 2843 1082 2902 lit

93 2931 239 2990 Aristonis
260 2948 391 3008 quoque,
424 2929 501 3006 quod
524 2929 611 2988 habet
630 2929 725 3006 nardi,
760 2929 944 3000 cinnamomi,
976 2926 1081 3002 casiae,

95 3014 337 3088 chamaeleontis,
354 3014 433 3088 junci
454 3014 585 3088 rotundi,
609 3012 785 3088 singulorum
809 3030 837 3089 p.
852 3010 908 3090 )·(.
924 3023 998 3069 v111.
1020 3010 1082 3068 sevi

57 3117 85 3156 so
96 3098 205 3174 caprini
227 3116 264 3156 ex
285 3099 357 3157 irino
378 3096 477 3174 liquati
500 3115 528 3173 p.
543 3095 598 3173 )·(.
615 3109 672 3154 xx.
697 3093 827 3170 iridis-p.
843 3093 899 3172 )·(.
915 3107 937 3152 1.
961 3095 1082 3169 quaein

95 3190 180 3240 aceto
196 3198 279 3259 quam
295 3182 435 3240 acerrimo
446 3182 549 3256 jacere
565 3198 618 3257 per
631 3192 689 3237 xx.
706 3177 768 3237 dies
784 3176 879 3236 debet.
899 3176 977 3236 Idem
990 3185 1082 3235 autem

98 3263 181 3324 etlam
198 3267 326 3323 recentia
344 3264 477 3342 phymata
493 3264 669 3341 doloresque
685 3279 784 3321 omnes
799 3259 923 3320 discutit.

158 3347 207 3408 34.
240 3347 278 3407 m
299 3347 473 3407 Theoxenus
496 3348 531 3407 ad
551 3346 654 3426 pedum
677 3345 813 3421 dolores,
841 3345 903 3403 sevi
928 3362 944 3404 a
966 3344 1083 3403 renibus
