2414 3924
152 191 215 253 320
446 206 479 250 u.
495 203 526 250 o.
544 201 642 249 cnosi
657 201 851 250 nannenten

153 357 268 438 paulum
284 375 371 437 supra
386 365 438 433 est,
455 373 538 435 qnam
553 355 602 415 ubi
616 373 679 415 cum
694 372 749 415 auo
766 357 962 416 committitur:
974 356 1149 434 imponenda

153 443 276 521 spongia
293 459 331 500 ex
347 458 420 518 aqua
436 438 528 498 calida
546 447 608 514 est,
623 439 717 497 donec
733 439 762 498 id
777 439 880 499 liveat:
905 438 1010 498 deiude
1033 447 1082 498 aut
1098 458 1148 499 uu·

153 542 223 601 gue,
241 532 289 582 aut
304 523 448 600 scalpello
463 541 549 601 supra
565 522 669 580 nodum
683 521 712 580 id
730 522 954 582 exulcerandum
969 531 1023 582 est.
1061 523 1148 598 Quod

152 610 206 666 uisi
223 608 328 666 iactum
344 616 404 680 est,
421 608 516 683 magni
531 604 650 665 dolores
665 604 892 684 subsequuntur;
909 607 1050 666 interdum
1062 607 1148 666 etiam

153 693 252 749 urinae
278 690 442 749 dillioultas.
473 691 503 747 Si
525 689 552 747 id
572 690 663 763 majus
685 698 746 764 est,
766 699 796 748 et
818 689 895 749 basis
911 689 1013 765 latior,
1031 689 1175 749 hamulos

153 791 210 833 uno
226 782 273 833 aut
285 773 378 832 altero
394 772 594 851 excipiendum
610 781 671 848 est,
696 772 868 851 paulumque
892 791 977 850 supra
997 773 1088 833 basim
1105 775 1148 832 iu·

154 857 321 917 uidendum:
337 873 431 933 neque
447 854 664 932 relinquendum
677 855 829 933 quidquam
841 875 879 915 ex
892 874 928 915 eo
941 856 1075 935 capitulo,
1094 874 1145 914 ue·

153 958 209 1019 que
232 940 383 1017 quidquam
405 957 442 997 ex
462 956 517 998 ano
535 939 703 998 demendum
726 948 784 1006 est;
807 938 885 1017 quod
907 943 1095 1019 consequitur
1109 941 1146 1015 is,

154 1025 202 1101 qui
218 1040 311 1102 neque
328 1024 459 1097 nimium,
477 1040 571 1100 neque
586 1040 685 1099 parum
702 1021 802 1081 hamos
824 1022 910 1082 ducit.
940 1021 1003 1096 Qua
1024 1024 1145 1082 incisum

153 1115 213 1181 est,
229 1124 298 1165 acus
314 1104 401 1164 debet
416 1106 536 1180 immitti,
555 1106 685 1182 infraque
702 1122 764 1164 eam
788 1105 848 1165 lino
868 1106 897 1165 id
911 1106 1065 1184 capitulum
1081 1106 1144 1166 alli·
1158 1121 1182 1159 to

152 1191 224 1265 gari.
254 1190 284 1247 Si
302 1189 358 1247 duo
379 1190 471 1247 triave
492 1197 571 1263 sunt,
590 1192 671 1247 imum
693 1187 826 1267 quodque
847 1191 966 1267 primum
990 1190 1146 1249 curandum

153 1281 215 1331 est:
246 1272 271 1329 si
288 1272 385 1350 plura,
403 1289 458 1330 uon
477 1272 568 1330 omnia
585 1271 684 1340 simul;
706 1291 742 1330 ue
753 1280 886 1348 tempore
903 1274 1007 1333 eodem
1018 1272 1145 1351 undique

153 1364 272 1413 tenerae
299 1356 450 1414 cicatrices
471 1357 536 1414 sint.
568 1356 598 1413 Si
617 1355 733 1431 sanguis
750 1355 876 1434 profluit,
893 1357 1084 1434 excipiendus
1100 1366 1146 1416 est

153 1439 292 1519 spongia:
315 1437 418 1499 deiude
436 1437 615 1497 linamentum
635 1438 852 1516 imponendum,
873 1440 1006 1517 ungenda
1028 1439 1145 1516 femina,

154 1532 184 1582 et
199 1524 330 1600 inguina,
357 1533 385 1582 et
406 1521 540 1601 quidquid
557 1522 640 1596 juxta
656 1522 738 1580 ulcus
752 1532 812 1598 est,
835 1534 1019 1601 ceratumque
1040 1540 1179 1600 super-1⁵

153 1606 292 1684 dandum,
314 1616 343 1665 et
365 1607 455 1666 farina
478 1604 641 1664 hordeacea
664 1604 755 1664 calida
772 1606 933 1684 implendus
946 1609 970 1665 is
989 1606 1089 1680 locus,
1113 1616 1143 1666 et

153 1692 195 1750 sic
215 1689 385 1768 deligandus
409 1698 463 1748 est.
496 1687 617 1747 Postero
642 1687 688 1747 die
708 1691 733 1748 is
753 1689 887 1749 desidere
908 1692 936 1748 iu
954 1707 1028 1768 aqua
1050 1690 1144 1749 calida

153 1773 256 1850 debet,
273 1773 432 1850 eodemque
450 1772 654 1850 cataplasmate
669 1771 772 1831 foveri.
810 1772 856 1832 Ac
872 1773 916 1833 bis
931 1773 995 1848 die,
1022 1782 1052 1832 et
1076 1783 1142 1833 aute

153 1859 344 1932 curationem,
368 1866 397 1915 et
419 1864 486 1933 post
506 1873 583 1928 eam,
602 1855 778 1914 coxendices
799 1874 834 1916 ac
849 1856 954 1916 lemiua
968 1856 1076 1933 liquido
1094 1875 1142 1917 ce·

152 1948 216 1999 rato
232 1940 418 2019 perungenda
434 1948 513 2006 sunt;
529 1938 686 2015 tepidoque
703 1940 727 1996 is
741 1938 807 1999 loco
824 1940 1021 1999 continendus.
1050 1939 1142 1999 luter·
1153 1954 1178 1993 20

155 2025 255 2101 positis
272 2026 396 2100 quinque
412 2032 458 2081 aut
474 2040 527 2080 sex
541 2022 651 2098 diebus,
670 2022 824 2081 oriculario
846 2024 970 2102 specillo
989 2024 1142 2083 linamenta

153 2105 317 2174 eduoeuda;
345 2106 369 2163 si
386 2105 510 2184 capitula
526 2105 608 2164 simul
631 2123 687 2175 uon
703 2105 889 2184 exciderunt,
917 2107 1007 2183 digito
1026 2124 1142 2184 promo·

154 2189 258 2248 venda:
274 2199 331 2248 tum
344 2189 457 2248 leuibus
472 2188 693 2264 medicamentis,
711 2187 886 2266 iisdemque,
909 2208 983 2267 quae
1000 2190 1069 2248 alibi
1089 2209 1142 2270 po·

153 2273 197 2331 sni
214 2273 256 2351 (V
258 2295 264 2339 ;
282 2273 417 2350 passim),
432 2272 530 2329 ulcera
548 2272 582 2330 ad
599 2274 747 2331 sanitatem
764 2274 958 2350 perducenda.
987 2271 1081 2333 Finito
1098 2277 1142 2332 vi·

152 2355 209 2430 tio,
230 2353 463 2433 quemadmodum
481 2354 621 2429 agendum
637 2364 733 2430 esset,
743 2357 803 2430 janu
820 2356 889 2417 alias
906 2358 1038 2436 exposui.
1151 2384 1177 2422 25

468 2589 647 2650 CAPUT
679 2591 835 2650 XXXI.

554 2703 590 2750 De
606 2702 738 2752 varicibus.

213 2848 259 2909 Ab
269 2849 313 2908 his
325 2849 361 2910 ad
375 2869 458 2910 crura
469 2855 615 2930 proximus
629 2855 763 2913 transitus
777 2863 835 2921 est:
848 2852 986 2931 inquibus
999 2853 1054 2912 orti
1064 2855 1139 2914 vari·

151 2953 201 2994 ces
213 2952 271 2993 non
283 2933 391 2993 diiiioili
406 2938 517 2995 ratione
529 2936 676 2996 tolluntur.
695 2936 759 2997 lluo
771 2948 865 2997 autem
892 2945 922 2996 et
944 2955 1041 2996 earum
1056 2953 1142 2996 vena-

150 3035 222 3091 rum,
242 3019 355 3095 quaein
371 3019 466 3094 capite
481 3029 600 3082 nocent:
620 3028 649 3079 et
667 3037 766 3079 eorum
779 3023 920 3094 varicum,
936 3023 982 3098 qui
994 3021 1021 3078 iu
1036 3028 1140 3078 ventre
1149 3033 1175 3072 ao

151 3101 382 3179 (oap.17)suut,
398 3104 572 3162 curationem
586 3102 696 3164 distuli:
710 3106 841 3182 quoniam
854 3104 961 3182 ubique
973 3103 1071 3162 eadem
1084 3112 1139 3161 est.

150 3181 242 3258 lgitur
260 3201 334 3243 vena
351 3187 452 3259 omnis,
474 3205 548 3264 quae
568 3188 653 3246 noxia
675 3197 732 3264 est,
756 3198 804 3248 aut
819 3188 919 3247 adusta
933 3187 1070 3258 tabescit,
1089 3196 1138 3245 aut

150 3281 232 3325 manu
250 3267 390 3327 eximitur.
422 3270 451 3327 Si
467 3279 563 3337 recta:
580 3273 615 3346 si,
632 3273 759 3348 quamvis
774 3281 947 3348 transversa,
963 3279 1056 3330 tameo
1072 3272 1137 3328 sim·

151 3349 236 3425 pulex:
254 3352 278 3407 si
293 3351 404 3411 modica
424 3362 479 3428 est,
495 3354 596 3413 melius
613 3355 749 3415 aduritur.
783 3357 812 3414 Si
829 3374 917 3415 curra
933 3364 991 3431 est,
1008 3364 1038 3414 et
1060 3355 1138 3413 uelut

148 3428 177 3488 iu
194 3432 281 3492 orbes
297 3434 435 3512 quosdam
452 3436 621 3515 implicatur,
634 3438 790 3517 pluresque
803 3442 878 3498 iuter
893 3457 926 3498 se
941 3438 1136 3513 involvuntur,
1146 3459 1171 3501 at
