2414 3924
539 203 734 269 ..8-

134 349 242 411 tundes
273 367 364 428 supra
390 348 484 411 dictas
511 351 627 429 species
655 357 685 410 et
713 367 833 430 cernes,
860 357 890 408 et
917 350 1013 427 primo
1040 348 1150 410 calcem

135 456 204 499 cum
232 456 307 516 aqua
335 441 516 516 competenti
544 456 654 517 coques
682 439 713 498 in
741 456 817 497 novo
853 437 962 498 cacabo
989 446 1084 498 testeo
1118 446 1151 498 ut

135 545 195 587 non
222 526 328 587 durius
359 525 411 586 sed
445 525 591 605 liquidum
618 526 766 605 videatur,
799 535 828 586 et
860 527 903 586 sic
935 544 1026 605 supra
1058 526 1151 586 dictas

135 617 250 694 species
277 632 523 696 superasperges,
551 623 582 674 et
608 614 713 675 leviter
741 632 852 692 coques
884 623 915 674 et
945 632 1043 694 penna
1071 614 1150 694 galli-

43 721 67 760 a·
82 713 122 756 ru
136 722 227 764 nacea
243 701 384 783 probabis
403 720 479 781 quae
497 721 558 763 non
577 704 668 764 luerit
687 702 751 762 oleo
773 695 776 785 l
797 701 916 782 polluta.
953 711 1025 763 tunc
1048 701 1150 782 paulu·

135 791 197 852 lum
220 798 375 870 tepescere
399 794 479 852 sines
502 799 533 852 et
556 792 599 852 sic
618 800 708 870 caput
726 799 830 852 contra
849 791 1052 870 capillaturam
1075 791 1149 851 lines

135 882 251 941 cautius
280 897 318 939 ne
346 879 448 940 oculos
479 882 643 960 contingat,
672 887 702 940 et
734 898 802 940 cum
834 879 1019 940 sufficienter
1051 888 1151 940 cutem

135 970 300 1046 constringi
327 970 478 1029 senserint
504 970 536 1028 in
564 986 704 1046 vaporem
736 970 850 1041 mittes,
885 977 915 1028 et
943 986 1011 1029 cum
1045 969 1150 1029 sudare

26 1123 29 1132 ,
136 1058 303 1136 coeperint,
331 1054 425 1116 oculis
453 1056 562 1117 clausis
590 1056 636 1116 vel
663 1074 754 1136 supra
781 1055 903 1117 linteolo
930 1056 1027 1134 ligatis
1054 1065 1150 1117 totum

95 1158 121 1198 10
136 1153 226 1225 caput
248 1142 433 1205 catafricabis
457 1152 487 1205 et
510 1144 624 1205 adiecta
653 1162 729 1223 aqua
752 1144 844 1205 calida
866 1143 990 1226 lavabis,
1013 1154 1043 1205 et
1070 1153 1151 1224 post-

136 1251 224 1312 quam
247 1232 367 1313 laveris,
390 1250 511 1312 asperso
534 1232 675 1294 cantabro
700 1232 836 1293 manibus
856 1233 1007 1294 moderate
1030 1232 1151 1293 iricabis

136 1329 166 1382 et
184 1324 293 1381 iterum
311 1320 429 1381 lavabis.
462 1329 535 1382 tunc
554 1321 619 1381 oleo
637 1339 809 1401 perungues
832 1330 864 1382 et
885 1324 917 1382 in
936 1321 1008 1382 solio
1027 1321 1151 1382 descen-

136 1410 207 1470 dere
232 1409 362 1471 dimittes
386 1418 417 1470 et
445 1417 514 1489 post
536 1428 630 1472 unum
653 1409 732 1470 diem
754 1412 786 1470 in
805 1409 867 1470 sole
891 1418 986 1471 totum
1006 1419 1096 1490 caput
1114 1409 1152 1469 ad

136 1497 271 1578 scapulas
294 1517 349 1578 per
365 1499 431 1559 dies
452 1517 578 1559 numero
597 1500 729 1577 quinque
748 1498 876 1577 dropace
894 1499 1026 1560 induces.
1065 1501 1152 1560 cuius

96 1599 122 1639 1⁵
137 1587 273 1666 dropacis
301 1588 448 1647 conlectio
471 1587 538 1648 talis
566 1595 620 1648 est.
666 1605 768 1667 cerae,
795 1589 871 1665 picis
899 1589 1007 1667 siccae,
1034 1590 1153 1647 resinae

136 1677 278 1756 pituinae‚
295 1676 367 1735 nitri
385 1674 476 1735 libras
496 1675 636 1756 singulas,
659 1677 776 1736 resinae
795 1676 888 1736 frixae
905 1686 941 1736 ÷
959 1674 1006 1757 vl,
1028 1679 1152 1757 pyrami,

136 1762 290 1824 bituminis
318 1763 441 1844 iudaici,
475 1762 628 1842 sulphuris
659 1765 730 1843 vivi,
762 1762 886 1824 ellebori
918 1763 989 1845 albi,
1021 1764 1153 1845 adarces,

136 1852 327 1933 stafisagriae,
346 1853 479 1912 omnium
502 1855 670 1931 specierum
691 1850 729 1911 Vl
747 1854 851 1913 uncias
874 1851 967 1933 binas,
989 1854 1102 1931 piperis
1123 1861 1154 1913 et

136 1941 195 2002 olei
213 1942 338 2021 sicyonii
356 1942 460 2002 uncias
479 1949 647 2020 quaternas.
678 1943 809 2020 peractis
823 1959 893 2002 vero
913 1940 1050 2020 dropacis
1067 1944 1152 2018 quin-

96 2042 123 2082 20
137 2048 194 2109 que
223 2029 329 2090 diebus
356 2031 387 2090 in
414 2029 530 2090 lavacro
559 2037 755 2110 sympasmate
783 2031 877 2090 uteris
906 2030 985 2107 quod
1013 2030 1154 2090 conficies

191 2183 379 2250 'ltundesp
453 2181 553 2248 3dult
568 2222 574 2235 .
590 2224 596 2237 .
612 2223 619 2235 .
633 2180 731 2251 liquid'
741 2199 772 2250 9.
845 2181 999 2251 4espercis
1010 2199 1040 2250 p,
1059 2199 1153 2251 asper·

137 2252 181 2322 gis
200 2269 221 2308 c.
294 2252 396 2307 leniter
414 2269 436 2306 c.
510 2251 606 2320 coquis
626 2269 647 2308 c.
736 2254 790 2307 bt.
811 2250 878 2307 sinis
895 2270 940 2322 99,
959 2252 1111 2322 tepefecies
1130 2269 1153 2308 c.

137 2322 202 2377 linis
229 2339 289 2393 ppc.
382 2322 552 2393 'icontigat
575 2328 640 2378 autc
662 2339 732 2380 corr.
749 2341 775 2394 9.
867 2327 960 2378 cutem
983 2323 1153 2378 sufficienter

137 2393 277 2463 stringis.
297 2410 319 2448 c.
392 2398 532 2462 8vepore
550 2395 572 2448 c.
647 2393 801 2464 tecperint
818 2412 848 2465 9:
868 2394 975 2463 ceperit
989 2411 1034 2462 pc.
1108 2394 1153 2449 vel

136 2465 255 2518 linteolo
273 2479 358 2532 supra
373 2476 402 2531 p.
477 2470 511 2518 10
530 2462 708 2519 catafricabis
722 2466 751 2533 (i)
765 2481 809 2535 aa:
829 2464 1047 2534 cataplasmabis
1066 2467 1153 2533 (cats-

137 2535 234 2604 pl'ab’)
248 2551 277 2603 p.
369 2534 507 2590 levaveris
521 2551 552 2604 p.
644 2541 676 2588 11
697 2535 844 2590 cantabro:
863 2542 894 2607 9⁰
911 2552 1048 2605 suprascr.
1069 2536 1152 2591 chiis.

136 2605 254 2675 frigebis
268 2621 299 2673 p.
391 2611 424 2659 12
443 2622 583 2675 perunges
596 2623 632 2674 p,
658 2606 737 2676 -gis
756 2623 777 2661 c.
874 2605 905 2661 in
928 2606 998 2661 solio
1017 2606 1152 2676 (solium):

137 2677 207 2731 solio
226 2677 323 2744 (supra
340 2691 391 2730 cer.
411 2682 441 2746 9ο
459 2676 562 2732 balneis
579 2675 696 2744 sudoris)
709 2693 761 2747 pcp
780 2678 841 2745 (ou.
855 2677 905 2746 in).
980 2684 1013 2732 13
1032 2677 1154 2732 dimittis

136 2764 188 2818 ape
207 2745 338 2815 (dimittis
356 2746 523 2802 descendere
542 2750 576 2816 c).
649 2749 713 2816 post
732 2764 759 2802 c:
778 2764 829 2816 per
846 2765 891 2818 99.
963 2747 999 2801 od
1017 2765 1047 2818 9:
1067 2765 1154 2817 usque

137 2818 173 2872 ad
187 2834 233 2886 pc.
328 2823 360 2871 14
378 2834 493 2872 numero
511 2835 556 2888 pc:
575 2834 625 2872 om.
641 2834 671 2885 p.
766 2818 911 2887 tropaeam
932 2835 954 2873 c.
1044 2812 1154 2874 idducis

136 2905 196 2959 ppe.
271 2894 303 2942 15
322 2887 452 2957 dropacis
470 2904 519 2944 oua.
540 2905 561 2943 c.
634 2889 679 2942 est
695 2887 761 2943 talis
780 2906 802 2944 c.
876 2895 909 2943 16
929 2888 1038 2958 pituine
1057 2919 1091 2928 -
1111 2907 1154 2944 re-

138 2958 196 3014 sine
216 2975 267 3013 cur.
287 2975 309 3013 c.
346 2960 447 3014 abdiae
464 2960 522 3012 ua'sr'
539 2960 626 3027 plane
648 2975 698 3014 uas
715 2960 806 3027 deficit
824 2960 881 3015 cod.
900 2977 931 3030 9,
950 2977 1020 3028 quae
1038 2962 1154 3029 exempli

138 3045 224 3084 causa
246 3029 384 3098 adamabat
410 3030 480 3084 uitia
508 3030 631 3084 codicum
653 3047 701 3099 cp,
722 3036 755 3084 ut
776 3037 842 3085 suut
864 3031 1080 3086 innumerabilia
1106 3048 1154 3085 ue·

137 3101 218 3171 picci.
307 3105 338 3154 17
359 3101 473 3156 adarces
490 3117 543 3171 991
561 3101 658 3171 (ursini
675 3101 799 3157 testiculi
816 3117 904 3169 supra
921 3117 973 3156 scr.
992 3104 1041 3172 9⁰).
1120 3108 1153 3156 18

138 3171 264 3226 omnium
283 3202 317 3211 -
335 3170 433 3227 uncias
451 3188 500 3226 our.
517 3190 554 3240 p,
572 3173 622 3242 qui
639 3174 718 3229 babet
736 3171 813 3242 agria
832 3177 868 3226 ari
886 3175 913 3238 ἢ
931 3171 991 3243 <VI
1009 3173 1073 3226 add.
1088 3172 1153 3244 1⁰⁰>-

137 3242 177 3297 VI
196 3260 221 3297 c:
245 3245 354 3312 septem
377 3261 403 3314 9.
496 3250 528 3297 19
548 3243 668 3298 sicionii:
697 3260 732 3297 ex
754 3242 908 3297 cucumeris
936 3242 1094 3313 agrestibus
1122 3245 1155 3297 fit

138 3315 275 3382 suprascr.
294 3322 332 3386 9⁰.
442 3321 476 3368 20
495 3321 507 3368 ῑ
525 3314 638 3369 lavacro
653 3330 704 3382 pc:
729 3312 873 3368 bilevacro
892 3315 952 3383 (etc)
971 3331 996 3384 9.
1088 3314 1153 3368 sim-

137 3400 236 3452 pesma
253 3385 545 3510 ἥξω-1911111199.
618 3384 728 3452 quodp
749 3385 816 3451 (c?):
840 3399 925 3453 quam
942 3402 967 3454 9.
1041 3385 1154 3440 conficis

30 3494 33 3499 -
138 3471 184 3526 9ο,
201 3472 263 3510 -cr
294 3473 353 3525 rp.
