2414 3924
421 223 489 270 nra.
506 223 553 269 vr.
577 221 653 269 cnr.
670 222 773 271 1—1v.
1037 209 1097 272 223

104 380 261 456 corrumpi,
285 396 367 455 quam
385 378 429 451 id,
457 375 534 454 quod
548 386 651 452 nocet,
667 378 695 435 in
714 376 798 436 aliam
814 385 923 453 partem
941 377 1093 453 magisne

104 464 260 522 cessariam
283 463 365 521 verti.
404 459 588 521 Commodius
606 470 650 520 εει
666 477 738 538 ergo
755 459 875 520 subinde
892 459 1039 538 pectendo
1054 479 1099 520 re·

103 564 245 624 purgare,
263 564 347 623 quam
362 546 389 605 id
406 563 443 604 ex
459 554 520 604 toto
537 544 703 623 prohibere.
725 545 757 603 Si
772 553 865 604 tamen
879 561 913 603 ea
925 561 974 603 res
986 543 1100 603 nimium

103 629 239 705 offendit,
266 628 343 707 quod
366 629 486 689 humore
503 637 646 706 sequente
660 629 723 687 deri
738 636 850 706 potest,
871 628 1022 705 magisque
1036 628 1060 686 si
1075 629 1100 686 is

78 715 188 780 setiam
209 713 277 772 mali
301 714 400 773 odoris
423 722 485 788 est,
508 721 594 790 caput
616 730 706 790 saepe
721 712 878 772 radendum
896 721 955 779 est;
988 711 1054 770 dein
1071 710 1099 771 id

102 796 385 875 superadjuvandum
406 796 549 874 aliquibus
569 815 607 856 ex
627 796 731 856 leniter
751 795 990 874 reprimentibus;
1013 795 1100 874 quale

103 882 266 941 estnitrum
282 900 345 940 cum
360 890 462 955 aceto,
477 881 525 939 vel
544 880 676 940 ladanum
693 898 756 940 cum
771 890 884 940 murteo
901 888 930 939 et
947 882 1032 955 vino,
1049 877 1100 939 uel

102 965 318 1039 myrobalanum
344 983 406 1024 cum
427 967 504 1024 vino.
543 966 574 1024 Si
590 981 689 1043 parum
705 983 759 1043 per
774 964 847 1024 baec
863 964 1028 1043 proficitur,
1050 980 1100 1022 ve·

101 1048 328 1108 dementioribus
356 1050 397 1108 uti
425 1049 510 1117 licet;
546 1067 609 1108 oum
635 1064 690 1125 eo,
720 1058 750 1108 ut
778 1049 919 1123 sciamus,
946 1049 1044 1125 utique
1071 1047 1100 1105 in

448 1369 629 1431 CAPUT
667 1372 746 1429 III.

522 1485 559 1534 De
578 1485 675 1550 Spoosi.

804 1534 816 1563 Ι

163 1636 216 1696 Εει
233 1639 318 1696 etiam
333 1637 433 1713 ulcus,
451 1637 556 1715 quoda
570 1639 616 1698 fici
630 1637 813 1698 similitudine
827 1629 971 1705 σύκωσις
983 1655 999 1696 a
1012 1635 1099 1696 Grae-

105 1724 147 1780 cis
163 1722 332 1780 nominatur,
371 1718 447 1780 Caro
470 1723 632 1780 excrescit:
657 1731 686 1781 et
708 1722 736 1781 id
760 1721 873 1800 quidem
889 1719 1029 1797 generale
1046 1729 1100 1779 est.

68 1822 91 1861 ιε
103 1805 163 1862 Sub
180 1821 216 1863 eo
231 1823 303 1864 vero
320 1804 393 1863 duae
410 1805 529 1881 species
547 1815 621 1864 sunt.
645 1805 776 1865 Alterum
795 1805 876 1863 ulcus
894 1805 993 1862 durum
1009 1811 1039 1862 ει
1054 1820 1100 1862 ro·

102 1887 216 1946 tundum
230 1897 291 1947 est:
308 1888 428 1948 alterum
440 1889 582 1948 humidum
596 1899 625 1949 et
638 1889 801 1967 inaequale.
824 1887 869 1947 Ex
881 1888 952 1946 duro
966 1887 1100 1964 exiguum

101 1971 232 2048 quiddam
248 1981 276 2030 et
291 1972 464 2050 glutinosum
479 1975 552 2032 exit:
577 1993 614 2033 ex
631 1973 745 2032 humido
764 1973 843 2051 plus,
862 1980 891 2030 et
906 1971 973 2030 mali
990 1970 1099 2030 odoris.

100 2055 144 2115 Fit
165 2065 317 2134 utrumque
333 2057 359 2114 in
375 2057 409 2114 iis
428 2056 574 2134 partibus,
598 2076 672 2135 quae
692 2057 758 2135 pilis
776 2064 983 2131 contegunturz
1006 2053 1058 2114 sed
1073 2054 1101 2113 id

101 2140 230 2218 quidem,
254 2140 331 2217 quod
353 2140 491 2200 callosum
514 2151 542 2201 et
564 2142 716 2200 rotundum
731 2151 791 2216 est,
813 2142 936 2199 maxime
952 2140 980 2198 in
995 2137 1099 2205 barba:

65 2224 128 2282 aoid
144 2241 230 2300 vero,
249 2224 326 2301 quod
342 2224 500 2301 humidum,
518 2228 676 2304 praecipue
693 2227 721 2284 in
736 2225 853 2302 capillo.
883 2224 979 2301 Super
994 2231 1100 2282 utrum·

101 2326 157 2385 que
180 2317 297 2387 oportet
317 2309 467 2386 imponere
492 2309 661 2385 elaterium,
688 2319 736 2368 aut
754 2309 803 2367 lini
826 2326 926 2367 semen
949 2307 1102 2366 contritum
1133 2307 1135 2310 ⁴

102 2400 130 2449 et
151 2410 224 2470 aqua
250 2401 399 2468 coactum,
424 2404 472 2452 aut
491 2394 573 2453 licum
596 2395 623 2452 in
645 2412 719 2472 aqua
737 2393 906 2466 decoctam,
931 2401 978 2451 aut
993 2390 1101 2470 empla-

102 2484 189 2534 strum
211 2475 469 2554 tetrapharmacum
495 2496 532 2536 ex
555 2489 640 2537 aceto
664 2479 823 2537 subactum.
868 2476 959 2536 Terra
982 2493 1101 2554 quoque

102 2561 207 2619 eretria
223 2578 260 2619 ex
278 2570 362 2620 aceto
380 2561 488 2639 liquata
503 2571 585 2621 recte
601 2562 728 2621 illinitur.

459 2797 643 2858 CAPUT
679 2799 744 2859 IV.

529 2913 566 2962 De
584 2913 666 2962 dreis.

161 3064 301 3126 Arearum
321 3083 437 3144 quoque
453 3065 509 3125 duo
525 3083 634 3142 genera
648 3073 722 3123 sunt.
746 3059 902 3120 Commune
916 3058 1029 3135 utrique
1045 3065 1110 3132 est,

101 3149 178 3226 quod
197 3159 327 3210 emortua
341 3167 450 3209 summa
466 3148 604 3226 pellicula
620 3148 671 3225 pili
688 3147 808 3224 primum
825 3150 1029 3215 extenuantur,
1053 3139 1102 3199 de·

100 3233 164 3292 inde
190 3235 341 3296 excidunt:
363 3253 413 3310 ac,
437 3235 461 3292 si
485 3235 558 3292 ictus
579 3234 603 3291 is
620 3232 703 3291 locus
721 3238 781 3304 est,
810 3227 927 3303 sanguis
943 3226 1002 3284 exit
1020 3224 1101 3301 liqui·

64 3336 89 3376 ao
100 3317 170 3391 dus,
187 3328 216 3378 et
231 3319 298 3378 mali
315 3319 432 3378 odoris:
452 3318 647 3395 increscitque
663 3325 812 3389 utrumque
829 3313 857 3370 in
873 3311 937 3370 aliis
953 3308 1102 3381 celeriter,

98 3401 126 3458 in
142 3401 207 3461 aliis
220 3403 310 3463 tarde.
335 3402 423 3478 Pejus
436 3411 494 3478 est,
512 3401 588 3480 quod
602 3400 718 3460 densam
732 3407 842 3471 cutem,
860 3405 889 3456 et
901 3394 1052 3471 subpingu*

102 3494 130 3543 et
147 3504 184 3544 ex
200 3497 260 3546 toto
278 3487 408 3563 glabram
422 3487 502 3546 fecit.
514 3521 557 3533 —-
573 3486 631 3545 Sed
642 3503 686 3562 ea,
704 3501 777 3563 quae
790 3470 960 3542 ἄλωπεκία
972 3484 1028 3536 non
