2414 3924
138 193 181 259 58
438 202 645 251 sesciacum
669 202 744 251 car.
761 202 812 250 111.

141 346 256 408 eaelum
273 351 304 406 et
322 344 352 403 in
369 349 453 404 ortus
467 341 542 403 caeli
556 350 641 412 eunt,
664 341 717 403 sed
734 340 837 402 mundi
852 339 1006 401 celeritate
1022 340 1116 401 victae

127 428 281 492 voccidere
301 428 437 488 videntur
458 444 524 487 cum
547 444 598 497 eo,
629 427 763 504 quemvis
784 442 908 486 cursum
935 441 1025 484 suum
1045 442 1116 503 por·

106 526 123 574 s
142 521 240 592 agant.
270 511 315 572 sol
330 513 490 573 maximam
508 510 590 572 sidus
610 510 741 571 aetheris
755 510 847 572 medii
862 508 954 570 limite
976 508 1115 588 ignescit,

141 597 265 676 singulis
281 595 386 657 diebus
407 603 437 657 et
451 594 588 656 noctibus
604 597 719 675 peragit
734 593 865 674 singulas
885 601 1001 674 partes,
1023 594 1117 673 signi·

141 682 239 744 lerum
265 680 401 760 pervadit
425 697 513 741 anno.
559 679 626 740 luna
654 678 691 740 de
717 678 780 741 sole
805 678 990 750 flammatur,
1023 679 1148 742 ambito

142 767 269 827 circuitu
295 764 467 827 brevissimo
493 772 604 825 terram
624 765 744 843 triginta
765 762 886 834 diebus,
917 762 992 824 adeo
1020 764 1115 826 vicina

141 851 244 912 vertici
257 856 355 911 terrae
369 850 538 927 iunctaque,
555 855 588 909 ut
602 850 632 909 in
644 847 781 911 umbram
798 849 861 910 eius
874 848 1010 909 incidere
1021 847 1118 910 soleat

77 949 80 952 ’
141 942 171 996 et
190 934 283 995 videri
305 933 441 994 deiicere.
488 933 591 994 eadem
614 950 683 994 cum
704 934 796 995 subiit
817 932 909 994 solem
935 940 965 993 et
984 931 1118 994 substitit

141 1017 246 1088 radiis,
275 1018 344 1079 lacit
366 1017 620 1087 obscurationem,
648 1036 724 1097 quae
744 1016 870 1079 delectio
890 1015 962 1077 solis
982 1016 1115 1086 videtur.

141 1104 261 1164 interim
276 1110 374 1164 tamen
391 1120 461 1163 cava
481 1100 672 1181 paucioribus
687 1120 775 1181 quarn
798 1103 916 1181 triginta
932 1100 1040 1162 diebus
1056 1103 1116 1162 cir·
1133 1113 1162 1162 10

108 1198 124 1246 3
143 1186 243 1248 culum
263 1204 349 1248 suum
372 1187 484 1247 transit.
523 1187 644 1252 Saturni
664 1185 748 1248 stella
764 1187 994 1265 permaximum
1016 1184 1115 1247 ambi·

141 1279 204 1332 turn
221 1271 330 1340 iertur,
351 1271 478 1352 ideoque
500 1272 622 1332 tricenis
636 1269 789 1333 mensibus
804 1270 929 1349 singulis
951 1271 1044 1349 signis
1066 1289 1117 1332 re·

141 1357 231 1426 sistit,
254 1373 309 1434 per
323 1356 443 1435 triginta
462 1372 556 1416 annos
575 1355 747 1434 signiferum
764 1356 937 1436 pertransit,
959 1356 1069 1433 frigida
1087 1361 1118 1417 et

142 1439 265 1510 sterilis,
286 1439 443 1501 infecunda
458 1440 563 1507 terris,
584 1439 773 1502 nascentibus
794 1458 853 1503 non
869 1438 1021 1511 salutaris,
1043 1439 1117 1502 iecit

141 1523 263 1586 adversa
279 1523 416 1586 diuturna
428 1542 489 1611 pec
504 1523 609 1585 subita.
646 1524 721 1586 loris
736 1524 819 1588 stella
835 1526 865 1585 in
880 1523 1005 1603 singulis
1020 1525 1116 1603 signis
1133 1535 1161 1585 1t

142 1626 219 1671 anno
235 1616 348 1679 manet,
370 1609 544 1687 signiferum
559 1609 714 1671 duodecim
736 1611 822 1671 annis
842 1609 952 1678 evadit,
974 1609 1115 1676 salutaris

108 1701 124 1751 4
145 1701 173 1755 et
188 1700 351 1773 temperata
367 1703 398 1754 et
411 1694 557 1756 universis
573 1693 712 1755 euntibus
727 1711 880 1775 prospera.
911 1694 1013 1755 Martis
1029 1692 1114 1755 stella

142 1796 202 1839 non
224 1778 329 1840 eodem
350 1779 444 1858 spatio
466 1779 558 1855 signis
578 1777 700 1857 singulis
720 1779 838 1849 haeret,
861 1778 913 1840 sed
934 1778 1113 1856 signiferum

142 1881 248 1925 novem
263 1863 327 1925 iere
343 1865 428 1924 annis
442 1869 635 1941 pervagatur,
652 1864 738 1942 ignea
753 1865 954 1942 intemperans
969 1873 999 1924 et
1013 1865 1045 1926 in
1061 1864 1114 1924 ad·

141 1951 235 2010 versis
258 1954 287 2008 et
301 1949 330 2008 in
347 1946 521 2034 mortalibus
536 1947 647 2017 subita,
671 1947 717 2008 vel
737 1948 805 2010 ierit
819 1948 982 2026 repentinis
997 1946 1113 2009 morbis
1130 1957 1159 2005 20

142 2033 187 2093 vel
209 2032 289 2093 lerro
311 2033 437 2110 perimit.
482 2031 585 2094 stellae
606 2033 735 2094 Mercuri
757 2041 786 2094 et
805 2033 928 2095 Veneris
949 2031 1043 2094 solem
1065 2051 1112 2095 se·

108 2124 273 2196 aquantur
295 2117 457 2197 eademque
484 2119 577 2196 spatia
599 2118 776 2179 custodiunt.
818 2119 947 2180 Mercuri
974 2117 1058 2178 stella
1080 2117 1114 2177 fit

142 2201 245 2263 similis
259 2200 301 2262 illi
317 2221 405 2282 quam
421 2203 514 2272 videt,
531 2200 653 2264 Veneris
668 2203 805 2282 genitalis
820 2215 850 2265 et
864 2202 981 2263 roscida
997 2211 1028 2262 et
1041 2219 1113 2282 pro-

141 2304 228 2366 spera
257 2294 286 2347 et
305 2286 449 2348 saluteris.
493 2286 562 2346 luna
584 2287 704 2364 globum
724 2306 809 2349 suom
837 2287 968 2349 creditur
987 2286 1111 2356 babere,

65 2376 77 2395 ²
141 2371 193 2432 sed
219 2372 319 2446 iguem
341 2372 361 2430 'a
383 2370 445 2432 sole
466 2372 625 2449 concipere
651 2380 680 2432 et
706 2381 846 2451 quantum
872 2372 1037 2451 percutitur
1063 2389 1112 2431 ar·
1129 2381 1158 2429 25

141 2455 272 2515 descere.
315 2462 456 2534 quantum
477 2457 567 2533 igitur
588 2475 603 2516 a
626 2455 688 2518 sole
711 2456 846 2528 discedit,
874 2463 1012 2535 augetur:
1043 2474 1112 2517 cum

140 2556 211 2599 vero
234 2544 335 2598 contra
352 2541 445 2609 stetit,
469 2546 529 2599 toto
545 2541 651 2602 feritur
666 2541 790 2603 adverso
812 2549 841 2603 et
855 2541 934 2603 velut
955 2539 1111 2619 speculum

140 2638 200 2682 non
220 2621 293 2690 vim,
321 2622 372 2683 sed
394 2624 553 2700 imaginem
575 2625 682 2686 reddit.
727 2626 784 2687 bac
804 2628 939 2688 universa
960 2627 1111 2704 gignentia

106 2715 121 2764 6
141 2714 294 2770 crescente
308 2706 488 2786 pubescunt,
511 2715 702 2773 tenuescente
717 2720 888 2773 tenuantur.
918 2727 1005 2770 umor
1021 2712 1110 2772 etiam

141 2801 170 2855 et
185 2793 306 2872 spiritus
322 2794 418 2853 omnis
434 2795 579 2872 augescit,
602 2797 738 2856 tumescit
753 2814 895 2866 oceanus,
918 2794 1026 2856 deinde
1043 2814 1111 2856 cnm
1128 2807 1156 2857 30

208 3016 234 3064 b.
253 3025 353 3064 annum
371 3015 437 3077 DV,
456 3030 525 3068 corr.
543 3014 666 3065 Cauchius
735 3019 760 3069 6.
779 3031 885 3067 nessae
904 3013 930 3076 (e
949 3018 974 3065 ia
991 3015 1058 3078 ras.)
1075 3016 1110 3077 D,

138 3084 230 3131 terrae
253 3083 280 3131 V
346 3084 388 3134 13.
406 3097 475 3132 enos
493 3080 574 3147 (corr.
593 3099 624 3133 m.
642 3082 709 3148 rec.)
732 3084 760 3133 V
825 3086 865 3135 14.
885 3096 1015 3134 sreaects
1034 3084 1059 3133 D

140 3149 180 3198 15.
200 3147 302 3199 brunus
319 3150 383 3212 DV,
401 3166 470 3201 corr.
489 3152 587 3201 Iolaus
644 3163 714 3202 tonis
733 3152 771 3213 D,
790 3167 859 3203 corr.
879 3153 897 3202 d
966 3153 1007 3206 1⁷.
1027 3167 1110 3203 even·

139 3215 215 3265 tibus
233 3218 298 3267 coni.
319 3217 441 3267 Cauchius
510 3220 551 3269 19.
570 3219 643 3270 ferre
666 3219 692 3269 V
757 3219 887 3273 missit
904 3219 1007 3283 Gauio,
1026 3233 1110 3285 penta

138 3282 195 3330 DV
261 3286 303 3338 21.
323 3299 427 3335 arenas
444 3287 511 3349 DV,
537 3288 606 3352 quod
619 3287 733 3350 forsitan
754 3289 890 3352 scripserit
906 3288 964 3351 ipse
985 3291 1110 3352 epitoma·

138 3356 181 3397 tor
250 3363 369 3403 mercosr
392 3354 429 3416 D,
453 3355 584 3405 mercurii
610 3356 638 3403 V
702 3370 846 3422 sequanus
868 3356 906 3418 Il,
929 3357 1043 3405 carad

139 3417 181 3464 22.
199 3420 327 3469 mercurii
348 3420 374 3470 V
441 3423 482 3471 24.
506 3421 571 3471 luni
588 3439 610 3472 m
639 3425 699 3473 Νη
721 3425 745 3472 V
763 3440 798 3475 eae
815 3422 882 3473 luna
952 3421 1062 3474 creditu
1084 3430 1111 3473 et

112 3491 113 3494 ’
141 3496 154 3504 ·
175 3483 189 3512 ⁹
206 3487 363 3538 m.ereditr'1
385 3488 413 3537 V
476 3491 518 3540 29.
536 3504 697 3555 pusescerrr
714 3492 739 3540 Ι)
