2416 3936
117 189 159 255 48
356 199 406 247 nn
428 198 489 247 nia
512 199 646 246 uanam
669 196 744 246 car.
761 199 849 247 xxu.

87 342 202 405 alacri.
246 340 374 400 maiores
397 357 515 418 quoque
538 339 631 398 nostri
652 337 731 398 idem
753 344 822 396 sunt
843 335 998 406 aemulati,
1028 355 1096 398 cum

121 443 232 489 annum
255 424 371 484 dierum
393 435 502 484 ccccv
529 422 683 483 haherent.
728 420 781 481 sed
802 420 890 482 Divus
914 419 1009 480 lulius
1030 439 1096 482 cum

121 509 235 570 videret
255 507 312 568 hac
333 507 449 566 ratione
469 525 567 586 neque
588 505 624 579 ad
645 506 746 567 lunam
762 522 895 574 menses,
924 511 956 565 ut
978 512 1098 584 oporte·

121 595 189 667 bat,
206 608 304 669 neque
319 608 413 651 annos
429 591 465 651 ad
482 590 574 651 solem
589 592 766 658 convenire,
783 587 887 650 maluit
902 606 1016 651 annum
1031 607 1097 650 cor-

123 681 237 754 rigere,
268 683 301 735 ut
321 677 364 737 sic
385 675 474 736 etiam
497 679 625 736 menses
637 673 736 736 civiles
757 691 826 733 oum
847 674 924 734 veris
945 671 1005 734 illis
1020 672 1097 735 sola·
1114 683 1127 733 5

122 761 221 832 ribus,
252 761 307 820 etsi
330 777 390 819 non
412 759 535 838 singuli,
566 767 665 820 tamen
686 757 816 821 universi
845 757 883 818 ad
910 759 981 818 anni
1008 758 1098 821 linem

123 845 292 907 necessario
308 852 534 905 concurrerent.

90 939 106 987 o
140 936 143 941 '
188 928 312 990 Nomina
340 928 443 989 decem
469 927 622 991 mensibus
649 926 779 1007 antiquis
801 923 962 988 Romulum
992 925 1099 988 iecisse

124 1012 245 1076 Fulvius
266 1019 295 1074 et
309 1011 412 1073 lunius
433 1021 570 1074 auctores
590 1020 668 1074 sunt.
701 1019 731 1074 et
752 1008 871 1090 quidem
887 1009 963 1072 duos
984 1011 1099 1091 primos

125 1117 141 1158 a
167 1094 339 1176 parentibus
368 1097 429 1157 suis
454 1099 639 1169 nominasse,
670 1099 809 1159 Martium
840 1113 855 1154 a
881 1093 976 1156 Marte
1002 1103 1098 1175 petre,
1116 1104 1140 1154 11

124 1179 255 1260 Aprilem
271 1180 308 1241 ab
323 1178 500 1260 Aphrodite,
527 1182 557 1242 id
573 1191 617 1244 est
632 1181 762 1252 Venere,
789 1178 869 1239 uude
883 1180 1016 1240 maiores
1038 1183 1100 1242 eius

125 1263 245 1325 oriundi
266 1263 451 1326 dicebantur.
497 1266 650 1345 proximos
670 1266 746 1327 duos
765 1260 925 1343 apopulo,
950 1262 1062 1325 Maium
1085 1284 1100 1325 a

124 1346 289 1410 maioribus
304 1356 388 1417 natu,
410 1348 528 1408 lunium
540 1369 561 1417 ,a
575 1349 751 1412 iunioribus.
797 1353 913 1408 eeteros
934 1345 972 1407 ab
995 1347 1100 1409 ordine

125 1448 184 1509 quo
205 1431 312 1512 singuli
333 1438 431 1503 erant,
459 1429 618 1501 Quintilem
640 1451 734 1512 usque
754 1430 951 1494 Decembrem
974 1432 1101 1510 perinde

76 1524 108 1574 10
125 1535 142 1577 a
157 1533 292 1578 numero.
323 1517 417 1577 Varro
433 1524 532 1578 aulem
549 1517 699 1580 Romanos
719 1537 735 1580 a
750 1516 862 1578 Latinis
877 1515 998 1577 uomina
1014 1534 1100 1579 man·
1117 1525 1141 1576 lt

126 1620 191 1663 sum
208 1602 358 1679 accepisse
370 1600 531 1664 arbitratus
546 1611 684 1672 auctores
696 1620 800 1680 eorum
812 1600 997 1678 antiquiores
1010 1618 1100 1679 quam

78 1693 108 1742 11
128 1685 232 1747 urbem
248 1687 338 1747 luisse
354 1687 425 1747 satis
446 1693 552 1766 argute
567 1687 662 1749 docet.
693 1689 793 1768 itaque
807 1683 946 1745 Martium
963 1701 1099 1748 mensem

127 1787 144 1831 a
159 1769 252 1831 Marte
268 1769 388 1850 quidem
403 1772 589 1849 nominatum
604 1771 714 1843 credit,
737 1788 797 1832 non
813 1769 882 1848 quia
896 1767 1019 1831 Romuli
1035 1770 1099 1832 luc·

127 1855 166 1915 rit
181 1862 281 1933 pater,
303 1855 354 1916 sed
371 1855 449 1934 quod
466 1872 539 1935 gens
553 1855 655 1918 Latina
670 1855 833 1918 bellicosa..
851 1851 984 1931 Aprilem
1001 1862 1099 1916 autam

125 1955 185 1999 non
210 1937 246 2000 ab
267 1939 445 2017 aphrodite,
475 1939 527 2001 sed
549 1939 587 2001 ab
608 1941 784 2020 aperiendo,
808 1936 887 2020 quod
910 1944 984 1999 tunc
1005 1937 1100 2001 lernae
1115 1944 1142 1996 11

127 2031 232 2083 cuneta
262 2025 421 2100 gignantur
456 2031 485 2085 et
514 2025 654 2087 nascendi
684 2025 811 2086 claustra
842 2021 954 2101 aperiat
984 2029 1100 2085 natura.

77 2112 108 2160 12
127 2105 235 2167 lllaium
256 2124 326 2168 vero
348 2126 445 2169 nona
467 2107 644 2182 maioribus,
675 2109 728 2171 sed
750 2129 767 2172 a
787 2109 862 2170 lllaia
882 2123 993 2167 nomen
1015 2125 1101 2168 aoce-

126 2192 220 2268 pisse,
251 2192 330 2270 quod
353 2210 388 2254 eo
408 2209 511 2253 mense
531 2200 591 2254 tam
611 2193 724 2255 Romae
745 2212 835 2275 quam
855 2198 941 2251 antea
962 2192 994 2251 in
1014 2191 1100 2254 Latio

126 2292 176 2335 res
196 2275 294 2336 divina
316 2277 408 2337 Maiae
429 2277 462 2336 fit
482 2283 511 2337 et
530 2277 687 2339 Mercurio.
733 2279 848 2340 lunium
871 2291 991 2354 quoque
1012 2293 1029 2336 a
1052 2276 1100 2338 lu·

126 2376 206 2420 none
227 2361 325 2437 potius
347 2378 433 2439 quam
454 2360 637 2432 iunioribus,
669 2362 747 2442 quod
769 2362 820 2423 illo
843 2377 947 2422 mense
968 2362 1100 2422 maxime
1115 2367 1140 2417 25

78 2448 109 2498 13
127 2441 234 2503 lunoni
249 2443 379 2505 honores
393 2443 549 2506 hahentur.
580 2444 751 2518 Quintilem,
767 2447 845 2529 quod
862 2444 928 2504 loco
942 2445 1003 2511 iam
1019 2445 1100 2524 apud

127 2525 246 2586 Latinos
266 2527 355 2588 luerit
375 2528 492 2608 quinto,
515 2526 750 2595 item'Sextilem
772 2551 806 2594 ac
826 2530 967 2607 deinceps
988 2528 1025 2589 ad
1041 2529 1098 2591 De·

127 2608 278 2671 cembrem
305 2629 322 2671 a
348 2613 480 2672 numeris
506 2613 678 2693 appellatos.
724 2624 857 2679 ceterum
878 2613 1048 2679 ianuarium
1072 2621 1100 2675 el

195 2901 219 2948 2.
244 2897 353 2949 haeeur
375 2900 434 2948 DV
498 2902 817 2966 3.naa10naquaeat
839 2906 897 2962 DV
961 2917 987 2965 4,
1011 2931 1098 2967 anuo,

126 2966 252 3026 Halmius,
272 2968 418 3027 anuoDV,
438 2983 539 3018 annum
556 2974 629 3033 culpo
698 2967 808 3037 meluit]
829 2981 909 3032 afflue,
921 2983 946 3031 p
1016 2987 1041 3036 5,
1060 2985 1098 3033 οἱ.

126 3032 395 3092 vilesLacdmaanus,
414 3037 537 3086 uecDV
603 3039 627 3086 7.
647 3052 829 3091 coucuaaeur
848 3049 872 3096 D
944 3052 985 3100 12.
1007 3058 1098 3116 apost

126 3101 294 3151 Maiumom.
318 3103 344 3151 V
411 3106 451 3154 13.
470 3118 582 3154 cereata
601 3104 658 3153 DV
708 3106 764 3155 ·16.
783 3123 983 3167 surrrecturus
1002 3119 1035 3176 D,
1056 3134 1097 3168 er·

127 3166 246 3217 bitratur
264 3170 323 3229 dV,
342 3185 411 3220 corr.
428 3171 525 3222 Iaduus
578 3186 701 3224 nerones
719 3174 753 3237 Ι),
778 3187 890 3234 autores
907 3186 926 3234 α
995 3187 1038 3238 Π,
1056 3201 1099 3234 ar.

128 3239 194 3298 gule
208 3235 309 3294 Carrio,
328 3251 412 3287 enarr
428 3240 461 3297 D,
481 3239 567 3289 arkiti
584 3241 609 3298 d,
629 3239 722 3304 arlryti
738 3245 765 3294 V
830 3252 873 3302 20.
893 3250 1026 3303 annom
1044 3254 1098 3302 DV

128 3315 219 3385 reone
232 3304 265 3364 D,
284 3303 343 3355 fere
360 3308 388 3357 V
395 3309 467 3371 culpo
536 3308 578 3358 25.
598 3313 769 3368 maximeeD
838 3320 881 3373 26,
902 3334 973 3370 noco
992 3332 1045 3370 ram
1065 3313 1099 3379 D,

128 3388 213 3437 loiem
236 3389 263 3437 V
328 3393 739 3458 2‘1.quintom.rec.a'nDin
756 3418 810 3453 rao.
884 3416 998 3454 sexrrca
1018 3404 1042 3453 D

127 3455 169 3504 28.
188 3469 277 3506 rumis
296 3473 475 3524 appensurus
494 3461 518 3510 l)
