2414 3924
128 223 190 286 268
423 237 457 284 n.
473 235 501 285 c.
518 236 617 284 censs
631 235 825 284 unosorrrsn

131 391 231 458 excisa
246 408 369 450 necesse
388 399 432 450 est
443 390 528 450 latins
540 391 669 451 foramen
683 389 841 467 relinquat:
858 387 935 465 qnod
950 386 1004 445 nisi
1019 405 1126 464 magna

129 476 174 550 vi,
190 476 288 552 utique
306 474 341 533 ab
357 474 494 534 interiore
514 483 612 551 parte,
628 473 672 533 sni
687 489 744 531 non
761 480 868 550 potest.
890 471 988 547 Ergo,
1007 470 1055 529 nbi
1072 471 1125 531 ali·

129 558 193 638 quis
204 557 367 634 ingrediac
381 558 491 616 moveri
507 558 624 635 coepit,
641 557 779 633 rumpitur
794 555 844 614 illa
857 564 968 630 sutura,
984 563 1070 633 atque
1083 557 1125 614 in-

129 643 232 704 testina
248 641 435 700 evolvuntur:
458 658 515 719 quo
538 641 583 716 lit,
606 649 635 699 nt
655 639 831 719 pereundum
852 638 958 698 bomini
982 639 1029 698 sit.
1064 639 1125 699 Sed

128 741 187 784 non
202 726 277 784 omni
288 725 374 784 modo
384 742 432 783 res
441 743 475 796 ea
487 725 720 802 desperationem
731 721 833 783 babet:
850 722 975 799 ideoque
985 722 1147 782 tenuiori-⁵

128 808 182 868 bus
197 807 299 868 fistulis
314 807 475 868 adhibenda
492 810 602 867 curatio
620 817 673 867 est.

191 894 221 951 4.
245 890 394 969 Propriam
410 894 562 951 etiamnum
577 891 855 951 animadversionem
876 888 1041 949 desiderant
1058 898 1125 965 eae',

129 993 202 1054 quae
217 976 246 1034 in
261 991 316 1034 ano
333 983 398 1034 sunt
414 975 461 1053 (P.
478 974 554 1051 Aeg.
571 974 621 1051 Vl,
638 973 704 1054 78).
732 974 764 1033 In
776 974 828 1033 bas
844 972 971 1033 demisso
986 973 1125 1050 specillo,

129 1059 164 1119 ad
178 1058 304 1118 ultimum
319 1059 382 1132 ejus
401 1068 488 1137 capnt
502 1058 588 1118 incidi
605 1060 677 1118 ontis
692 1057 795 1118 debet:
813 1058 879 1117 dein
891 1075 969 1116 novo
982 1057 1125 1116 foramine

13 1180 18 1188 ι
130 1141 280 1220 specillum
303 1141 385 1201 educi
408 1142 465 1202 lino
481 1151 637 1220 sequente,
658 1143 735 1222 quod
758 1144 785 1200 in
808 1142 892 1202 aliam
914 1143 978 1216 ejus
998 1149 1161 1218 partem,1o

129 1225 166 1284 ob
179 1225 208 1284 id
224 1227 317 1303 ipsum
336 1226 526 1304 perforatam,
543 1229 706 1302 conjectum
722 1227 767 1286 sit.
781 1225 823 1285 lbi
839 1226 925 1285 linum
942 1223 1125 1303 prehenden-

130 1310 194 1368 dum
215 1309 454 1387 vinciendumque
478 1328 541 1368 cum
563 1310 655 1369 altero
677 1312 772 1389 capite
796 1319 856 1383 est,
877 1319 907 1369 ut
928 1310 994 1368 laxe
1017 1317 1125 1386 cutem,

130 1410 204 1471 quae
230 1410 319 1471 super
344 1392 465 1452 fistulam
493 1402 552 1470 est,
579 1402 692 1453 teneat:
722 1394 808 1471 idque
835 1394 921 1452 linum
944 1410 1010 1451 esse
1036 1391 1127 1452 debet

130 1476 263 1551 crudum,
289 1486 317 1535 et
343 1475 450 1554 duplex
468 1476 630 1554 triplexve,
656 1479 699 1537 sic
725 1487 845 1551 tortum,
873 1487 903 1536 nt
924 1478 1017 1535 unitas
1045 1475 1123 1536 lacta

129 1561 175 1620 sit.
212 1559 328 1620 Interim
360 1569 453 1618 autem
489 1560 557 1620 licet
593 1563 710 1637 negotia
730 1579 851 1639 gerere,
883 1560 1046 1636 ambulare,
1078 1558 1160 1619 lat-ra

129 1643 206 1718 vari,
243 1644 337 1703 cibum
367 1662 473 1721 capere
506 1643 626 1722 perinde
661 1653 747 1722 atque
782 1646 941 1704 sanissimo.
990 1642 1123 1703 Tantum·
1183 1665 1184 1669 ¹

128 1727 263 1792 modoid
284 1729 371 1787 linum
394 1727 437 1786 bis
458 1728 521 1801 die,
545 1726 626 1786 salvo
642 1727 738 1802 nodo,
763 1728 921 1787 ducendum
942 1736 987 1786 est
1008 1728 1069 1802 sic,
1093 1735 1125 1786 nt

129 1810 230 1872 subeat
252 1811 375 1871 fistulam
397 1829 464 1889 pars
484 1828 557 1888 quae
580 1812 714 1889 superior
733 1812 794 1870 fnit.
825 1810 928 1890 Neque
947 1813 1123 1871 committen-

129 1895 194 1955 dum
215 1905 274 1969 est,
297 1904 325 1954 ut
347 1895 375 1954 id
398 1895 484 1954 linum
512 1903 672 1973 putrescat:
696 1895 748 1954 sed
770 1896 854 1955 tertio
878 1912 992 1972 quoque
1008 1895 1053 1953 die
1069 1911 1123 1954 no·

129 1979 181 2039 dus
195 1979 385 2038 resolvendus
410 1988 470 2053 est,
492 1988 521 2037 et
538 1979 573 2037 ad
590 1987 676 2056 caput
698 1979 817 2039 alterum
832 1997 937 2038 recens
952 1979 1039 2037 linum
1059 1978 1161 2038 alli-ao

128 2062 262 2139 gaudum,
275 2061 436 2140 eductoque
448 2071 558 2136 vetere,
572 2065 600 2121 id
615 2065 643 2120 in
659 2063 752 2122 listnla
770 2081 832 2121 cum
845 2063 928 2122 simili
943 2062 1020 2121 nodo
1035 2062 1124 2120 relin-

71 2144 73 2148 ’
129 2147 280 2224 quendum.
305 2147 353 2206 Sic
377 2148 451 2206 enim
474 2144 501 2204 id
526 2146 660 2222 paulatim
677 2155 785 2224 cutem,
803 2165 876 2225 qnae
894 2164 982 2223 snpra
1000 2144 1125 2205 fistulam

129 2238 190 2304 est,
211 2229 322 2311 incidit:
347 2230 487 2305 simulque
507 2238 536 2287 et
563 2229 590 2288 id
611 2232 752 2302 sanescit,
774 2230 851 2309 qnod
876 2249 891 2288 a
912 2230 970 2289 lino
990 2229 1124 2289 relictum

129 2321 187 2381 est;
206 2321 234 2371 et
250 2313 288 2386 id,
307 2313 382 2389 quod
397 2312 432 2372 ab
448 2329 483 2370 eo
501 2313 662 2389 mordetur,
679 2314 820 2373 inciditur.
853 2313 934 2373 Haec
948 2315 1022 2372 ratio
1040 2330 1124 2373 cura·

128 2396 213 2454 lionis
229 2395 332 2470 longa,
350 2397 402 2455 sed
419 2398 480 2453 sine
496 2396 598 2456 dolore
615 2407 659 2456 est
671 2397 774 2477 (Hipp.
789 2397 837 2457 De
848 2397 941 2474 fistal.
958 2397 979 2471 δ
994 2398 1042 2475 4).
1065 2397 1124 2471 Qui
1134 2416 1160 2455 aa

127 2477 280 2552 festinant,
300 2473 482 2554 adstringere
508 2489 600 2539 cutem
623 2481 681 2540 lino
703 2480 824 2555 debent,
847 2499 904 2559 qno
927 2481 1052 2540 celerius
1076 2499 1123 2539 se·

109 2569 209 2639 cent:
226 2570 370 2638 noctuque
386 2580 423 2619 ex
442 2564 578 2640 penicillo
597 2566 691 2624 tenuia
706 2565 844 2642 quaedam
868 2567 942 2623 intus
960 2565 1125 2640 demittere,

127 2653 157 2702 nt
174 2646 244 2702 cutis
260 2643 317 2703 hoc
338 2647 403 2723 ipso
419 2655 603 2723 extenuetur,
625 2666 682 2725 quo
704 2648 875 2707 extenditur.
907 2648 965 2707 Sed
982 2648 1056 2706 baec
1071 2647 1124 2707 do-

128 2727 218 2787 lolem
234 2737 358 2786 movent.
390 2729 533 2805 Adjicitur
557 2732 715 2807 celeritati,
739 2734 811 2790 sicut
832 2740 973 2790 tormento
992 2749 1124 2808 quoqne,

128 2812 153 2870 si
171 2820 200 2871 ει
215 2811 316 2888 linum,
333 2822 361 2871 et
376 2813 404 2872 id
420 2813 497 2891 qnod
515 2833 551 2872 ex
567 2815 703 2892 penicillo
719 2824 779 2889 est,
796 2815 892 2891 aliquo
911 2813 1123 2874 medicamento
1132 2829 1159 2869 ao
1198 2875 1201 2880 ,

127 2895 245 2954 illinitur
260 2914 297 2959 ex
314 2898 359 2979 lis,
373 2897 476 2974 quibus
488 2897 591 2956 callum
603 2899 688 2957 exedi
702 2901 785 2976 posui
799 2899 851 2974 (V,
865 2897 915 2975 28,
931 2897 996 2974 12).
1021 2896 1124 2958 Potest

127 2989 220 3039 tamen
236 2979 313 3057 fieri,
340 2989 369 3039 nt
397 2981 431 3040 ad
454 2981 587 3058 scalpelli
609 2984 784 3042 curationem
802 2982 886 3040 etiam
909 2981 958 3040 illo
980 2981 1049 3040 loco
1071 2999 1123 3040 ve·

127 3063 258 3122 niendum
275 3064 327 3141 sit,
344 3065 369 3123 si
390 3066 464 3123 intus
480 3064 573 3124 fistula
588 3065 658 3140 lert,
680 3067 704 3124 si
723 3065 874 3142 multiplex
895 3074 948 3123 est.
983 3063 1074 3140 Igitur
1094 3065 1124 3123 in

127 3146 200 3205 baec
217 3165 327 3222 genera
343 3147 468 3207 demisso
488 3148 628 3226 specillo,
648 3149 757 3210 duabus
779 3149 862 3208 lineis
881 3146 1032 3212 incidenda
1047 3150 1123 3206 cutis

127 3237 184 3299 εει,
202 3239 231 3288 ut
245 3230 337 3289 media
361 3233 435 3291 inter
450 3250 500 3291 eas
516 3231 659 3291 habenula
682 3234 775 3291 tennis
791 3231 942 3291 admodum
974 3231 1158 3307 eJiciatur,³⁵

125 3330 162 3371 ne
179 3315 309 3390 protinus
325 3332 393 3373 orae
408 3324 525 3383 coeant,
543 3317 636 3394 sitque
649 3316 732 3375 locus
744 3316 846 3394 aliquis
862 3314 1032 3391 linamentis,
1045 3332 1121 3392 qnae

127 3412 210 3473 qnam
224 3398 395 3474 paucissima
410 3399 741 3477 superinjiciendasnnt:
759 3400 909 3475 omniaque
920 3397 1120 3457 eodemmodo

124 3477 271 3555 iacienda,
289 3498 369 3557 ,quae
385 3482 413 3540 in
428 3480 615 3541 abscessibus
632 3484 726 3560 posita
742 3491 806 3542 sunt
825 3481 875 3560 (V,
894 3481 949 3555 28,
971 3480 1118 3562 11-12).
