2414 3924
351 633 396 720 Α.
425 642 673 721 comunem
700 599 869 723 onesi

205 814 469 897 aaaron
501 817 994 901 sinuessanus

555 989 635 1030 IDEM

367 1116 626 1184 MEDICINAE
649 1118 827 1186 PRIMUS.

522 1268 672 1278 ——-

459 1387 729 1451 PROOEMIUM.

10 1569 14 1574 q
107 1506 267 1570 Conspectus
282 1503 564 1556 historieemedicinoe.
592 1505 662 1565 Quae
674 1507 739 1556 ratio
751 1505 891 1555 medicinae
902 1506 1033 1570 potissima
1046 1510 1086 1560 sit.
1114 1534 1118 1542 ·

158 1669 197 1730 Ut
219 1670 352 1730 alimenta
373 1672 449 1733 sanis
472 1675 645 1754 corporibus
664 1673 866 1752 Agricultura,
889 1674 932 1732 sic
948 1675 1096 1733 sanitatem

93 1756 193 1832 aegris
214 1752 358 1815 Medicina
377 1759 525 1834 promittit.
557 1758 637 1818 llaec
660 1776 799 1837 nusquam
822 1756 936 1835 quidem
958 1767 1096 1817 nonest:

67 1837 238 1917 ,siquidem
254 1839 338 1898 etiarn
353 1840 584 1918 imperitissimae
599 1851 704 1919 gentes
720 1840 844 1915 herbas,
866 1839 980 1918 aliaque
1002 1856 1096 1917 prom·

92 1933 122 1982 ta
145 1923 174 1982 in
199 1922 334 1983 auxilium
353 1924 503 1985 vulnerum
534 1925 758 2004 morborumque
786 1931 936 1983 noverunt.
977 1921 1094 1983 Verum·

92 2016 190 2066 tamen
210 2007 285 2085 apud
308 2006 438 2069 Graecos
460 2010 606 2089 aliquanto
627 2011 734 2087 magis,
761 2025 845 2088 quam
871 2008 898 2064 in
922 2008 1028 2068 ceteris
1048 2026 1094 2068 na·

92 2090 237 2166 tionibus,
254 2091 370 2152 exculta
387 2103 446 2162 est;
472 2111 507 2153 ac
523 2113 560 2153 ne
579 2093 655 2172 apud
678 2093 732 2153 lros
754 2092 868 2172 quidem
890 2110 905 2151 a
928 2091 1018 2169 prima
1040 2094 1096 2152 ori-

92 2178 181 2255 gine,
200 2175 254 2235 sed
269 2177 369 2255 paucis
384 2187 450 2238 ante
467 2195 521 2238 nos
543 2173 685 2247 saeculis;
706 2186 807 2257 utpote
829 2194 914 2255 quum
935 2178 1096 2237 vetustissi-

58 2279 157 2333 10mus
179 2267 282 2320 auctor
306 2258 500 2340 Aesculapius
530 2258 707 2323 celebretur.
746 2260 817 2336 Qui,
844 2261 977 2339 quonium
1004 2262 1097 2322 adbuc

92 2344 194 2404 rudem
212 2353 241 2402 et
255 2343 404 2422 vulgarem
421 2347 495 2405 hanc
518 2348 667 2407 scientiam
691 2346 778 2424 paulo
801 2344 932 2405 subtilius
957 2347 1096 2422 excoluit,

93 2432 122 2487 in
136 2427 265 2487 Deorum
278 2446 425 2488 numerum
443 2439 582 2510 receptus
595 2440 649 2490 est.
674 2430 766 2508 liujus
779 2429 881 2490 deinde
895 2429 951 2488 duo
966 2429 1026 2505 lilii,
1041 2431 1096 2490 Po·

93 2512 212 2571 delirius
235 2522 263 2571 et
283 2512 439 2588 Machaon,
474 2514 553 2574 bello
575 2514 701 2591 Trojano
728 2515 830 2574 ducem
851 2512 1096 2591 Agamemnonem

93 2597 219 2675 sequuti,
238 2614 295 2656 non
310 2597 488 2658 mediocrem
502 2616 589 2678 opem
602 2599 843 2658 commilitonibus
858 2598 917 2655 suis
929 2599 1094 2659 attulerunt.

58 2704 82 2746 rr
94 2679 176 2754 Quos
192 2689 288 2740 tamen
301 2681 443 2741 Homerus
457 2679 538 2764 (Il),
554 2702 612 2744 non
624 2685 651 2742 in
663 2683 839 2760 pestilentia,
859 2699 954 2759 neque
968 2684 996 2741 in
1008 2684 1096 2742 variis

92 2765 251 2843 generibus
267 2766 433 2826 morborum
452 2768 560 2847 aliquid
576 2768 707 2827 attulisse
723 2765 837 2840 auxilii,
860 2765 912 2825 sed
928 2766 1097 2827 vulneribus

94 2849 289 2909 tantummodo
306 2850 385 2910 ierro
402 2861 431 2911 et
449 2851 664 2912 medicamentis
682 2850 790 2910 mederi
807 2849 908 2908 solitos
927 2868 1011 2926 esse,
1028 2867 1095 2928 pro·

10 2952 13 2960 ⁴
93 2935 200 3012 posuit.
222 2933 268 2993 Ex
281 2952 338 3013 quo
353 2947 484 3014 apparet,
498 2937 549 2996 has
564 2935 831 3013 partesmedicinae
843 2932 923 2991 solas
935 2933 1015 2994 abiis
1028 2950 1096 2993 esse

93 3027 242 3095 tractatas,
255 3036 365 3097 casque
379 3037 445 3079 esse
457 3021 676 3078 vetustissimas.
706 3016 876 3092 Eodemque
891 3025 1010 3075 auctore
1022 3016 1096 3075 disci

57 3125 82 3164 ao
93 3110 202 3180 potest,
218 3102 337 3162 morbos
347 3113 404 3162 tum
414 3103 449 3163 ad
463 3105 532 3163 iram
544 3101 671 3160 Deorum
684 3098 882 3158 immortalium
895 3098 1002 3158 relatos
1017 3115 1096 3174 esse,

92 3195 123 3246 et
133 3186 168 3246 ab
181 3187 284 3247 iisdem
297 3205 381 3266 opem
394 3191 478 3266 posci
489 3187 613 3246 solitam.
630 3184 760 3261 Verique
773 3181 864 3240 simile
877 3191 937 3255 est,
952 3184 1027 3242 inter
1036 3180 1095 3239 nul·

92 3270 120 3330 la
138 3270 243 3330 auxilia
260 3271 402 3331 adversae
418 3272 601 3345 valetudinis,
617 3269 789 3348 plerumque
805 3275 899 3325 tamen
915 3283 978 3324 eam
991 3266 1099 3325 bonam

93 3357 254 3432 contigisse
268 3356 305 3415 ob
318 3355 412 3415 bonos
424 3374 532 3431 mores,
550 3372 624 3434 quos
634 3371 730 3431 neque
742 3349 862 3424 desidia,
876 3367 969 3428 neque
985 3350 1096 3410 luxuria

94 3439 243 3498 vitiarunt:
256 3439 397 3517 siquidem
407 3441 481 3500 haec
490 3440 557 3516 duo,
573 3455 709 3517 corpora,
723 3437 802 3514 prius
811 3437 839 3494 in
849 3433 982 3511 Graecia,
992 3434 1095 3494 deinde

136 3544 233 3583 onasus
245 3545 263 3583 1.
924 3520 936 3578 1
