2414 3924
473 212 543 261 nm.
555 213 579 261 1.
595 212 673 263 oss.
683 213 721 261 11.
1051 200 1090 265 et

94 369 220 447 septimo
236 385 354 443 mense,
374 375 433 427 tum
447 368 571 446 septimo
586 384 678 444 anno,
699 376 805 447 postea
821 368 899 429 ciros
914 366 1095 447 pubertatem

74 478 78 482 -
94 451 285 532 periclitatur.
325 452 357 511 st
373 468 430 530 qua
451 453 538 512 etiam
555 469 665 529 genera
679 450 845 513 morborum
859 454 887 512 in
900 451 1036 513 inlentem
1052 453 1093 513 in·

95 534 243 611 ciderunt,
259 552 294 595 ao
313 552 408 613 neque
425 533 594 614 pubertate,
609 552 704 614 neque
719 537 819 615 primis
835 536 975 611 coitibus,
998 553 1094 615 neque

93 620 123 678 in
136 617 244 680 lomina
260 620 360 698 primis
374 620 528 679 menstruis
545 619 624 679 linita
637 629 719 695 sunt,
733 619 798 681 lere
813 619 901 698 longo
915 628 980 679 sunt
995 617 1092 700 (Apu.

68 701 152 779 snt,
168 702 244 783 28):
268 704 385 781 saepius
407 712 503 763 tamen
523 703 616 764 morbi
631 703 776 782 pueriles,
798 706 847 782 qui
862 704 968 765 diutius
981 721 1094 765 manso·
1136 712 1141 719 “

93 796 173 864 runt,
191 787 386 847 terminantur.
416 785 626 848 Adolescentia
636 787 746 848 morbis
756 788 866 864 acutis,
881 789 950 848 item
966 789 1094 849 comitis·

93 868 187 946 libus,
216 871 333 949 tabique
358 873 481 931 maxime
504 872 621 949 objecta
642 881 702 932 est:
727 871 850 950 lereque
870 874 996 949 juvenes
1017 881 1093 949 sunt,
1193 926 1197 933 .

93 956 143 1034 qui
160 956 328 1033 sanguinem
344 963 490 1035 exspuunt
504 953 599 1035 (Aple.
615 954 671 1030 Ill,
687 956 755 1035 29).
790 954 860 1016 Post
880 957 955 1017 bano
970 964 1094 1018 aetatem

93 1037 217 1099 laterum
238 1047 268 1099 et
291 1038 434 1119 pulmonis
454 1039 592 1116 dolores,
614 1039 781 1118 lethargus,
809 1040 946 1117 cholera,
974 1040 1094 1114 insonis,

57 1124 243 1202 rosonguinis
265 1140 320 1202 per
348 1124 490 1202 quaedam
515 1124 596 1184 velut
622 1141 673 1185 ora
697 1141 852 1200 venarum,
881 1121 1095 1206 αἱμοῤῥοΐὸας

93 1206 198 1269 Graeci
219 1207 386 1286 appellant,
416 1208 548 1285 prolusio
575 1204 671 1287 (Apb.
694 1205 752 1285 111,
774 1207 841 1289 30).
880 1208 912 1269 1η
931 1217 1094 1288 senectute,

93 1292 212 1370 spiritus
227 1299 257 1351 ct
273 1292 374 1351 urinae
387 1291 559 1368 dillicultas,
577 1292 723 1370 gravedo,
744 1292 930 1354 articulorum
952 1303 981 1354 et
995 1309 1095 1354 renum

92 1374 229 1451 dolores,
265 1392 419 1436 nervorum
449 1376 662 1452 resolutiones,
694 1377 785 1437 malus
812 1377 945 1456 corporis
968 1377 1094 1453 babitus,

93 1456 248 1537 καχεξίαν
275 1457 380 1520 Gracci
400 1460 565 1538 appellant,
595 1470 753 1521 nocturnae
777 1461 912 1538 vigiliae,
938 1463 1006 1522 vitia
1032 1461 1095 1523 lon·

58 1544 177 1621 regiona
192 1543 318 1619 aurium,
334 1543 500 1620 oculorum,
518 1545 603 1605 etiam
621 1546 745 1616 narium,
766 1545 985 1625 praecipueque
1001 1546 1095 1606 soluta

93 1627 193 1704 alvus,
214 1636 259 1704 et,
284 1645 358 1706 quae
374 1638 531 1707 sequuntur
548 1629 638 1705 hunc,
657 1628 795 1705 tormina,
817 1629 865 1689 vel
885 1629 1007 1689 laevitas
1022 1631 1095 1689 inte·

93 1713 251 1787 stinorum,
275 1721 433 1791 ceteraque
448 1713 558 1773 ventris
573 1712 630 1773 lusi
643 1712 717 1773 mala
734 1709 829 1791 (Apb.
842 1711 892 1788 lll,
910 1714 978 1792 31).
1008 1713 1093 1773 Prae·

93 1805 139 1856 ter
162 1795 237 1857 baec
265 1795 393 1874 graciles
420 1797 520 1873 tabes,
548 1796 747 1872 dejectiones,
773 1796 1000 1866 destillationes;
1027 1797 1095 1856 item

93 1880 239 1940 visoemm
253 1889 283 1941 et
296 1879 417 1940 laterum
433 1880 553 1941 dolores
568 1880 698 1957 fatigant.
734 1877 825 1939 Obesi
841 1880 1011 1959 plerumque
1026 1896 1093 1939 acu·

55 1965 134 2024 sotis
148 1965 273 2041 morbis,
297 1972 326 2023 et
346 1963 516 2024 difficultate
537 1964 665 2043 spirandi
686 1964 918 2041 strangulantur:
939 1964 1095 2041 subitoque

93 2049 372 2211 ffemwriunlur:
391 2049 468 2127 quod
486 2051 515 2107 in
531 2065 656 2127 corpore
671 2048 803 2143 tenuiore
821 2049 870 2108 vix
885 2049 981 2108 evenit
997 2044 1093 2128 (Apu.

129 2176 138 2208 ,
214 2176 221 2190 .

469 2300 652 2363 OAPUT
683 2301 732 2361 ΙΙ.

318 2417 354 2467 De
374 2420 440 2468 uotis
457 2420 580 2471 adversae
598 2418 751 2469 valetudinis
769 2418 878 2469 futurae,

56 2573 84 2613 cs
160 2551 235 2612 Ante
251 2553 402 2614 adversam
414 2565 510 2615 autem
523 2555 729 2631 valetudinem,
746 2563 875 2634 utsupra
888 2556 947 2618 dixi
962 2553 1011 2634 (im
1019 2572 1093 2632 pro·

95 2639 199 2716 om),
213 2639 352 2716 quaedam
364 2648 449 2700 notae
461 2643 604 2700 oriuntur:
617 2657 735 2717 quarum
747 2641 871 2698 omnium
881 2656 1031 2699 commune
1039 2646 1095 2715 est,

95 2721 180 2781 aliter
195 2739 227 2780 se
241 2738 347 2800 corpus
360 2723 485 2798 babere,
502 2734 588 2802 atque
606 2724 770 2792 consucvit;
785 2742 881 2804 neque
895 2724 923 2782 iu
934 2724 1020 2802 pejus
1035 2732 1096 2782 tan·

95 2814 170 2881 tum,
194 2805 349 2865 sedetiam
370 2808 398 2866 in
419 2807 532 2868 melius.
574 2804 656 2883 Ergo
672 2808 696 2866 si
711 2806 826 2885 plenior
841 2808 961 2886 aliquis,
984 2816 1014 2867 et
1028 2825 1095 2886 spc-

95 2891 219 2965 ciosior,
246 2898 276 2949 et
292 2891 450 2951 coloratior
473 2891 566 2951 iactus
583 2900 645 2964 est,
669 2901 807 2969 suspecta
821 2891 932 2952 babere
950 2891 1027 2952 bona
1044 2909 1095 2952 sus

57 2972 197 3042 eodebet;
214 2991 304 3052 quae,
324 2977 390 3055 quia
405 2993 500 3052 neque
516 2977 544 3035 in
565 2973 668 3033 eodem
686 2973 785 3034 habitu
801 2975 977 3051 subsistere,
1000 2993 1095 3053 neque

94 3056 170 3116 ultra
194 3059 333 3135 progredi
361 3067 498 3136 possunt,
524 3060 588 3118 lere
617 3067 714 3133 retro,
743 3061 823 3136 quasi
851 3060 931 3118 ruina
962 3057 1095 3138 quadam,

94 3141 283 3200 revolvuntur
307 3140 402 3220 (Apu.
420 3141 449 3217 l,
466 3145 512 3221 3).
551 3142 636 3217 Pejus
660 3150 754 3201 tamen
771 3144 881 3219 siguum
897 3150 957 3216 est,
981 3139 1028 3199 ubi
1043 3140 1094 3201 ali·

95 3225 159 3303 quis
175 3233 275 3283 contra
292 3226 529 3286 consuetudinem
543 3225 698 3299 emacruit,
715 3234 743 3285 et
756 3226 885 3285 colorem
897 3225 1095 3301 decoremque

93 3310 206 3368 amisit:
234 3311 367 3386 quoniam
384 3311 413 3369 in
430 3311 465 3370 iis
488 3329 562 3390 quae
579 3318 732 3387 superant,
759 3309 896 3388 estquod
913 3306 1029 3366 morbus
1044 3306 1094 3366 de·

56 3401 167 3460 esmat3
189 3393 217 3450 iu
232 3393 266 3450 iis
284 3412 357 3472 quae
374 3395 494 3471 desunt,
515 3412 573 3455 nou
594 3403 640 3453 est
659 3393 736 3472 quod
756 3394 851 3472 ipsum
865 3389 993 3451 morbum
1009 3390 1095 3451 ferat.

92 3475 216 3537 Praeter
240 3474 317 3536 baec
340 3479 472 3556 protinus
500 3479 593 3539 timeri
619 3477 722 3555 debet,
752 3479 777 3538 si
803 3477 939 3557 graviora
966 3472 1092 3536 membr·
