2414 3924
155 191 213 253 174
447 203 480 249 a.
496 201 527 251 c.
544 201 642 250 sunau
656 203 851 250 unororuun

152 359 205 420 sed
225 360 253 419 ln
270 361 355 438 copia
370 355 529 433 rejicienda
545 364 623 424 sunt;
647 357 682 416 ils
699 359 795 436 potius
811 357 961 433 adhibitis,
986 375 1060 436 quae
1076 375 1145 438 pro-

152 445 216 522 prie
237 443 265 502 id
280 442 357 523 quod
373 459 410 500 eo
425 449 556 518 tempore
571 456 645 517 opus
660 449 720 516 est,
746 450 968 520 consequuntur.
1007 441 1146 522 Exempli

152 527 481 605 causaduoproponam.
494 522 547 582 Est
555 523 640 598 igitur
647 523 683 583 ad
690 524 808 585 vulnera
815 524 941 586 Attalum
950 526 966 602 (
970 523 1145 586 nataticum?

150 645 192 657 -
204 610 242 669 ci.
256 610 317 671 Gal.
331 608 364 668 S.
378 606 442 683 (hl,
457 608 527 686 17);
548 606 624 684 quod
636 606 723 667 habet
736 626 871 687 squamae
883 612 958 669 aeris
971 608 1144 689 p.)·(.xvu.

151 696 221 754 turis
232 693 361 770 fuliginis
376 711 404 771 p.
418 692 473 770 )·(.
487 705 543 749 xv.
560 692 728 751 ammoniaci
741 692 925 770 tantumdem,
940 693 1057 754 resinae
1066 701 1166 754 tere-s

150 777 296 837 binthinae
311 775 437 855 liquidae
453 793 481 853 p.
500 775 554 854 )-(.
571 789 652 834 xxv.
669 777 731 834 sevi
746 777 846 836 taurini
862 776 1051 853 tantumdem,
1067 777 1145 836 aceti

150 862 279 921 heminas
296 870 372 935 tres,
390 859 447 917 olei
465 860 629 917 sextarium.
651 858 690 917 ht
706 859 839 934 interea,
856 878 930 938 quae
944 860 1037 919 fracto
1055 861 1144 939 capiti

152 945 417 1018 accommodantur,
440 942 547 1002 habent
567 941 680 1019 quidam
703 942 748 1017 id,
772 943 849 1021 quod
874 943 909 1002 ad
931 952 1079 1003 auctorem
1094 944 1143 1004 Ju-

151 1029 251 1089 daeum
267 1029 392 1088 refertur
408 1024 463 1103 (ci.
478 1025 596 1100 Attius,
613 1024 683 1101 XV,
700 1027 766 1105 14).
800 1024 920 1086 Constat
934 1046 972 1086 ex
985 1027 1046 1088 his:
1073 1027 1144 1086 salis

152 1130 180 1190 p.
198 1111 314 1190 )·(.1v.
338 1127 474 1189 squamae
488 1110 564 1168 aeris
578 1108 670 1185 rubri,
693 1111 769 1168 aeris
787 1110 941 1186 combusti,
963 1110 1144 1186 singulorum
1153 1139 1175 1179 10

151 1215 179 1274 p.
196 1195 329 1273 )·(.x11.
352 1193 520 1254 ammoniaci
541 1190 746 1267 thymiamatis,
776 1196 845 1252 turis
860 1193 1004 1270 fuliginis,
1026 1195 1143 1254 resinae

152 1276 263 1352 aridae,
286 1277 464 1354 singulorum
482 1294 509 1353 p.
526 1275 582 1353 )·(.
599 1289 668 1334 xvr.
690 1279 804 1337 resinae
821 1276 1066 1354 colophoniacae,
1094 1297 1142 1337 ce·

151 1378 218 1434 rae,
243 1362 305 1418 sevi
317 1360 427 1419 vitulini
440 1359 545 1433 curati,
566 1359 744 1435 singulorum
759 1379 787 1438 p.
798 1361 851 1440 )·(.
864 1374 921 1419 xx.
938 1362 1012 1420 aceti
1030 1363 1142 1440 sesqui-

152 1442 283 1518 cyathus,
297 1444 354 1503 olei
370 1446 460 1502 minus
478 1440 591 1516 cyatho.
634 1441 737 1503 Curata
752 1452 872 1519 vocant,
897 1462 981 1521 quum
1000 1463 1037 1503 ex
1056 1462 1141 1520 sevo,

151 1535 234 1605 puta,
253 1545 352 1586 omnes
366 1525 579 1586 membranulae
598 1526 752 1603 diligenter
768 1537 920 1606 exemptae
937 1536 1010 1586 sunt.
1149 1547 1172 1587 rs

212 1610 260 1668 12.
288 1612 359 1670 Sunt
382 1611 465 1669 etiam
487 1608 625 1687 quaedam
641 1610 794 1688 emplastra
812 1611 919 1670 nobilia
938 1611 973 1670 ad
989 1612 1146 1672 extrahen-

151 1694 232 1770 dum,
247 1713 321 1772 quae
335 1696 400 1772 ipsa
411 1710 526 1771 quoque
543 1686 760 1754 ἐπισπαστικά
770 1695 948 1753 nominantur
963 1693 1041 1772 (sal.
1057 1693 1092 1755 S.
1104 1695 1140 1754 G.

150 1778 205 1853 Vl,
223 1780 293 1858 13):
317 1778 402 1855 quale
418 1775 569 1855 estquod,
586 1778 651 1854 quia
665 1777 736 1836 lauri
751 1778 857 1838 baccas
868 1777 973 1853 babet,
989 1768 1045 1838 διὰ
1059 1775 1141 1858 bap

149 1859 255 1922 νίδων
269 1861 442 1940 appellatur.
467 1859 498 1919 ln
510 1877 546 1919 eo
563 1869 621 1936 est,
638 1863 753 1920 resinae
765 1861 973 1921 terebinthinae
989 1880 1017 1939 p.
1033 1861 1090 1941 )·(.
1106 1876 1141 1922 x.

150 1947 230 2020 nitri,
253 1963 356 2021 cerae,
381 1945 455 2022 picis
478 1943 593 2019 aridae,
622 1944 774 2004 baccarum
797 1945 882 2021 lauri,
910 1945 1089 2021 singulorum
1112 1964 1170 2025 pao

150 2030 204 2108 )·(.
220 2043 277 2088 xx.
296 2029 353 2087 olei
372 2028 496 2106 paulum.
535 2028 656 2101 Quoties
672 2038 719 2088 aut
733 2029 868 2104 baccam,
891 2037 938 2087 aut
953 2046 1071 2105 nucem,
1094 2038 1141 2090 aut

151 2112 242 2171 simile
264 2111 372 2189 aliquid
394 2129 540 2188 posuero,
569 2115 645 2171 scire
668 2112 829 2190 oportebit,
857 2121 1009 2189 antequam
1030 2130 1140 2190 expen-

150 2194 245 2271 datur,
271 2196 298 2254 ei
315 2212 449 2254 summam
465 2194 629 2273 pelliculam
648 2215 714 2255 esse
730 2196 907 2255 demendam.

214 2279 261 2339 13.
289 2277 375 2337 Aliud
395 2279 499 2338 codem
520 2280 649 2355 nomine,
677 2280 754 2359 quod
775 2283 837 2358 puri
858 2297 974 2358 quoque
995 2281 1140 2340 movendo

150 2371 203 2420 est.
249 2362 318 2420 Sevi
343 2362 467 2439 vitulini,
495 2364 662 2422 ammoniaci
689 2362 894 2437 thymiamatis,
924 2364 1011 2440 picis,
1040 2381 1173 2440 cerae,rs

148 2445 229 2519 nitri,
245 2444 398 2504 baccarum
415 2446 504 2523 lauri,
520 2448 634 2506 resinae
646 2445 756 2522 aridae,
775 2445 995 2522 aristolochiae,
1012 2447 1142 2523 pyrethri

148 2546 236 2605 pares
255 2531 414 2606 portiones.

212 2612 259 2670 14.
289 2611 407 2671 Praeter
431 2613 504 2673 haec
528 2622 572 2671 est
587 2612 772 2681 Philocratis;
798 2614 873 2691 quod
894 2613 980 2672 habet
995 2612 1063 2672 salis
1084 2631 1141 2673 am·

147 2695 269 2755 moniaci
288 2714 316 2773 p.
330 2697 385 2776 )·(.
401 2710 460 2756 vn.
478 2694 683 2755 aristolochiae
700 2713 727 2772 p.
742 2698 797 2775 )·(.
812 2710 884 2756 vnr.
902 2715 1005 2772 cerae,
1024 2698 1141 2758 resinae

148 2778 371 2854 terebinthinae,
386 2780 513 2855 loliginis
530 2779 616 2853 turis,
633 2779 808 2854 singulorum
826 2799 853 2858 p.
870 2781 926 2859 )-(.
945 2794 1000 2838 xv.
1018 2797 1139 2857 spumae
1149 2805 1174 2846 aa

148 2865 259 2939 argenti
276 2882 303 2941 p.
322 2864 377 2941 )·(.
395 2875 507 2922 xxxn.
531 2860 649 2937 Quibus,
665 2872 695 2921 ut
707 2881 760 2940 pus
773 2882 887 2942 quoque
901 2872 1043 2939 moveant,
1059 2864 1141 2922 iridis

149 2966 176 3026 p.
193 2948 248 3025 )·(.
265 2961 309 3006 1v.
327 2956 356 3005 et
370 2946 486 3022 galbani
504 2963 533 3022 p.
551 2945 606 3022 )·(.
622 2959 668 3005 vl.
684 2947 862 3022 adjiciuntur.

212 3032 259 3091 15.
297 3029 440 3108 Optimum
461 3037 555 3088 tamen
583 3029 616 3088 ad
642 3031 847 3091 extrahendum
875 3041 919 3091 est
945 3031 988 3104 id,
1019 3031 1099 3107 quod
1124 3048 1140 3089 a

147 3115 329 3173 similitudine
350 3113 475 3173 sordium
495 3108 647 3192 ῥυπῶὃες
664 3113 767 3175 Graeci
781 3115 929 3193 appellant
952 3113 1031 3191 (Gal.
1049 3112 1084 3176 S.
1102 3114 1138 3174 G.

146 3195 187 3272 ll,
206 3199 249 3276 1).
271 3197 366 3257 Habet
377 3197 527 3274 myrrhae,
545 3201 639 3276 croci,
658 3200 753 3275 iridis,
769 3199 912 3278 propolis,
929 3198 1038 3273 bdellii,
1058 3200 1175 3276 capi-ns

77 3297 81 3304 ·
146 3279 269 3340 tulorum
292 3283 389 3360 punici
409 3282 492 3356 mali,
513 3283 643 3342 aluminis
664 3293 692 3342 et
712 3283 832 3343 scissilis
855 3290 883 3340 et
903 3282 1032 3356 rotundi,
1053 3283 1140 3359 misy,

148 3361 323 3442 chalcitidis,
339 3367 488 3425 atramenti
506 3367 605 3425 sutorii
622 3367 716 3440 cocti,
734 3367 929 3443 opopanacis,
946 3365 1015 3424 salis
1031 3383 1139 3425 ammo-

146 3445 235 3523 niaci,
270 3450 357 3526 visci,
393 3449 571 3525 singulorum
597 3466 626 3527 p.
651 3449 773 3526 )·(.1v.
801 3448 1001 3507 aristolochiae
1027 3467 1056 3526 p.
1078 3449 1139 3529 )·(.
