2416 3936
119 165 163 229 24
368 177 417 225 nn
439 175 503 223 nm
525 176 659 223 uarum
682 174 758 223 oar.
775 175 847 223 xrv.

122 317 205 381 caelo
222 334 338 377 summo
355 315 393 376 ad
409 314 502 377 solem
518 315 661 375 diastema
686 331 751 375 esse
766 314 813 375 dia
822 321 987 385 ‘tessarou,
1011 315 1102 378 idest

123 404 252 464 duorum
267 410 409 462 tonorum
431 408 461 460 et
476 398 593 470 dimidi,
617 399 654 460 ad
669 404 768 460 terrae
783 405 883 460 autem
897 401 1103 462 summitatem

123 487 160 549 ab
185 485 289 548 eodem
310 484 393 546 caelo
414 493 502 545 tonos
523 501 590 545 esse
609 501 676 559 sex,
707 483 863 561 inquibus
882 484 923 544 sit
943 484 1104 565 diapason

125 571 311 652 symphonia.
340 576 496 647 praeterea
511 566 603 629 multa
618 584 694 644 quae
709 569 816 629 musici
830 575 963 629 tractant
977 569 1017 630 ad
1034 569 1103 631 alias

124 653 239 716 rettulit
253 652 353 715 stelles
368 660 399 713 et
411 653 493 713 hunc
514 669 632 713 omnem
647 652 793 713 mundum
816 655 1017 714 enarmonion
1039 672 1103 717 esse
1118 663 1132 713 t

125 738 264 800 ostendit.
296 755 389 817 qnare
404 736 550 816 Dorylaus
564 737 685 815 scripsit
706 754 771 797 esse
786 736 931 798 mundum
955 756 1105 817 organum

126 824 189 885 dei:
224 822 272 882 alii
294 822 473 883 addiderunt
495 839 560 883 esse
587 820 617 881 id
640 818 859 899 ἑπτάχορδον.
890 820 962 900 quia
987 830 1104 902 septem

93 909 186 970 osint
206 923 298 985 vagae
318 905 438 974 stellae,
469 923 545 984 quae
567 904 728 983 plurimum
750 913 936 967 moveantur.
982 908 1038 968 sed
1061 908 1105 968 bis

127 990 266 1052 omnibus
288 990 434 1052 subtiliter
455 989 617 1052 tractandis
637 989 686 1051 bic
706 988 790 1051 locus
809 1007 872 1050 non
893 999 956 1060 est;
982 993 1106 1069 quaesi

127 1073 232 1136 vellem
253 1076 284 1135 in
306 1092 399 1135 unum
421 1073 531 1136 librum
553 1074 711 1152 separatim
738 1091 917 1151 congerere,
947 1082 1055 1149 tamen
1075 1076 1105 1137 in
1121 1085 1146 1134 tt

128 1160 270 1236 angustiis
284 1177 435 1221 versarer:
460 1160 531 1239 quin
545 1159 661 1236 potius,
685 1160 823 1238 quoniam
838 1177 886 1219 me
901 1158 1023 1237 longius
1039 1160 1105 1222 dul-

128 1244 201 1303 cedo
216 1244 347 1304 musicae
360 1243 498 1315 abduxit,
513 1243 550 1303 ad
566 1244 750 1322 propositum
764 1250 909 1305 revertor.

75 1335 111 1391 14
189 1325 283 1402 Igitur
299 1328 437 1405 expositis
451 1329 488 1388 iis
503 1345 579 1406 quae
594 1335 663 1387 ante
678 1327 757 1388 diem
772 1327 901 1390 natalem
916 1335 1001 1400 suut,
1023 1346 1107 1390 nunc

126 1416 160 1470 ut
181 1408 398 1472 climactericoe
415 1412 487 1471 anni
501 1418 675 1482 noscantur,
697 1411 768 1491 quid
783 1411 820 1472 de
835 1411 979 1491 gradibus
1000 1415 1107 1475 aetatis

94 1509 110 1555 2
129 1495 277 1557 humanae
291 1513 412 1557 sensum
426 1497 466 1557 sit
480 1495 586 1556 dicam.
615 1495 710 1557 Varro
726 1497 856 1576 quinque
871 1496 984 1575 gradus
999 1500 1107 1559 aetatis
1123 1507 1149 1556 15

129 1579 324 1658 aequabiliter
350 1588 434 1658 putat
460 1597 525 1643 esse
544 1580 668 1651 divisos,
698 1598 792 1641 unum
818 1598 968 1659 quemque
990 1581 1107 1644 scilicet

128 1671 249 1742 praeter
272 1670 437 1726 extremum
452 1666 484 1725 in
499 1680 593 1727 annos
608 1677 665 1725 xv.
701 1667 804 1743 itaque
818 1666 915 1743 primo
934 1666 1033 1743 gradu
1056 1686 1105 1729 us-

129 1768 188 1828 quc
209 1767 319 1810 annum
336 1762 384 1809 xv
407 1767 519 1828 pueros
534 1748 644 1819 dictos,
671 1749 751 1827 quod
765 1750 825 1809 sint
838 1751 923 1828 puri,
949 1749 982 1810 id
999 1759 1046 1812 est
1060 1753 1105 1813 in·

129 1832 235 1911 pubes.
266 1832 398 1894 secundo
413 1834 450 1895 ad
468 1834 671 1894 tricensimum
692 1850 802 1894 annum
818 1832 1042 1906 adulescentes,
1067 1835 1104 1897 ab

130 1916 289 1979 alescendo
306 1919 348 1978 sic
363 1919 541 1980 nominatos.
572 1918 707 1979 intortio
724 1917 815 1995 gradu
833 1918 884 1996 qui
904 1927 992 1979 erant
1007 1938 1105 2000 usquo
1120 1930 1148 1979 2⁰

131 2003 262 2080 quinque
278 2010 307 2062 et
322 2002 516 2081 quadraginta
533 2019 642 2072 annos,
662 2002 776 2062 iuvenis
791 2001 954 2081 appellatos
969 2022 1008 2064 eo
1024 2005 1106 2082 quod

129 2104 194 2146 rem
210 2085 360 2163 publicam
376 2087 405 2146 in
422 2105 456 2148 re
471 2086 590 2148 militari
604 2093 726 2164 possent
741 2088 850 2148 iurare.
880 2089 911 2146 in
927 2097 1037 2165 quarto
1053 2107 1106 2150 au·

131 2179 191 2231 tem
221 2170 353 2249 adusque
379 2173 616 2250 sexagensimum
646 2188 757 2233 annum
786 2173 920 2232 seniores
947 2174 1104 2242 vocitatos,

132 2254 211 2333 quod
233 2263 304 2316 tunc
324 2257 456 2334 primum
477 2272 633 2317 senescere
654 2273 764 2333 corpus
784 2257 937 2334 inciperet.
966 2258 1039 2319 inde
1055 2277 1106 2320 us·

132 2357 189 2416 que
210 2340 298 2400 finem
315 2342 392 2400 vitae
413 2341 500 2400 unius
521 2340 662 2420 cuiusque
678 2341 814 2418 quintum
833 2341 959 2420 gradum
979 2340 1149 2412 factumst

131 2524 334 2533 -----—

200 2642 223 2688 1.
241 2636 428 2690 oraressnnou
446 2642 508 2705 DV,
527 2640 572 2693 διὰ
583 2641 726 2704 τεαάρων
742 2646 814 2708 culpo
883 2646 908 2697 2.
925 2641 1105 2697 ormrbrarea·

130 2721 183 2756 sae
202 2707 240 2769 D,
264 2705 482 2760 dimidiiaterrae
505 2711 535 2769 d,
564 2708 786 2761 dimidii·terrae
814 2712 840 2760 V
907 2723 1104 2764 summiserem

129 2776 167 2834 D,
191 2775 350 2827 summitate
368 2777 386 2827 d
394 2777 420 2826 V
487 2780 511 2828 3.
536 2774 569 2827 ab
588 2774 682 2827 eobem
700 2778 726 2827 D
794 2776 926 2842 btnpasou
945 2780 983 2840 D,
1003 2779 1104 2846 diapa-

131 2858 182 2894 san
204 2843 232 2893 V
246 2841 326 2906 (corr.
343 2861 375 2895 m.
386 2844 422 2908 2),
440 2842 486 2895 διὰ
503 2845 602 2895 noctur
618 2847 691 2910 culpo
760 2848 786 2899 4.
805 2857 902 2896 munna
922 2861 953 2911 q,
971 2847 996 2895 D
1068 2849 1104 2898 nd

132 2910 203 2960 alias
221 2927 267 2963 om.
290 2912 317 2962 V
383 2915 408 2964 5.
427 2925 547 2962 aerum
564 2911 631 2976 DV,
649 2928 720 2966 corr.
738 2914 757 2962 d
824 2928 991 2964 enarmonion
1009 2912 1103 2975 (encr-

130 2978 205 3029 moni
223 2980 242 3028 d
257 2978 360 3044 iuras.)
378 2981 403 3029 D
471 2981 495 3028 6.
513 2979 636 3030 doulam
659 2980 687 3029 V
751 2982 775 3031 7.
794 2979 823 3030 id
841 2979 1019 3044 ἑπτάχορδον
1038 2982 1102 3033 Sco·

130 3048 206 3109 liper,
226 3044 301 3098 rbesr
319 3061 462 3098 naxoraors
480 3048 514 3110 D,
532 3046 561 3096 id
580 3051 623 3098 est
639 3054 781 3113 tsxcpson
802 3048 829 3098 V
878 3048 954 3114 quia]
973 3050 1022 3113 qui
1045 3051 1072 3099 V

132 3115 172 3163 12.
191 3128 327 3166 musicas*
344 3116 369 3164 D
438 3117 479 3166 13.
498 3115 543 3166 his
564 3114 591 3164 V
658 3113 715 3180 ipD
784 3117 829 3167 14.
846 3118 1103 3179 ontmccreruoall,

131 3179 315 3233 climacterici
332 3183 470 3249 dVoulpo
540 3185 582 3236 17.
599 3198 687 3249 usque
705 3183 742 3234 ad
758 3186 831 3250 culpo
901 3187 942 3234 19.
962 3183 1103 3236 secuubus

131 3248 169 3312 D,
188 3248 327 3300 secundos
348 3250 377 3301 V
439 3251 610 3301 tricesimum
632 3251 661 3302 V
724 3253 766 3303 20.
786 3251 962 3303 enneaceubo
980 3251 1039 3301 DV

38 3323 41 3330 ·
133 3330 203 3366 eaor
226 3315 284 3365 DV
359 3319 402 3368 21.
424 3319 541 3370 iuuenes
567 3318 595 3368 V
660 3333 838 3386 appensurus
861 3322 886 3371 D
954 3321 996 3370 23.
1021 3317 1102 3370 abus·

131 3397 184 3447 que
202 3403 234 3436 *r
252 3382 346 3442 (erneis
364 3383 408 3449 sb)
426 3387 465 3446 D,
483 3401 572 3451 usque
592 3385 627 3437 sul
649 3387 678 3438 V
731 3399 943 3454 sexecmsrmum
961 3388 1000 3451 D,
1023 3401 1104 3438 sexa·

131 3450 239 3512 genimis
261 3453 287 3503 V
354 3455 395 3504 24.
414 3461 526 3519 ructptat
545 3453 586 3517 (at
604 3457 623 3505 d
638 3452 743 3522 iuras.)
762 3457 794 3517 D,
813 3456 933 3522 incipiat
953 3455 982 3505 V
994 3458 1068 3520 aulpo
