2414 3924
129 219 191 285 328
410 205 813 278 s.'c.cnnsrusn1c1rrsrs
881 298 884 303 .

129 396 262 449 rescuut:
294 384 418 463 ideoque
434 402 491 445 nnn
515 385 590 459 ossi,
610 383 662 443 sed
682 387 761 444 carni
780 385 871 462 magis
894 384 1039 446 radicibus
1057 389 1118 448 suis

18 497 22 503 ·
129 473 288 532 inhaerent.

192 554 238 615 Ac
263 551 431 630 superiores
459 551 574 628 quidem
592 560 689 628 partes
713 551 755 610 sic
776 551 925 612 ordinatae
949 562 1022 614 suut.
1057 553 1119 614 lma

130 655 202 701 vero
217 636 301 716 spina
321 635 350 694 in
367 651 503 694 coxarum
528 652 597 695 osse
612 634 729 703 desidit;
753 634 829 713 quod
843 645 1039 697 transversum
1055 637 1119 697 lon·

74 756 77 761 ·
130 740 228 802 geque
251 719 493 792 valentissimum,
515 717 646 795 vulvam,
670 718 806 797 vesicam,
823 727 933 790 rectum
951 722 1143 786 intestinums

130 816 233 868 tuetur.
268 802 358 881 ldque
374 801 410 860 ab
433 802 580 860 exteriore
603 810 685 880 parte
700 801 832 879 gibbum
854 802 890 862 ad
911 805 1022 883 spinam
1036 824 1119 866 resu-

131 892 273 970 pinatum;
289 905 306 946 a
323 884 477 960 lateribus,
504 884 533 944 id
554 892 598 944 est
614 886 643 944 in
665 887 737 963 ipsis
753 887 851 963 coxis,
875 889 953 947 sinus
976 889 1119 949 rotundos

131 973 228 1035 habet.
256 970 282 1029 Α
299 968 402 1046 quibus
419 968 568 1044 orituros,
586 968 663 1047 quod
678 971 821 1046 pectinem
835 979 954 1040 vocant3
969 971 1057 1051 idque
1072 992 1119 1032 su·

132 1076 185 1139 per
201 1054 334 1114 intestina
351 1051 404 1112 sub
423 1051 500 1131 pube
517 1061 722 1128 transversum,
737 1062 868 1114 ventrem
886 1055 992 1117 firmat:
1009 1056 1120 1116 rectius

131 1143 161 1202 iu
177 1141 257 1212 viris,
272 1145 454 1196 recurvatum
468 1136 561 1212 magis
575 1136 757 1197 inexteriora
773 1139 801 1197 in
817 1138 941 1214 lerninis,
956 1157 993 1198 ne
1005 1149 1119 1217 parturn
1132 1159 1154 1199 rc

87 1274 89 1279 .
132 1221 294 1304 prohibeat.
322 1218 392 1302 lndo
407 1219 513 1278 femina
527 1217 688 1296 ordiuntur,
705 1238 825 1299 quorum
841 1222 935 1299 capita
953 1221 1120 1282 rotundiora

132 1306 217 1368 etiarn
231 1322 315 1381 quam
330 1303 510 1362 humerorum
526 1311 605 1371 sunt:
627 1321 710 1382 quum
725 1304 774 1364 illa
790 1323 828 1364 ex
844 1306 950 1364 ceteris
976 1306 1119 1366 rotundis·

132 1392 203 1452 sima
228 1389 292 1448 sint.
328 1386 406 1447 Infra
432 1401 503 1446 vero
525 1385 597 1447 duos
618 1404 776 1465 processus
797 1406 812 1448 a
830 1390 928 1467 priore
945 1398 1003 1448 eta
1019 1399 1119 1467 poste·

132 1475 210 1534 riorc
233 1479 317 1551 parte
332 1470 448 1530 hubent.
478 1467 553 1528 Dein
572 1468 640 1529 dura
655 1479 684 1529 et
696 1470 856 1531 medullosa
872 1481 900 1530 ct
915 1471 952 1532 ab
969 1474 1119 1533 exteriore

133 1566 215 1637 parte
239 1554 346 1632 gibba,
370 1571 469 1613 rursus
491 1552 527 1612 ab
542 1553 728 1614 inferioribus
746 1571 862 1634 quoque
888 1555 1030 1634 capitibus
1045 1557 1118 1616 intu·
1131 1578 1154 1617 ra

132 1648 271 1702 mescunt.
300 1637 458 1715 Superiora
473 1637 501 1695 in
514 1638 593 1695 sinus
608 1653 711 1713 coxae,
727 1640 802 1697 sicut
817 1638 926 1699 humeri
941 1639 970 1698 in
986 1657 1021 1699 ea
1039 1657 1120 1716 ossa,

133 1743 206 1805 quae
221 1722 402 1800 scapularum
416 1729 497 1796 sunt,
515 1720 719 1795 conjiciuntur:
743 1731 802 1782 tum
825 1723 899 1783 inira
921 1724 1063 1783 introrsus
1078 1724 1120 1782 le·

133 1810 207 1869 niter
217 1806 350 1882 tendunt,
379 1822 436 1883 quo
463 1804 612 1882 aequalius
634 1808 786 1883 superiora
806 1806 935 1866 membra
950 1809 1120 1867 sustineant.

134 1892 230 1970 Atque
249 1890 386 1950 inferiora
402 1905 517 1968 quoque
533 1889 626 1966 capita
642 1888 735 1948 media
752 1889 914 1967 sinuantur,
932 1908 988 1969 quo
1005 1889 1120 1950 facilius

133 1976 229 2054 excipi
245 1978 271 2034 'a
295 1971 426 2033 cruribus
450 1973 573 2050 possint.
605 1974 686 2047 Quae
709 1974 894 2032 commissura
924 1991 992 2033 osse
1015 1991 1120 2051 parvo,
1130 1999 1156 2040 20

132 2057 445 2135 molli,*cartilaginoso
474 2057 595 2132 tegitur:
624 2056 759 2135 patellam
782 2066 898 2117 vocant.
928 2057 1009 2118 llaec
1033 2075 1124 2135 super

133 2146 273 2217 innatans,
289 2159 384 2218 neque
400 2140 450 2200 ulli
466 2141 526 2199 ossi
542 2139 709 2217 inhaerens,
731 2139 784 2200 sed
802 2158 888 2201 carne
908 2150 937 2200 et
959 2143 1055 2200 nervis
1072 2140 1121 2201 de-

133 2227 234 2305 ligata,
251 2225 396 2304 pauloque
412 2225 504 2300 magis
517 2222 553 2283 ad
568 2224 689 2284 femoris
711 2242 745 2284 os
766 2223 897 2300 tendens,
924 2226 998 2284 inter
1019 2242 1122 2284 omnes

100 2361 102 2366 .
134 2328 246 2371 crurum
266 2309 359 2368 flexus
375 2309 537 2382 juncturam
561 2316 664 2367 tuetur.
698 2307 795 2385 Ipsum
820 2318 913 2368 autem
939 2326 1004 2368 crus
1022 2317 1067 2367 est
1085 2326 1123 2367 ex

134 2391 249 2453 ossibus
266 2391 387 2451 duobus.
413 2389 526 2449 Etenim
546 2410 599 2468 per
613 2393 707 2452 omnia
722 2392 815 2451 lemur
829 2391 960 2469 humero,
976 2411 1043 2451 crus
1054 2391 1120 2451 bra·
1131 2417 1157 2458 rs

134 2475 199 2535 chio
216 2475 308 2533 simile
325 2484 384 2533 est:
405 2473 479 2533 adeo
497 2483 525 2532 ut
543 2475 655 2535 habitus
673 2493 788 2555 quoque
805 2485 834 2535 et
844 2476 934 2536 decor
949 2476 1068 2536 alterius
1082 2493 1121 2535 ex

133 2557 225 2618 altero
236 2566 447 2634 cognoscatur:
464 2558 540 2634 quod
556 2558 590 2618 ab
604 2559 719 2618 ossibus
732 2559 883 2637 incipiens,
896 2560 1017 2620 etiamin
1032 2576 1121 2619 carne

132 2640 299 2717 respondet.
332 2642 439 2701 Verum
455 2641 575 2700 alterum
590 2660 623 2702 os
640 2642 675 2701 ab
695 2643 841 2702 exteriore
864 2653 946 2722 parte
966 2659 1051 2701 surae
1067 2660 1120 2720 po·

132 2726 217 2787 situm
234 2734 292 2792 cst;
318 2724 394 2804 quod
414 2726 507 2803 ipsum
526 2743 641 2804 quoquc
657 2745 722 2785 sura
738 2728 906 2786 nominatur.
939 2725 971 2786 ld
989 2725 1119 2799 brevius,

132 2828 278 2889 supraque
307 2810 435 2885 tenuius,
473 2808 507 2868 ad
534 2810 615 2886 ipsos
640 2809 715 2869 talos
747 2811 919 2879 intumescit.
949 2809 1080 2869 Alterum
1104 2827 1155 2871 aso

132 2895 231 2975 priore
249 2903 330 2972 parte
346 2895 480 2972 positum,
499 2893 544 2950 cui
558 2892 646 2952 tibiae
662 2911 766 2952 nornen
787 2903 846 2970 est,
859 2893 1012 2970 longiuset
1028 2894 1058 2952 in
1073 2911 1119 2950 su·

132 2979 249 3059 periore
269 2987 351 3056 parte
378 2977 506 3055 plenius,
528 2976 621 3036 solum
644 2995 705 3035 cum
721 2977 841 3036 femoris
861 2977 1001 3036 inferiore
1022 2977 1119 3055 capite

133 3063 329 3130 committitur;
357 3063 430 3120 sicut
453 3077 515 3118 cum
535 3059 653 3120 humero
676 3060 796 3120 cubitus.
835 3060 931 3138 Atque
949 3079 984 3119 ea
1001 3077 1119 3138 qnoque

132 3162 215 3225 ossa,
232 3146 306 3205 inira
321 3162 465 3223 supraque
489 3144 655 3219 conjuncta,
676 3144 786 3221 media,
802 3152 832 3203 ut
848 3145 877 3202 in
891 3142 1021 3218 brachio,
1039 3143 1118 3203 delri-

133 3238 224 3290 scunt.
262 3229 415 3306 Excipitur
433 3236 526 3286 autem
543 3246 609 3286 crus
626 3227 698 3288 infra
714 3247 783 3288 osse
797 3238 965 3288 transverso
979 3225 1116 3296 tnlorum;
1127 3248 1153 3288 ss

132 3313 220 3392 idque
237 3315 330 3391 ipsum
346 3329 435 3389 snper
451 3327 484 3369 os
502 3310 591 3369 calcis
607 3311 689 3370 situm
705 3321 766 3387 est,
789 3310 866 3390 quod
889 3310 1010 3388 quadam
1035 3319 1118 3388 parte

18 3434 20 3439 -
125 3399 287 3474 sinuatum,
303 3395 423 3475 quadan
441 3411 581 3456 excessus
596 3393 723 3472 habeus,
749 3405 777 3455 et
792 3395 982 3474 procedentia
1003 3413 1041 3454 ex
1059 3393 1117 3454 talo

131 3480 252 3558 recipit,
278 3489 306 3538 et
327 3480 354 3537 in
376 3479 467 3536 sinum
483 3478 548 3552 ejus
564 3477 707 3537 inseritur.
739 3477 829 3558 ldque
850 3479 912 3540 sine
926 3477 1051 3538 medulla
1068 3477 1118 3537 du·
